1992 3317
177 168 208 210 DE
223 166 354 239 mlffllolti
370 166 497 211 entscrrro
514 168 788 217 muneratorium.
870 172 883 218 3

105 248 234 299 Sulcum
241 253 285 315 est,
294 250 357 313 quud
366 250 509 313 Augustinus
516 250 541 301 in
548 252 568 301 l.
576 254 756 305 Retrurtutiorr.
766 258 826 320 (cap.
834 256 858 321 t)
874 272 881 307 ι

79 318 152 371 «Non
165 320 264 386 approbo
275 321 338 385 quod
348 320 485 374 lucratione
496 321 555 387 dixi;
564 322 633 376 liol.
647 322 754 392 Sotilcq.
768 326 827 393 (cap.
843 328 881 392 2):

78 391 148 457 Deus,
164 392 204 457 qui
225 406 272 444 nou
290 393 337 444 nisi
352 394 451 445 mundus
465 407 546 445 uenum
559 396 616 447 seire
630 396 737 461 voluisti;
751 399 883 464 responderi

78 462 135 513 enim
146 468 239 528 petest,
254 464 339 516 multos
348 464 419 517 eliam
429 478 478 517 non
486 468 583 517 mundos
592 468 662 517 multa
671 468 729 520 scire
738 482 824 520 vcra.»
838 470 882 521 Sed

79 536 221 599 pergratiam
230 538 301 589 homo
309 538 525 602 murrtluselllcitur,¹
537 538 660 591 secundum
670 540 725 591 illud
740 541 834 591 Prutm.
845 542 880 592 L:

80 623 93 655 u
106 607 148 659 [or
157 610 268 672 muudum
283 622 337 659 crea
349 609 375 659 in
392 623 444 673 me,
459 611 535 675 ileos,
547 613 570 661 ει
583 610 687 675 spiritum
699 617 786 663 rectum
797 612 883 664 innova

80 677 102 727 in
114 678 242 731 uisceribus
256 680 325 731 meis.
343 698 358 729 n
375 682 437 745 Ergo
451 681 502 733 siue
514 680 586 745 mutia
600 686 676 747 potest
688 684 757 735 humo
768 697 810 749 per
821 684 882 749 seip-

6 748 8 787 ³
78 763 126 801 sum
136 752 255 805 venialem
270 766 419 817 cognoscere.

6 850 8 875 a
108 824 267 889 (cormesio.
277 824 376 875 -Cirm
384 825 456 876 homo
468 825 601 877 'naturaliter
610 828 641 877 sit
651 826 767 878 rationefis
780 831 804 878 et
814 827 896 881 intel.

6 922 8 955 :
76 895 173 945 leonatis
185 900 291 958 naturae,
305 909 360 947 eum
372 908 465 960 quoque
477 898 592 948 naturales
602 898 725 961 remotes,
739 898 824 963 absque
840 914 880 962 suf

78 968 209 1029 pemumrali
228 968 290 1019 dono
305 966 545 1031 promereremur
557 982 626 1033 posse
640 970 753 1032 mustei.)

110 1039 238 1104 Respondeo
257 1040 395 1100 dicendum,
406 1038 467 1105 quod
489 1052 626 1103 cognoscere
638 1040 757 1092 veritatem
774 1046 811 1093 εει
823 1057 879 1095 usus

77 1109 176 1173 puidam,
190 1110 230 1162 uel
242 1112 309 1161 actus
319 1110 481 1161 intellectualis
493 1110 600 1175 luminis;
615 1112 669 1176 quia
681 1112 808 1163 secuudum
820 1116 882 1179 Apo·

77 1182 163 1245 stolum,
177 1183 214 1233 ud
223 1184 328 1247 reptes..
340 1183 369 1245 V,
383 1194 477 1233 rumne
487 1184 546 1247 quod
557 1182 716 1236 manifestatur
724 1184 802 1235 lumen
810 1190 878 1237 est.»

75 1254 212 1307 t'susautem
219 1254 452 1321 quilibctqueurdam
458 1255 736 1322 motumimportat,large
745 1256 879 1321 accipiendo

75 1330 157 1377 ruotmn
166 1327 295 1379 secunffim
304 1326 366 1391 quod
376 1323 521 1391 inlelligere
531 1331 555 1378 et
566 1325 629 1377 uelle
641 1331 717 1384 motus
724 1329 817 1393 quidam
827 1343 879 1381 esse

75 1398 183 1464 dicuntur,
193 1398 519 1465 utpatetperPhilosuphum
529 1399 877 1467 inilllteauimupertwt.

75 1470 266 1523 l'idemusautem
277 1470 482 1535 incorporalibus,
491 1470 589 1533 quodad
598 1475 683 1524 motum
698 1486 745 1524 non
754 1470 827 1523 solium
839 1486 876 1524 re-

6 1582 7 1604 ,
80 1543 164 1603 quiritur
181 1542 235 1608 ipsa
252 1542 340 1605 torma,
353 1554 405 1605 quae
420 1545 456 1591 εει
469 1540 606 1605 principium
621 1546 696 1593 motus
715 1544 752 1595 vel
767 1545 878 1608 actionis,

75 1616 109 1664 sed
124 1616 194 1666 etiam
217 1614 343 1677 requiritur
364 1613 438 1663 motio
456 1612 524 1681 primi
541 1614 666 1667 moventis.
682 1614 783 1665 Primum
802 1621 878 1667 autem

77 1700 166 1739 mouens
175 1689 201 1738 in
214 1687 297 1739 ordine
312 1684 465 1749 corporalium
478 1688 514 1735 est
524 1699 606 1749 corpus
614 1686 714 1738 coeleste.
728 1687 793 1737 Unde
806 1702 879 1752 quan-

75 1764 215 1825 tumcumque
229 1757 292 1823 ignis
301 1758 387 1809 habeat
402 1756 503 1805 calorem
513 1756 648 1820 perlectum,
662 1771 708 1809 non
717 1758 823 1812 ulteraret
835 1760 880 1810 uisi

77 1832 250 1891 permotionem
264 1828 369 1895 corporis
385 1826 492 1879 coelestis.
510 1828 655 1880 Manifestum
668 1832 704 1879 est
717 1836 793 1882 autern
801 1825 879 1895 ‚uuio

76 1903 129 1951 sicut
146 1907 223 1954 mutus
243 1914 326 1952 omnes
342 1899 474 1963 corporales
491 1900 628 1951 reducuntur
639 1900 662 1950 iu
677 1905 763 1952 motum
781 1901 880 1953 coelestis

76 1975 180 2039 romeus,
192 1976 255 2025 sicut
268 1974 293 2023 in
306 1972 410 2037 primum
424 1984 518 2022 movens
530 1973 656 2037 corporale,
671 1972 704 2023 ita
714 1985 795 2025 omnes
803 1978 879 2026 motus

78 2052 117 2095 tam
129 2047 261 2111 corporales
269 2045 342 2109 quim
352 2042 484 2109 spirituales
495 2046 633 2105 reducuntur
644 2044 669 2095 in
678 2044 775 2109 primum
786 2060 880 2097 movens

75 2118 211 2182 simpliciter,
226 2117 288 2181 quod
308 2120 346 2167 est
364 2116 427 2164 Deus
443 2129 448 2162 :
464 2118 487 2165 et
503 2115 555 2167 ideo
573 2119 781 2181 quantumcumque
799 2122 880 2168 natura

6 2216 7 2223 κ
76 2190 145 2253 ulique
157 2190 283 2255 corporalis
300 2188 341 2241 vel
361 2186 487 2251 spiritualis
501 2192 599 2251 ponatur
611 2188 726 2252 perlecta,
745 2201 791 2240 uon
804 2195 881 2255 potest

77 2263 97 2310 in
108 2276 171 2313 suum
190 2266 271 2313 actum
282 2258 411 2325 procedere
425 2258 471 2309 nisi
485 2262 603 2311 moveatur
619 2259 706 2322 illem
721 2273 771 2323 quae
786 2260 877 2323 quirem

75 2334 140 2385 motio
149 2339 185 2385 εει
195 2331 326 2387 secundum
337 2344 389 2381 suar
400 2329 547 2395 providentie
555 2331 682 2393 ratonem,
694 2344 740 2381 uon
754 2331 878 2382 secundlrm

6 2402 7 2425 ³
76 2406 227 2457 necessitatem
238 2408 337 2467 mturae,
351 2402 414 2453 sicut
426 2401 495 2453 motio
505 2402 605 2468 corporis
621 2401 730 2453 celestis.
743 2402 794 2452 Non
805 2401 878 2452 solium

78 2481 144 2527 ruem
156 2477 169 2527 l
182 2482 230 2528 Dec
250 2480 288 2526 est
305 2472 385 2526 omnis
400 2472 482 2536 motio,
503 2473 562 2526 sicut
579 2473 680 2539 aprime
692 2478 818 2541 ⁶movente,
838 2471 878 2525 sed

6 2590 7 2603 p
77 2549 138 2599 etiam
152 2548 246 2613 abipso
261 2549 298 2598 est
312 2544 391 2597 omnis
405 2544 504 2595 turmalis
510 2544 633 2609 perfectio„
639 2543 719 2595 sicuti
731 2544 805 2609 primo
814 2550 876 2597 actu

6 2612 7 2660 l
77 2619 110 2669 Sic
118 2620 185 2685 igilur
194 2620 256 2671 ectio
268 2619 406 2668 intellectus
413 2620 436 2666 et
442 2616 603 2679 cujuscumque
612 2616 671 2667 eutis
681 2618 751 2666 creati
762 2617 875 2681 dependet

6 2688 7 2693 ’
76 2690 157 2757 ilico,
178 2696 294 2758 quantum
314 2690 345 2739 ad
366 2688 411 2739 luo
430 2702 496 2739 :uuo
515 2690 595 2751 modo,
609 2689 633 2739 iu
651 2692 760 2753 quautruu
781 2690 878 2754 abipso

76 2762 137 2815 habet
149 2763 320 2830 perlectionem
332 2760 382 2810 stuc
396 2758 489 2811 lerinum
504 2774 544 2825 per
553 2774 620 2825 quem
633 2757 692 2822 agit3
708 2761 753 2812 alio
763 2762 839 2824 modo,
853 2761 876 2811 iu

77 2841 177 2900 martum
186 2835 279 2901 abipso
289 2835 398 2885 moretur
407 2832 877 2897 elegendumotlnaquequeautemforma

77 2904 139 2961 inlita
150 2910 221 2962 rebus
239 2904 327 2959 creetis
341 2902 354 2955 l
367 2904 427 2970 lieo,
438 2904 507 2973 hepet
519 2904 643 2959 cloccum
659 2907 763 2968 respectu
778 2902 877 2980 alieuius
