1992 3317
138 150 185 198 ιιι
276 158 385 197 ssounna
403 148 532 209 sncuroom,
545 156 637 203 oumsr.
655 156 694 206 rx,
708 155 762 193 ιιιτ.
777 156 794 192 r.

169 236 305 301 ltospondoo
320 235 440 284 dicendum
451 272 457 294 ,
467 233 528 297 quod
541 234 614 296 gratia
626 236 662 283 est
675 231 796 297 perfectior
809 244 884 295 quem
902 247 949 285 na-

139 312 187 357 tura
204 324 209 356 :
223 307 281 356 unde
295 318 340 356 non
353 304 428 355 delicit
442 305 466 354 in
480 303 517 355 iris
531 304 613 367 quibus
629 305 697 354 homo
712 316 752 367 per
768 306 877 353 netmam
892 320 951 369 per-

138 377 175 426 fici
188 380 272 441 potest.
288 378 346 427 Cum
359 379 433 426 autem
446 376 515 427 homo
527 390 567 439 per
577 374 702 426 naturalem
714 374 828 441 petionem
844 378 953 428 assentit

139 449 262 499 seeundum
276 448 415 499 intellectum
427 446 495 497 alicui
504 446 604 509 ueritati,
619 445 738 510 dupliciter
750 446 869 509 perlinitur·
883 448 954 501 circa

138 520 255 570 ueritatem
265 519 327 568 illam
339 533 345 567 :
355 517 428 582 primo
438 518 538 582 quidem,
549 517 600 580 qnia
614 516 746 580 capitem,
759 518 862 568 secundo
868 555 878 582 ,
892 520 955 584 quia

138 592 166 641 de
180 604 207 641 oa
219 594 305 641 eertum
320 589 431 654 judicium
444 589 521 640 habet.
534 589 563 639 Et
577 588 629 639 ideo
640 589 668 639 ad
679 589 724 639 lroc
739 590 798 652 quod
810 588 956 643 intellectus

128 656 251 713 'humanm
270 660 372 725 perlecti
387 660 496 712 assentiat
518 659 611 711 veritati
631 659 700 723 iidei,
715 659 760 711 duo
782 659 955 725 requiruntur.

138 734 237 792 Quorum
256 747 325 783 unum
339 736 390 791 est,
405 733 466 795 qnod
487 730 545 781 sarri
562 730 636 794 cupiat
652 744 680 781 ea
694 744 743 794 quae
762 736 955 801 proponuntun

138 809 197 871 quod
207 807 338 873 pertinetur
347 808 431 857 donum
439 806 609 869 imeneorum
620 804 689 869 supra
698 804 783 855 dictam
794 809 830 857 ost
843 809 896 871 (qu.
910 814 957 874 19,

139 883 181 928 art.
200 879 241 942 6).
255 878 321 928 iliud
337 881 413 928 autom
433 881 482 939 ost,
500 880 527 927 ut
539 876 623 927 habeat
635 880 723 926 certum
738 881 761 927 et
776 880 870 927 rectum
884 878 958 942 judi·

73 981 77 985 -
138 952 199 1001 cium
215 952 243 1002 de
257 952 303 1014 eis,
320 950 469 1001 discernendo
489 948 575 999 scilicet
588 949 700 1001 credenda
715 948 729 998 i
745 962 792 999 non
806 950 956 1018 credendis3

140 1028 163 1073 et
176 1025 203 1074 ad
217 1024 261 1074 lroc
275 1022 426 1073 necessarium
440 1025 475 1071 est
488 1020 572 1071 donum
589 1020 700 1071 scientiae.

172 1096 204 1145 td
221 1096 319 1159 primum
340 1105 393 1155 ergo
409 1093 543 1155 dcundum,
555 1090 616 1155 qrrdd
634 1090 745 1141 certitudo
762 1091 909 1155 cognitionis
930 1098 959 1149 in

140 1166 235 1218 dirersis
250 1165 336 1215 naturis
356 1162 472 1213 invenitur
489 1162 657 1226 diversimodd,
681 1163 808 1213 secundum
827 1164 960 1221 &versam

139 1238 293 1290 conditionem
309 1235 487 1299 uniuscuiusque
511 1238 607 1285 nature.
626 1235 683 1284 Nam
704 1235 772 1285 homo
792 1240 961 1302 misequitur

139 1313 226 1359 certum
243 1307 354 1372 judicium
369 1308 397 1357 do
412 1306 506 1357 lentate
522 1321 562 1371 per
578 1307 706 1357 discursum
721 1306 834 1361 rationis:
852 1314 878 1359 et
897 1312 960 1365 ideo

139 1378 233 1429 scientia
249 1380 349 1428 humana
366 1392 396 1429 on
411 1378 498 1428 ratione
513 1378 688 1429 demonstrativa
701 1377 835 1443 acquiritur.
859 1383 915 1433 Sed
932 1386 961 1435 in

139 1452 185 1501 lieo
199 1455 235 1501 est
253 1454 338 1503 certum
354 1449 466 1513 judicium
481 1448 585 1501 ueritatis
600 1450 686 1513 absque
703 1449 765 1500 omui
781 1449 895 1503 discursu
911 1470 961 1519 per

140 1521 266 1586 simplicem
280 1522 403 1584 intuitum,
413 1520 472 1570 utin
486 1521 558 1584 primo
570 1522 655 1571 dictum
665 1522 750 1585 osmi).
764 1522 792 1573 itt
801 1521 857 1573 idco
867 1525 961 1579 diuina

139 1593 246 1655 scientie,
263 1608 309 1645 non
330 1596 367 1643 est
389 1591 515 1641 discursive
532 1592 569 1642 rel
591 1591 761 1656 ratiocinativa,
779 1594 821 1643 sed
836 1594 960 1650 absoluta

140 1670 163 1715 et
176 1664 286 1730 simplex,
301 1665 339 1715 cui
349 1662 429 1714 umilis
439 1666 474 1713 est
483 1661 576 1713 scientia
586 1677 636 1727 quae
646 1664 735 1728 ponitur
748 1664 833 1714 donum
845 1666 961 1731 Spiritus

140 1739 227 1802 sancti,
242 1737 294 1787 cum
305 1736 336 1788 sit
347 1736 449 1799 quadarn
465 1732 602 1799 participata
612 1734 735 1787 similitudo
747 1734 829 1800 ipsius.
972 1748 975 1753 ·

171 1811 203 1859 Ad
221 1810 344 1860 secundum
353 1808 489 1869 dicendum,
501 1805 561 1869 quaid
572 1807 631 1857 circs
644 1807 756 1859 credenda
767 1806 856 1871 duplex
871 1813 965 1867 scien.

140 1879 172 1929 tia
183 1883 258 1943 potest
273 1878 360 1929 haberi.
373 1880 423 1929 Una
436 1877 537 1942 quidem,
552 1892 593 1943 per
604 1892 671 1939 quam
686 1880 752 1931 domo
767 1878 810 1929 soit
823 1882 884 1944 quid
901 1899 965 1937 cre-

141 1944 302 2013 derodebant,
322 1952 454 2001 discernens
467 1950 580 2001 credenda
590 1950 603 2001 l
615 1963 661 2001 non
673 1949 805 2014 credendis3
822 1955 846 2001 et
862 1968 965 2009 secun.

141 2022 195 2073 dum
205 2023 250 2071 hoc
259 2022 355 2073 scientia
364 2025 399 2073 est
412 2022 495 2073 donum
505 2025 546 2083 ,ct
554 2021 661 2073 convenit
671 2021 778 2072 omnibus
786 2024 885 2075 sanctis.
899 2029 965 2081 Alia

141 2107 195 2144 uero
208 2097 244 2148 est
257 2093 354 2144 scientie
366 2094 426 2143 circa
442 2094 567 2157 credenda,
582 2107 701 2159 perquam
718 2094 786 2144 homo
801 2108 849 2145 non
870 2100 964 2153 solumi

141 2165 184 2215 scit
201 2165 256 2229 quid
269 2165 330 2217 credi
348 2167 442 2230 debeat,
456 2166 496 2215 sed
510 2166 578 2217 etiarn
592 2165 634 2217 soil
653 2166 719 2217 sidem
733 2165 903 2231 manitastare,
931 2179 967 2225 et

141 2236 197 2287 alios
210 2238 237 2287 ad
252 2238 386 2289 credendum
400 2237 528 2311 inducere,
530 2240 554 2289 et
567 2237 749 2289 contradictores
754 2238 912 2293 convincere.
925 2245 968 2296 Et

141 2310 185 2358 ista
196 2309 292 2359 scientia
304 2309 396 2374 ponitur
407 2311 466 2359 inter
479 2300 564 2372 gratias
574 2310 643 2373 gratis
653 2311 716 2360 datas
723 2324 791 2373 ,quae
802 2323 850 2361 non
861 2312 967 2368 dantur

141 2379 259 2442 omnlino,
271 2383 310 2431 sed
320 2381 463 2444 qmbusdam
474 2382 538 2431 Unde
548 2381 687 2445 Augustinus
694 2382 827 2445 postumia
839 2383 965 2453 inducta,

141 2450 276 2514 subjungit:
293 2470 306 2500 u
320 2452 388 2501 Aliud
401 2457 436 2503 est
449 2452 507 2502 seire
522 2452 677 2502 tantummodo
696 2451 749 2515 quid
761 2454 830 2503 horno
849 2456 966 2511 credere

141 2522 234 2584 debeat,
253 2523 314 2575 alud
331 2524 388 2574 sciro
407 2524 597 2605 quemadmodum
609 2523 671 2573 hoo
665 2537 740 2587 ipsum
756 2526 816 2587 quod
832 2525 964 2596 creditur,

140 2597 164 2644 et
175 2595 221 2659 piis
233 2595 365 2659 opitulatur,
376 2600 399 2646 et
410 2594 511 2647 contra
505 2595 587 2661 rmpios
598 2595 739 2647 defendatur.
753 2612 767 2642 u

174 2695 204 2758 (ί)
221 2698 295 2743 seui.
306 2702 378 2753 part,
391 2708 433 2753 qn
448 2696 491 2754 lt,
507 2702 550 2741 ert.
563 2694 968 2755 7,quoadnegetronomd1scur

140 2760 195 2804 sirm
210 2759 358 2816 cognitionis,
370 2764 443 2815 etqu.
453 2760 498 2816 22,
510 2766 552 2805 art.
567 2757 591 2817 1,
605 2758 660 2805 adi
670 2760 749 2819 ,quod
762 2766 971 2821 eertemeegni-

139 2822 230 2945 maella
246 2821 349 2927 matis
369 2822 457 2879 absque
478 2822 642 2879 inquisitione,
658 2791 683 2867 u't
703 2822 752 2868 etl
760 2825 815 2883 ‚2,
832 2836 874 2883 qu.
898 2824 965 2893 14
