1992 3317
278 145 309 182 nu
324 143 392 184 rrrrn
405 143 489 183 utcu
505 147 532 184 nu
545 145 644 186 mutua.
799 137 863 188 loct

57 223 184 286 auumque
196 221 293 287 poorauiu
305 220 513 286 euimmipoteat,
524 225 551 273 ut
565 225 632 288 patet
645 223 671 274 iu
683 225 721 276 laio
732 225 773 289 oui
788 226 865 280 locam

58 307 145 359 operas
158 307 224 358 uuae,
239 307 296 358 guno
312 307 382 345 urauu
394 296 430 346 vel
450 294 528 359 lingui
540 299 655 347 mmoout.
669 297 696 346 si
706 296 763 347 uero
781 311 864 350 munna

58 365 92 416 uo
105 365 223 430 obsequio
236 366 274 418 uel
286 368 303 417 ὰ
313 366 402 431 lingua
413 379 460 418 uon
474 367 541 431 quani
553 381 582 418 ex
600 367 737 432 obligatione
750 370 784 420 rei
798 369 864 420 extri-

59 437 151 500 locatur,
165 437 205 488 ocal
218 451 248 488 ex
263 436 438 499 innominata,
451 451 504 501 que
516 439 559 489 ouo
569 438 745 490 estimationem
759 440 864 504 pecunie

59 522 109 562 uon
120 509 192 572 cadit,
203 509 309 560 licelltou
319 509 423 575 accipere
436 513 460 561 et
473 510 565 573 exigere
578 514 603 561 et
610 515 739 576 expectare.

93 582 129 632 ld
143 584 248 645 quartum
262 580 381 631 mccudum
391 619 398 643 ,
409 581 469 646 qood
483 582 582 646 pecunia
591 595 638 634 nou
650 586 727 648 potest
739 585 809 635 venii
821 599 864 650 pro

59 654 162 718 pecunia
175 652 279 717 ampliori
293 652 361 716 quarn
374 653 406 704 ait
417 654 533 718 quantitas
550 656 654 719 pecunie
675 660 798 722 mutuatae,
812 671 864 722 oue

58 725 204 778 restituenda
216 727 266 787 eat;
282 736 324 774 ucc
338 725 370 776 ibi
382 725 468 790 aliquid
482 731 522 778 est
530 727 668 790 exigendum
682 731 723 778 aut
739 732 863 792 ermetan-

59 799 135 858 dum,
150 796 193 848 uiui
209 792 373 850 mammonae
390 799 501 863 menas,
515 799 616 863 ouiaub
634 798 807 852 estimationem
824 816 864 866 pe-

60 867 277 932 conlocauerat,
289 884 319 922 ex
331 883 377 934 quo
387 871 597 935 puteat-procedere
606 874 732 935 spontanea
744 875 863 925 mutuatio.

60 942 185 1004 Repugnat
201 945 276 994 auum
287 943 310 994 ei
323 941 430 1006 obligatio
448 944 476 993 ad
487 946 592 994 mutuum
609 943 740 994 iaciendum
750 943 776 994 in
786 950 864 1010 poulo·

60 1026 128 1076 rum,
143 1012 197 1076 quia
208 1013 277 1066 etiam
293 1014 347 1066 talio
359 1014 469 1077 obligatio
486 1014 584 1077 pecunia
603 1014 711 1066 estimari
729 1020 814 1080 posset.
835 1018 865 1068 lit

61 1084 116 1135 ideo
130 1083 185 1135 licet
199 1086 312 1137 mutuanti
324 1098 409 1150 unum,
425 1086 493 1136 aimul
511 1085 595 1150 aliquid
608 1086 671 1137 aliud
686 1089 789 1136 mutuum
806 1088 863 1140 roci·

60 1169 134 1221 pore;
151 1169 197 1206 nou
212 1160 288 1209 autem
301 1158 356 1209 licet
368 1171 421 1209 oum
438 1157 537 1222 obligare
553 1159 582 1208 acl
595 1162 699 1208 mutuum
711 1158 736 1208 iu
751 1163 865 1223 materam

61 1227 203 1280 iaciendum.

96 1302 129 1352 lul
152 1301 486 1366 mammaemammal
508 1301 547 1353 illo
568 1302 608 1367 qui
625 1305 714 1353 mutuat
726 1302 864 1367 pecuniam,

61 1373 174 1424 tranolert
183 1371 311 1423 dominium
323 1374 427 1438 pecuniae
439 1374 464 1424 iu
473 1388 526 1425 eum
537 1374 575 1425 cui
589 1377 677 1425 mutuat
689 1389 694 1424 :
705 1375 765 1426 uude
778 1374 867 1426 illeoui

61 1443 163 1510 pamma
180 1448 304 1507 mutuatur,
319 1446 361 1496 auh
372 1459 413 1497 suo
422 1447 524 1510 periculo
537 1449 628 1498 tenetur
636 1459 687 1497 earu
700 1446 821 1498 restituere
827 1448 865 1498 in-

62 1513 140 1581 tegre.
155 1515 219 1567 Unda
231 1529 279 1568 nou
287 1517 355 1568 debet
368 1519 467 1582 amplius
477 1520 570 1581 exigere
583 1518 621 1568 ille
632 1518 673 1581 oui
685 1518 805 1569 mutuavit.
821 1520 866 1570 Sed

62 1590 103 1640 ille
116 1587 157 1652 qui
166 1587 287 1638 committit
298 1588 419 1653 pecuniam
429 1601 492 1639 auum
504 1589 543 1640 uel
554 1588 673 1639 mercatori
684 1589 722 1648 uel
733 1588 813 1639 artittci
826 1603 867 1656 per

63 1660 159 1712 modum
176 1657 435 1725 sociotatia'cujuoalanr‚
445 1672 493 1710 non
506 1659 614 1711 transfert
621 1659 747 1710 dominium
762 1662 865 1724 ponamin

63 1745 112 1783 sue
122 1731 147 1782 iu
159 1731 235 1794 illum,
250 1733 288 1782 aod
301 1735 403 1783 remanet
416 1733 481 1797 ejus,
492 1731 525 1782 ita
536 1731 597 1796 quod
610 1743 662 1780 cnm
679 1730 780 1794 periculo
793 1731 866 1796 ipoiuo

63 1805 179 1854 mercatur
196 1802 224 1853 (le
243 1803 419 1866 mauguinum,
435 1803 470 1855 rel
486 1803 567 1853 artifex
585 1806 692 1868 oporatur
705 1816 713 1852 a
728 1805 751 1852 et
766 1803 819 1855 ileo
833 1805 866 1856 aio

64 1873 130 1927 licita
143 1878 220 1940 puteat
233 1877 321 1939 partam
332 1875 390 1926 lucri
403 1875 456 1926 inte
470 1875 626 1941 provenientis
636 1877 743 1938 cumton
756 1878 865 1940 unquam

65 1950 95 2001 de
112 1961 136 2000 re
145 1960 195 1998 sua.

99 2020 133 2070 lul
146 2021 235 2070 sextum
245 2019 380 2082 dicentum,
392 2019 452 2082 quod
463 2018 483 2070 ai
491 2018 544 2083 quio
553 2031 595 2083 pro
605 2017 702 2082 pecunia
711 2019 755 2069 eibi
763 2023 866 2072 mutuata

65 2091 151 2155 obligat
163 2103 212 2142 rem
226 2090 324 2154 aliquam
340 2091 406 2155 cojns
418 2089 558 2156 uaaoprctio
568 2089 674 2141 mummi
691 2094 784 2154 potent,
799 2092 867 2144 delet

64 2177 135 2214 usum
148 2163 211 2213 illius
224 2161 257 2214 rei
272 2162 311 2212 ille
324 2162 364 2226 qui
377 2161 499 2224 mutuavit,
512 2164 643 2226 computare
658 2160 683 2211 in
695 2161 867 2214 restitutionem

66 2237 120 2299 elus
134 2234 194 2299 quot
204 2229 326 2298 mutuarll3
340 2234 424 2299 oloqui
434 2234 454 2284 si
466 2247 533 2285 unum
545 2233 606 2283 illius
614 2233 649 2283 rei
661 2232 729 2296 quani
739 2234 810 2297 gratio
821 2235 867 2286 orti

66 2305 190 2372 superaddi
203 2305 273 2367 uelit,
292 2305 352 2357 idem
362 2310 398 2357 eat
412 2319 438 2356 ac
449 2305 597 2369 sipecuniaur
607 2304 718 2369 reciperet
727 2318 770 2370 pro
778 2311 866 2372 mutuo,

65 2380 129 2444 quud
142 2380 179 2429 eat
191 2377 332 2441 rauranum
347 2378 392 2428 uini
404 2377 463 2429 torte
478 2381 539 2428 eaoet
548 2377 602 2427 talia
611 2389 664 2438 reo,
674 2377 741 2441 cujoa
751 2390 807 2429 nsua
815 2379 866 2431 aino

66 2448 143 2514 pretio
156 2447 227 2499 uoluat
241 2449 335 2500 concam
347 2449 407 2500 inter
420 2449 521 2510 amicos,
536 2448 597 2497 sicut
610 2450 674 2512 patet
687 2448 716 2499 do
732 2449 790 2500 libro
801 2463 866 2501 com·

66 2519 170 2572 moduto.

100 2592 135 2642 ld
149 2591 271 2656 septimum
284 2591 486 2655 (licendum,un
500 2590 521 2642 ai
530 2590 695 2654 oliouiocariiau
704 2591 867 2644 uelitueudere

66 2678 104 2716 ree
120 2675 174 2714 suaa
186 2661 254 2727 quim
273 2661 303 2714 sit
317 2662 403 2726 jusum
416 2661 528 2726 pretinm,
545 2665 571 2712 ut
589 2662 618 2712 (lo
638 2662 736 2726 pecunia
757 2663 868 2715 soluenda

66 2738 196 2802 emptorem
208 2737 320 2800 expectet,
335 2734 454 2786 mauiicste
467 2747 536 2784 usura
546 2733 706 2798 committitur,
717 2734 771 2798 quia
785 2735 868 2799 hujus·

66 2807 130 2870 morli
145 2806 273 2872 expectatio
290 2806 358 2872 pretii
376 2807 479 2858 soluendi
494 2806 564 2857 habet
579 2805 691 2857 rationem
705 2806 787 2858 mutui.
802 2807 866 2857 Unde

66 2879 180 2944 quidquid
188 2879 247 2930 ultra
255 2877 343 2943 justum
351 2878 451 2943 pretium
461 2891 502 2943 pro
512 2877 642 2942 hujusmodi
651 2878 809 2944 expectatione
817 2877 867 2929 eri·
