1992 3317
143 73 188 122 898
255 79 612 128 nemorumnemorum.
629 80 696 128 nxvr,
714 79 767 116 rur.
784 81 822 116 ru.
971 5 973 85 1

142 158 242 223 pertinet
252 157 282 210 nd
291 158 331 222 juo
339 157 475 222 positivum,
490 157 516 210 ut
530 155 598 219 sopri
610 154 694 205 dietum
708 158 744 206 eet
756 156 807 220 (qu.
819 160 861 217 57,
874 159 941 207 erte
971 194 973 197 .

142 235 167 280 et
182 227 225 292 3).
240 229 303 279 Unde
320 227 444 292 proprietas
461 226 631 291 possessionum
644 239 692 282 non
706 230 743 277 est
757 230 839 277 oontrn
850 227 892 292 jun
903 241 942 277 nn·
971 286 973 291 Ι

142 301 226 363 turaie;
239 301 279 350 ned
291 298 340 364 juri
356 298 454 348 naturali
470 297 627 362 superadditur
644 311 686 360 per
702 297 894 350 adinventionem
905 314 943 350 re-

144 369 213 422 tionis
224 373 338 420 bunnenae.

174 443 207 494 td
219 441 342 493 seeundum
352 439 481 500 dicendum,
491 438 553 501 quod
561 439 598 490 ille
606 440 646 503 qni
656 439 802 502 preveniens
816 443 846 491 ad
858 446 942 505 specte·

144 515 195 566 ouln
211 513 347 577 prepararet
366 509 415 560 aliie
431 510 508 570 vium,
521 523 567 559 uon
588 510 667 561 illicite
683 515 777 574 egeret3
799 513 844 562 sed
863 527 893 563 ex
906 515 941 562 bor
971 572 973 577 Ι

143 583 222 638 iUioite
239 583 301 646 egit,
316 582 377 647 quod
391 581 448 632 aiios
459 582 572 646 probibet.
585 583 614 632 Et
621 582 724 632 similiter
735 582 804 634 dives
812 597 864 634 nou
873 583 941 634 illiciti
971 592 973 603 ²

144 656 190 720 ugit
208 656 227 706 ni
244 667 406 718 preoccupans
421 652 590 716 possessiouem
608 653 710 716 reique
730 653 881 719 dprinoipio
903 661 942 706 erut
971 610 973 717 1

144 727 287 787 eommunis,
298 724 349 775 aliis
363 725 431 778 etiem
443 724 611 786 communicen
626 728 706 788 peoeut
723 729 804 774 nutem
817 726 841 776 si
851 728 909 777 aiios
921 728 942 774 ui
971 720 973 791 Ι

145 797 255 850 nsuiiiius
264 795 427 850 teiindisoretd
436 795 564 860 probibent.
579 794 643 845 Unde
653 795 753 846 Basilius
769 796 863 848 ibidem
877 799 939 848 dicit:

146 887 159 918 u
170 870 217 920 Cur
230 872 256 919 tu
269 869 378 926 abundos,
392 867 431 918 iiie
449 866 504 918 verb
514 867 642 930 mendicat,
652 867 698 917 nisi
706 872 733 916 ut
742 871 768 916 tu
776 867 849 921 bone
859 871 942 933 dispen-

146 941 241 992 sationis
251 939 330 990 merita
341 938 498 1002 consequaris,
508 938 548 988 iile
566 937 620 989 verb
634 937 750 1002 patientioe
761 941 871 1002 premiis
881 954 941 992 eoro-

146 1013 250 1066 neturiu

177 1084 211 1150 Ad
232 1082 321 1134 tertium
334 1082 462 1142 dioeudnut,
475 1080 537 1146 quod
546 1080 599 1132 oium
607 1081 661 1132 dieit
671 1081 810 1133 Ambrosius
825 1099 833 1133 ε
850 1102 866 1132 u
879 1086 942 1135 Nemo

145 1156 260 1222 proprium
272 1155 334 1207 dioet
351 1155 411 1218 quud
426 1158 460 1204 est
473 1167 607 1216 commune,
621 1170 635 1202 u
650 1153 750 1216 loquitur
765 1155 796 1205 de
811 1157 943 1220 proprietate
971 1150 973 1233 j

146 1231 255 1292 queutunn
273 1226 303 1278 ad
324 1241 399 1278 usum.
419 1226 484 1284 Unde
507 1226 610 1276 subdit:
632 1243 647 1275 u
665 1226 720 1276 Pius
742 1225 815 1291 quium
835 1229 944 1280 sufficeret
971 1274 973 1277 ,

146 1297 255 1362 sumptui,
269 1297 380 1352 violenter
393 1298 511 1348 obtentum
522 1300 590 1348 est.»

433 1475 595 1526 inurendus
609 1475 646 1526 ΙΙΙ.

164 1599 250 1648 Uirdm
262 1601 295 1646 eit
309 1601 337 1648 de
346 1601 440 1646 notione
449 1600 517 1656 sorti
529 1599 620 1645 occulte
631 1600 738 1656 occipere
751 1611 807 1644 rem
824 1602 933 1646 alienum

179 1729 212 1786 nd
221 1728 313 1778 tertium
326 1727 360 1778 sie
374 1726 512 1791 proceditur.
526 1726 620 1777 Videtur
633 1725 692 1789 qudd
705 1739 752 1775 non
771 1728 805 1776 eit
817 1727 848 1778 de
865 1726 944 1777 ratione

147 1798 201 1850 iurii
217 1799 303 1850 oeeultd
320 1797 421 1862 accipere
435 1811 483 1848 rem
499 1797 606 1847 alienum.
621 1797 678 1846 Uiud
690 1797 755 1846 enim
767 1799 833 1860 qnod
848 1796 945 1850 diminuit

148 1872 280 1932 peceatum,
297 1882 343 1920 nou
354 1868 443 1920 ridetur
456 1869 485 1918 ad
499 1867 609 1918 rationem
626 1868 715 1930 peceati
729 1868 859 1931 pertinere.
870 1868 914 1917 Sed
925 1865 944 1912 iu

148 1941 236 1992 ooeuIto
247 1953 341 2004 peoeere
350 1939 448 2004 pertinet
458 1940 486 1990 ud
495 1939 668 1990 diminutionem
674 1939 772 2003 ponenti,
788 1939 881 1991 sicuti
898 1951 944 1987 eon

148 2010 216 2060 trario
235 2011 263 2060 ed
280 2011 460 2074 exaggerandum
479 2015 597 2074 peecatum
617 2009 783 2074 quorumdam,
803 2010 864 2060 dicit
881 2009 944 2060 isui..

148 2081 195 2130 111:
213 2081 354 2130 «Peeoetuuu
365 2095 430 2132 snum
439 2081 504 2145 quasi
519 2083 618 2132 Sodoma
628 2079 831 2144 premereiment,
844 2080 943 2132 nocebu-

149 2150 283 2200 eonderuni.
301 2169 315 2200 u
329 2153 388 2216 Ergo
399 2165 451 2203 non
468 2154 504 2202 ost
517 2153 545 2203 de
566 2151 654 2202 ratione
669 2151 724 2201 furti
741 2153 835 2202 oeoulta
851 2149 945 2215 aeoeptio

149 2221 183 2272 rei
194 2221 283 2272 aliene.

181 2296 205 2342 2.
220 2294 349 2354 Praeterea,
364 2298 388 2344 et
401 2295 532 2346 umbrosius
549 2293 618 2354 dieii,
633 2296 657 2344 et
672 2293 769 2342 hebetur
782 2292 808 2342 in
826 2292 946 2343 Decretis,

149 2364 203 2414 dist.
222 2365 252 2412 ti
264 2363 314 2426 (tte
332 2381 345 2411 n
355 2365 429 2422 Minus
438 2368 474 2415 eet
484 2365 585 2415 oriminis
601 2363 693 2415 habenti
703 2364 800 2427 tollere,
813 2364 885 2428 quim
898 2362 942 2412 edm

149 2434 225 2499 possis
238 2436 393 2508 etabundens
410 2436 441 2488 sis
449 2474 458 2500 ,
475 2436 629 2500 indigentibus
647 2437 769 2498 denegare.
787 2452 803 2483 u
819 2437 880 2499 Ergo
894 2434 946 2483 sieut

184 2604 216 2666 (i)
230 2607 274 2652 Ubi
285 2606 363 2662 supro,
378 2619 430 2665 unp.
441 2609 512 2654 Siout
521 2609 556 2658 it,
569 2621 597 2654 ex
608 2619 655 2664 quo
666 2607 837 2652 restituendum
851 2603 946 2652 adhibiti

150 2670 284 2724 negatione,
298 2675 367 2712 utost
381 2670 404 2714 in
415 2671 531 2716 Ambrosii
545 2677 569 2715 et
584 2671 680 2716 Decrett'
693 2675 775 2715 textu:
793 2672 850 2716 Non
870 2670 946 2713 minue
971 2666 973 2707 i

150 2736 183 2774 est
197 2731 327 2778 oriminis,
341 2735 396 2779 ete„
411 2745 438 2776 ue
451 2745 479 2777 en
493 2733 604 2783 moderna
624 2744 717 2790 quoque
731 2733 890 2778 Decretorrurt
904 2729 946 2773 edi·
971 2710 973 2791 i

150 2791 213 2836 tione
230 2805 235 2837 z
253 2792 313 2836 Cium
325 2795 435 2848 pressiset
449 2794 567 2840 aduodes.
