1992 3317
126 105 155 156 liu
272 112 348 151 rauna
362 112 488 163 susanna,
503 112 596 158 aunan.
610 112 672 163 ειιι,
686 111 740 150 aar.
755 112 772 151 1.

125 204 165 256 per
177 192 253 243 lesum
271 188 386 241 Christum
399 188 459 241 lanta
471 193 516 241 εει.
533 204 548 236 n
565 189 608 241 Sei
627 188 652 239 iu
664 186 827 241 inominalem
842 188 959 245 Christi

124 260 258 327 intelligitur
268 274 314 312 aon
326 262 400 312 solum
412 264 493 311 natura
506 259 583 313 diuina
595 272 729 320 assumens,
741 258 783 311 sei
792 259 868 313 etiam
883 276 955 313 na-

125 338 175 387 tura
190 332 474 397 anapauomenon
493 330 569 396 aliqua
580 334 683 383 mealnra
700 332 776 396 polest
791 344 844 384 esse
857 345 947 385 eausa

126 406 213 469 gratiae.

156 481 179 527 a.
198 478 326 541 Prnteraa,
341 475 379 527 illa
392 474 519 527 differentia
532 475 623 539 ponitun
633 475 695 525 inter
708 480 853 527 sacramenia
862 490 942 530 novae

125 548 183 613 legis
193 550 216 599 et
227 548 325 609 ueteris,
336 547 396 611 quod
409 552 549 599 sacramenia
563 559 629 599 noun
641 545 806 609 legis-nauseat
818 548 939 612 aratiam,

125 633 193 685 quarn
214 622 352 675 sacramama
368 617 453 671 ueteris
467 618 526 683 leals
542 618 614 670 solum
632 616 770 680 significant.
785 618 833 671 Saul
848 632 935 673 saera·

125 694 202 742 meula
215 704 280 742 noua
297 690 354 753 legis
371 693 424 740 sunt
436 690 539 753 quadam
553 686 651 738 visibilia
664 688 786 742 elementa.
798 690 869 753 llige
882 702 936 741 nou

128 762 191 813 solus
206 762 270 813 Deus
289 765 326 813 est
338 774 406 811 eausa
420 760 508 825 gratio.

157 834 312 897 spinteres,
325 832 450 883 secundum
463 832 592 897 llionysIum
607 830 631 881 ia
645 831 703 883 liora
723 831 783 883 Col.
799 832 880 893 hier„
892 846 937 885 an·

127 904 171 969 geli
185 907 294 969 purgant,
308 907 332 955 ει
348 902 486 967 illumiaaut,
498 907 522 953 ει
534 903 655 967 perficiunt
666 902 792 967 olaugolns
806 902 936 957 interimas

125 978 148 1029 et
165 976 233 1027 etiam
252 974 365 1027 homiues.
384 972 428 1025 Sed
444 972 560 1025 rationalis
580 976 683 1024 ereatura
700 976 807 1038 pungatur
816 1009 826 1037 ,
840 974 936 1025 illuni-

125 1051 191 1098 natun
205 1051 228 1098 el
238 1046 355 1112 penneltun
367 1060 408 1111 per
421 1045 525 1111 gratiam.
537 1046 596 1111 Ergo
606 1059 653 1097 nou
665 1045 727 1097 solus
737 1047 802 1097 Deus
812 1049 850 1097 esi
863 1060 937 1099 musa

126 1119 212 1183 gratiae.

156 1192 284 1243 Sednoutra
294 1194 335 1251 est,
346 1190 440 1254 quodie
452 1189 525 1241 Psnl,
536 1190 658 1254 LXXXIII,
669 1189 765 1241 dieitur:
776 1190 903 1244 «Gratiam
914 1199 938 1246 et

125 1263 220 1327 gloriam
234 1262 296 1313 dabit
307 1260 419 1312 Donamus
430 1260 474 1326 (ιι.
485 1276 500 1309 »

159 1334 315 1396 (concanora.
330 1359 362 1369 -
378 1332 437 1383 cum
451 1332 524 1396 gratia
538 1346 629 1384 omnem
642 1338 728 1385 natura
741 1336 822 1385 caeam
836 1334 940 1389 aruna-

125 1410 172 1456 iem
186 1404 289 1467 excedat,
305 1416 332 1455 eo
343 1404 405 1469 quod
417 1403 473 1455 allii
482 1404 545 1455 aiud
553 1404 584 1455 sit
594 1418 662 1469 qnam
671 1404 815 1469 participatio
823 1408 938 1470 wadum

125 1476 209 1527 divinae
226 1479 328 1540 naturae,
343 1489 394 1541 qun
407 1489 499 1527 omnem
514 1475 581 1526 aliam
595 1479 699 1527 naturam
710 1477 812 1541 excedit,
833 1476 849 1527 a
866 1480 938 1533 nullo

126 1548 171 1599 ulai
184 1546 198 1597 a
211 1548 261 1598 Deo
275 1549 362 1599 oausari
377 1548 478 1613 potest.)
836 1599 838 1602 ,

156 1620 292 1683 Respondeo
312 1620 433 1671 licendum
443 1656 451 1682 ,
463 1620 524 1684 quod
540 1637 554 1670 n
569 1621 632 1671 nulla
646 1632 683 1673 res
696 1624 858 1690 potesrapere
869 1624 939 1678 ultra

126 1704 190 1743 suam
205 1690 321 1757 speeiem
338 1708 352 1739 o
367 1690 421 1755 quia
434 1704 524 1755 semper
539 1695 628 1756 oportet
645 1694 706 1756 quod
718 1705 788 1743 cansa
804 1692 884 1757 potior
900 1698 938 1749 sii

127 1762 217 1815 ellectu.
225 1762 312 1813 Donum
321 1766 396 1815 ειιιειιι
409 1762 487 1827 gratia
496 1763 587 1814 excedit
597 1776 687 1815 omnem
699 1763 830 1815 facultatem
840 1768 937 1820 naturai

126 1837 220 1895 ereata,
235 1847 286 1884 num
298 1834 357 1885 nillil
368 1833 427 1884 aliud
445 1833 474 1884 sit
486 1847 555 1896 quam
565 1836 669 1899 quadam
683 1834 827 1900 participalio
840 1836 935 1891 divium

126 1906 226 1967 nature,
239 1918 289 1968 qum
301 1904 390 1955 excedit
403 1916 494 1955 omnem
511 1904 578 1955 aliam
593 1909 697 1957 naturam
712 1922 718 1955 :
735 1910 759 1957 el
772 1906 823 1957 ideo
839 1905 935 1973 impos-

126 1972 192 2025 sibile
206 1974 315 2039 estquod
328 1974 403 2039 aliona
418 1979 521 2025 ereatura
536 1976 632 2039 gratiam
650 1982 735 2030 causet.
755 1977 791 2028 sio
804 1978 870 2029 enim
885 1995 935 2032 ae-

126 2058 191 2097 oesse
200 2049 245 2108 ast,
256 2046 317 2111 quod
331 2046 393 2097 solus
402 2047 462 2098 Deus
475 2046 579 2110 deificet,
592 2048 778 2099 communicando
785 2051 935 2102 consortium

126 2116 208 2169 divium
229 2121 314 2169 naturae
328 2131 370 2183 per
391 2119 511 2183 qnamdam
527 2118 684 2169 similitudinis
706 2119 932 2184 periloipatiouom:

126 2188 184 2239 sIout
194 2188 333 2255 impossibile
344 2193 378 2239 εει
391 2190 450 2253 quod
463 2189 547 2255 ailquid
562 2190 635 2255 igniat
648 2190 693 2242 nisi
705 2192 767 2242 solus
783 2191 853 2255 iguis.

156 2263 190 2312 ltu
199 2261 296 2327 priunum
305 2274 358 2325 ergo
370 2261 489 2312 <linearium
495 2299 504 2325 ‚
513 2264 574 2327 quod
584 2263 714 2315 hnmanitas
725 2262 809 2314 ChrIsti
819 2267 854 2315 esi
867 2265 933 2318 ειειιι

126 2351 140 2382 u
148 2335 260 2399 quoddam
271 2346 381 2397 organum
395 2333 521 2385 divinitatis
535 2336 594 2401 ejus,
609 2352 623 2384 o
635 2339 661 2387 nl
673 2336 825 2387 llamasoeaus
835 2336 894 2388 elisit
903 2339 931 2391 in

158 2460 189 2525 (1)
205 2464 249 2513 Ilii
262 2464 307 2511 <luo
328 2464 449 2523 stputfioau
466 2472 576 2524 possunt,
593 2479 640 2513 uon
663 2466 692 2513 au
708 2465 813 2513 eumdem
830 2478 930 2513 sonsum

125 2526 264 2585 pertinentia
278 2543 284 2570 ι
295 2539 366 2573 unum
380 2532 416 2573 est
427 2533 452 2572 ut
462 2528 535 2574 solius
547 2530 637 2575 Domini
648 2530 689 2575 Ilei
702 2530 732 2575 sit
742 2528 860 2587 proprium
871 2542 929 2587 gra—

125 2590 181 2637 uiam
195 2588 264 2648 dare,
280 2589 341 2635 strat
353 2594 376 2637 ot
389 2590 498 2649 gloriam
515 2602 562 2647 quo
575 2604 645 2638 seusu
659 2594 682 2639 S.
697 2593 798 2640 Tiamaa
817 2599 926 2649 usurpat.

125 2652 231 2705 Alterum
241 2656 277 2699 est
284 2653 348 2709 quid
358 2653 600 2711 quiamisarlcoraiarn
609 2655 764 2702 otiositatem
770 2654 844 2714 diligit
852 2656 926 2714 neus,

125 2727 173 2761 uon
184 2711 221 2774 laio
232 2713 491 2775 autumniautumni
502 2716 526 2763 in
537 2717 616 2765 natura
627 2718 675 2764 uita
684 2718 780 2777 gloriam
791 2717 860 2764 bools
869 2729 929 2765 oon·

127 2776 183 2832 torar
199 2790 323 2835 quoaensu
335 2780 481 2838 augustinus
490 2780 649 2838 explieal'ilai,
660 2786 685 2827 ει
693 2780 824 2839 expressius
833 2782 928 2831 naasio-

127 2840 207 2899 ‹lorus;
223 2846 249 2889 ut
262 2847 285 2891 at
300 2841 344 2891 laoo
358 2842 434 2901 ipsum
449 2838 608 2893 'theodoretus
618 2842 727 2892 insinuat.
