1992 3317
160 118 206 166 hdo
266 127 373 166 susurrus
389 127 519 175 sachunu,
535 125 629 171 onnes.
645 122 733 176 xxxta,
750 125 806 164 aar.
824 127 851 164 ιι.

158 203 233 267 nitas,
248 217 314 266 quam
329 203 404 254 unitus
418 204 502 254 hahere
514 201 567 253 odio
579 205 667 267 potesi3
682 203 736 266 quia
757 201 892 254 duratione
911 202 960 253 honi

158 278 235 325 estut
253 276 349 325 ametur.
367 275 396 324 Et
413 274 465 324 ideo
485 273 625 338 impossihile
645 277 682 324 est
701 272 762 337 qnod
779 273 865 337 aliquis
882 274 960 324 ridens

12 361 34 428 ς’(
42 395 46 408 ,
54 354 142 436 ΡΜ),
158 347 228 398 heum
245 359 286 409 per
298 345 438 407 essentiam,
449 358 502 396 eum
517 346 570 396 odio
584 346 674 395 haheat.
686 346 730 396 Sed
743 345 839 397 adtectus
852 345 907 410 ejus
923 344 961 394 ati-

15 429 87 486 pppp
95 445 134 483 ,Ν
159 416 198 481 qui
211 419 275 476 sunt,
292 417 331 482 qui
345 417 486 468 nullomodo
498 420 657 481 possnntesse
667 416 775 469 contradi
787 417 907 467 uoluntati
921 419 959 466 hu-

159 500 249 550 manae3
267 488 320 550 quia
339 501 389 538 esse
397 525 406 552 ,
419 488 497 538 uiuere
513 492 537 538 et
556 487 684 554 intelligere
703 490 740 538 ost
754 491 779 538 ot
797 488 923 552 appetibile
939 493 959 537 et

159 557 255 608 amabile
269 559 392 610 omnihus:
405 573 455 623 qum
470 562 525 608 snut
539 558 632 623 qnidam
644 559 739 609 edeotus
751 559 802 610 tioi.
819 560 886 610 Unde
896 559 960 610 otiam

159 627 284 680 murrndhrn
301 629 361 694 qndd
378 631 438 681 heus
457 630 635 694 apprehenditur
653 633 680 679 nt
698 632 776 680 auctor
796 631 881 680 horum
897 631 961 680 edes·

159 703 239 763 mam,
254 713 300 750 non
320 704 398 764 potest
410 701 462 751 odio
481 699 569 750 hahsri.
587 700 647 750 Sunt
660 702 735 750 autern
755 701 850 763 quidam
868 700 960 751 edoctus

159 769 215 832 nei,
228 770 267 834 qui
279 775 406 835 repugnant
418 771 552 822 inordinatae
562 771 689 834 ementati,
700 771 759 821 simu
771 771 870 822 initiatio
880 785 959 836 praue,

159 845 182 892 et
196 842 262 892 etiam
278 842 385 894 cohibitio
402 846 545 906 peecatorum
555 857 595 907 per
608 843 682 905 tegern
694 841 810 903 divinam,
830 856 884 906 quaa
899 857 960 906 repn-

160 918 231 976 guaut
246 915 358 966 voluntati
371 916 498 979 deprauata
508 928 551 978 per
563 919 691 979 peccatum.
702 915 733 964 nt
744 910 856 976 qnantum
867 915 895 964 ad
913 929 960 965 uon·

159 984 321 1036 siderationem
335 985 414 1035 talium
429 985 553 1035 effectuum
565 985 594 1035 ah
613 984 727 1048 utiquihns
743 984 805 1034 heus
820 983 876 1035 odio
889 985 959 1035 hahari

160 1060 248 1120 potest,
265 1055 411 1120 inquantum
426 1055 516 1107 scilicet
534 1055 714 1119 apprehenditur
727 1058 874 1119 poeoniorum
888 1055 959 1120 prohi-

159 1127 225 1190 bitor,
240 1129 262 1178 et
276 1141 393 1190 poeuarum
407 1126 515 1178 inflictor.

192 1199 228 1248 dd
236 1197 335 1262 primum
346 1211 399 1260 ergo
409 1199 539 1259 diruendum,
547 1198 609 1262 puhd
622 1197 730 1248 ratioiita
740 1197 845 1262 procedit
855 1201 958 1262 quamnm

159 1269 190 1320 sd
202 1269 253 1319 illos
264 1269 303 1332 qui
316 1269 394 1318 vidant
407 1269 592 1331 haessonum,
604 1283 657 1332 uua
669 1273 706 1320 est
717 1269 767 1333 ipsa
780 1269 883 1320 essentia
895 1270 954 1320 honi

161 1341 222 1390 istis.

192 1412 226 1463 nd
243 1411 366 1462 seeundum
383 1413 521 1475 dicendum,
533 1413 594 1477 qndd
611 1413 669 1464 ratio
684 1413 725 1463 iiia
740 1414 842 1477 prooedit
851 1415 956 1478 omniun

160 1484 189 1534 ad
205 1484 249 1534 hoo
266 1481 325 1546 quod
343 1484 520 1548 apprehenditur
529 1485 589 1534 heus
608 1488 635 1534 ut
647 1497 714 1534 eausa
730 1484 827 1535 aliorum
840 1484 956 1535 edeetnun

160 1554 200 1617 qui
219 1554 351 1605 naturaiiter
367 1556 396 1605 ah
416 1554 523 1606 omnihus
542 1560 659 1618 amantur,
673 1556 734 1606 inter
746 1568 804 1618 quos
823 1560 879 1606 sunt
894 1569 956 1620 opera

161 1624 264 1676 redistis
277 1626 399 1689 praeheutis
411 1640 475 1678 mum
490 1625 645 1689 cognitionum
663 1626 803 1677 hominihus.

116 1719 122 1736 ι
192 1697 226 1748 dd
239 1698 332 1748 tertium
346 1698 483 1762 diuandum,
498 1698 558 1762 quod
570 1699 631 1748 neus
643 1697 755 1748 eonvertit
768 1698 848 1750 omnia
862 1698 890 1748 ad
902 1698 956 1762 stip

162 1783 226 1831 sum,
246 1767 394 1834 inquantum
417 1773 452 1820 est
472 1769 563 1820 essendi
585 1769 735 1833 priuuipium3
757 1769 811 1833 quia
829 1769 919 1834 omnia,
934 1768 955 1818 in

161 1844 269 1904 quantum
287 1844 355 1903 sunt,
373 1841 470 1892 tondunt
487 1840 512 1890 ia
524 1839 564 1890 [tei
579 1838 767 1903 similitudinem,
779 1841 819 1904 qui
838 1845 876 1892 est
886 1843 953 1906 ipsun

162 1923 222 1962 esse.
401 1951 403 1954 .

458 2017 616 2070 annuntiis
632 2019 663 2068 tt.

270 2141 355 2186 Utrum
364 2143 445 2188 odium
454 2143 500 2187 Dei
508 2143 680 2189 sitmoatomm
694 2146 853 2200 peccatorum.

194 2268 228 2318 id
245 2268 369 2318 seoundum
387 2267 420 2318 siu
437 2268 810 2334 postremissimum
828 2270 907 2321 odium
918 2270 952 2321 nei

161 2352 207 2391 nou
218 2337 248 2390 sit
259 2339 380 2390 marimum
391 2343 543 2402 peccatorum.
554 2339 715 2391 Gravissimum
728 2339 789 2392 enim
798 2344 916 2406 pausatam
925 2345 954 2392 ast

161 2415 278 2476 peccatum
303 2411 328 2461 iu
345 2411 453 2475 Spiritum
474 2414 594 2477 summum,
615 2413 675 2475 quod
695 2415 731 2463 est
750 2412 954 2476 hremissihile,nt

162 2581 318 2642 multiplicitas·
325 2588 402 2630 tamen
413 2583 529 2629 uariarum
542 2583 710 2639 perfectionum
722 2585 855 2632 nominihus
869 2593 954 2644 propter

157 2643 287 2702 asumptus
309 2647 381 2692 nostri
407 2646 563 2692 &vertitatem
585 2653 744 2706 nuncupatur,
758 2653 784 2694 nt
808 2649 841 2694 ihi
866 2661 952 2708 quoquo

163 2711 185 2754 S.
196 2709 296 2754 Thomas
310 2709 416 2768 explieat,
431 2709 487 2754 tout.
498 2708 524 2752 6.

196 2775 228 2838 (tt
241 2779 273 2824 Ite
290 2778 326 2824 hta
343 2779 413 2824 atium
427 2777 496 2839 ruht,
512 2791 552 2837 qu.
568 2779 613 2839 39,
627 2785 670 2826 art.
682 2779 710 2839 ἢ,
725 2781 754 2826 ad
768 2779 796 2835 ὃς
812 2787 839 2827 ut
852 2787 877 2829 et
890 2781 951 2844 ist,

157 2851 203 2898 ,qu
218 2839 259 2901 ih,
272 2840 353 2902 arat,
368 2841 429 2923 '¹³:⁸³'
525 2849 528 2857 ’
