<?xml version="1.0" encoding="UTF-8"?>
<!DOCTYPE html PUBLIC "-//W3C//DTD XHTML 1.0 Transitional//EN"
    "http://www.w3.org/TR/xhtml1/DTD/xhtml1-transitional.dtd">
<html xmlns="http://www.w3.org/1999/xhtml" xml:lang="en" lang="en">
 <head>
  <title>
</title>
<meta http-equiv="Content-Type" content="text/html;charset=utf-8" />
  <meta name='ocr-system' content='tesseract 3.04.00' />
  <meta name='ocr-capabilities' content='ocr_page ocr_carea ocr_par ocr_line ocrx_word'/>
</head>
<body>
  <div class='ocr_page' id='page_1' title='image "./summatheologica03nicogoog_0312.png"; bbox 0 0 1992 3317; ppageno 0'>
   <div class='ocr_carea' id='block_1_1' title="bbox 409 134 858 193">
    <p class='ocr_par' dir='ltr' id='par_1_1' title="bbox 409 134 858 193">
     <span class='ocr_line' id='line_1_1' title="bbox 409 134 858 193; baseline -0.002 1"><span class='ocrx_word' id='word_1_1' title='bbox 409 134 508 187; x_wconf 74' lang='lat' dir='ltr'><strong>ns&#39;srz.</strong></span> <span class='ocrx_word' id='word_1_2' title='bbox 813 144 858 193; x_wconf 80' lang='lat' dir='ltr'><strong>eoo</strong></span> 
     </span>
    </p>
   </div>
   <div class='ocr_carea' id='block_1_2' title="bbox 14 224 859 793">
    <p class='ocr_par' dir='ltr' id='par_1_2' title="bbox 14 224 859 421">
     <span class='ocr_line' id='line_1_2' title="bbox 14 224 858 293; baseline 0.001 -14"><span class='ocrx_word' id='word_1_3' title='bbox 14 266 15 273; x_wconf 31' lang='lat' dir='ltr'><strong>a</strong></span> <span class='ocrx_word' id='word_1_4' title='bbox 52 227 146 292; x_wconf 84' lang='lat' dir='ltr'><strong>pertinet</strong></span> <span class='ocrx_word' id='word_1_5' title='bbox 160 225 191 279; x_wconf 82' lang='lat' dir='ltr'><strong>ad</strong></span> <span class='ocrx_word' id='word_1_6' title='bbox 204 224 417 289; x_wconf 70' lang='lat' dir='ltr'><strong>longanimitatem</strong></span> <span class='ocrx_word' id='word_1_7' title='bbox 428 227 470 277; x_wconf 83' lang='lat' dir='ltr'><strong>sed</strong></span> <span class='ocrx_word' id='word_1_8' title='bbox 485 226 593 291; x_wconf 79' lang='lat' dir='ltr'><strong>importat</strong></span> <span class='ocrx_word' id='word_1_9' title='bbox 605 231 737 293; x_wconf 83' lang='lat' dir='ltr'><strong>respectum</strong></span> <span class='ocrx_word' id='word_1_10' title='bbox 748 228 778 280; x_wconf 91' lang='lat' dir='ltr'><strong>ad</strong></span> <span class='ocrx_word' id='word_1_11' title='bbox 791 230 858 280; x_wconf 86' lang='lat' dir='ltr'><strong>auxi-</strong></span> 
     </span>
     <span class='ocr_line' id='line_1_3' title="bbox 52 295 859 363; baseline 0.004 -14"><span class='ocrx_word' id='word_1_12' title='bbox 52 300 103 349; x_wconf 89' lang='lat' dir='ltr'><strong>lium</strong></span> <span class='ocrx_word' id='word_1_13' title='bbox 115 298 232 362; x_wconf 81' lang='lat' dir='ltr'><strong>diuinum,</strong></span> <span class='ocrx_word' id='word_1_14' title='bbox 242 296 291 349; x_wconf 89' lang='lat' dir='ltr'><strong>siue</strong></span> <span class='ocrx_word' id='word_1_15' title='bbox 301 296 325 349; x_wconf 91' lang='lat' dir='ltr'><strong>id</strong></span> <span class='ocrx_word' id='word_1_16' title='bbox 337 296 400 363; x_wconf 89' lang='lat' dir='ltr'><strong>quod</strong></span> <span class='ocrx_word' id='word_1_17' title='bbox 411 302 513 361; x_wconf 88' lang='lat' dir='ltr'><strong>speratur</strong></span> <span class='ocrx_word' id='word_1_18' title='bbox 527 295 652 360; x_wconf 79' lang='lat' dir='ltr'><strong>uideram,</strong></span> <span class='ocrx_word' id='word_1_19' title='bbox 667 300 717 351; x_wconf 85' lang='lat' dir='ltr'><strong>siue</strong></span> <span class='ocrx_word' id='word_1_20' title='bbox 728 313 777 351; x_wconf 92' lang='lat' dir='ltr'><strong>non</strong></span> <span class='ocrx_word' id='word_1_21' title='bbox 792 301 859 353; x_wconf 76' lang='lat' dir='ltr'><strong>ome</strong></span> 
     </span>
     <span class='ocr_line' id='line_1_4' title="bbox 55 370 119 421; baseline 0.031 -2"><span class='ocrx_word' id='word_1_22' title='bbox 55 370 119 421; x_wconf 86' lang='lat' dir='ltr'><strong>ratur.</strong></span> 
     </span>
    </p>

    <p class='ocr_par' dir='ltr' id='par_1_3' title="bbox 55 439 858 793">
     <span class='ocr_line' id='line_1_5' title="bbox 83 439 857 507; baseline 0.001 -14"><span class='ocrx_word' id='word_1_23' title='bbox 83 442 114 493; x_wconf 78' lang='lat' dir='ltr'><strong>dd</strong></span> <span class='ocrx_word' id='word_1_24' title='bbox 124 443 233 507; x_wconf 69' lang='lat' dir='ltr'><strong>quntum</strong></span> <span class='ocrx_word' id='word_1_25' title='bbox 243 439 374 501; x_wconf 87' lang='lat' dir='ltr'><strong>dicendum,</strong></span> <span class='ocrx_word' id='word_1_26' title='bbox 382 439 444 505; x_wconf 79' lang='lat' dir='ltr'><strong>quid</strong></span> <span class='ocrx_word' id='word_1_27' title='bbox 452 441 627 507; x_wconf 78' lang='lat' dir='ltr'><strong>magnanimitas</strong></span> <span class='ocrx_word' id='word_1_28' title='bbox 635 443 707 494; x_wconf 91' lang='lat' dir='ltr'><strong>tendit</strong></span> <span class='ocrx_word' id='word_1_29' title='bbox 716 444 741 494; x_wconf 92' lang='lat' dir='ltr'><strong>in</strong></span> <span class='ocrx_word' id='word_1_30' title='bbox 751 444 857 507; x_wconf 87' lang='lat' dir='ltr'><strong>arduum,</strong></span> 
     </span>
     <span class='ocr_line' id='line_1_6' title="bbox 55 512 858 580; baseline 0.005 -17"><span class='ocrx_word' id='word_1_31' title='bbox 55 525 144 579; x_wconf 89' lang='lat' dir='ltr'><strong>sperans</strong></span> <span class='ocrx_word' id='word_1_32' title='bbox 155 512 245 577; x_wconf 82' lang='lat' dir='ltr'><strong>atiqarid</strong></span> <span class='ocrx_word' id='word_1_33' title='bbox 255 512 316 577; x_wconf 78' lang='lat' dir='ltr'><strong>quod</strong></span> <span class='ocrx_word' id='word_1_34' title='bbox 328 520 365 563; x_wconf 90' lang='lat' dir='ltr'><strong>est</strong></span> <span class='ocrx_word' id='word_1_35' title='bbox 375 526 422 563; x_wconf 79' lang='lat' dir='ltr'><strong>snm</strong></span> <span class='ocrx_word' id='word_1_36' title='bbox 436 513 556 577; x_wconf 88' lang='lat' dir='ltr'><strong>potestatis</strong></span> <span class='ocrx_word' id='word_1_37' title='bbox 568 530 574 563; x_wconf 77' lang='grc' dir='ltr'><strong>ι</strong></span> <span class='ocrx_word' id='word_1_38' title='bbox 585 514 646 566; x_wconf 87' lang='lat' dir='ltr'><strong>unde</strong></span> <span class='ocrx_word' id='word_1_39' title='bbox 656 516 749 580; x_wconf 83' lang='lat' dir='ltr'><strong>proprio</strong></span> <span class='ocrx_word' id='word_1_40' title='bbox 761 516 858 580; x_wconf 77' lang='lat' dir='ltr'>respicit</span> 
     </span>
     <span class='ocr_line' id='line_1_7' title="bbox 56 582 857 653; baseline 0.006 -20"><span class='ocrx_word' id='word_1_41' title='bbox 56 582 206 647; x_wconf 73' lang='lat' dir='ltr'><strong>operationem</strong></span> <span class='ocrx_word' id='word_1_42' title='bbox 220 583 350 647; x_wconf 87' lang='lat' dir='ltr'><strong>aliquorum</strong></span> <span class='ocrx_word' id='word_1_43' title='bbox 364 596 506 647; x_wconf 87' lang='lat' dir='ltr'><strong>magnorum.</strong></span> <span class='ocrx_word' id='word_1_44' title='bbox 523 583 568 636; x_wconf 87' lang='lat' dir='ltr'><strong>Sed</strong></span> <span class='ocrx_word' id='word_1_45' title='bbox 580 598 649 650; x_wconf 89' lang='lat' dir='ltr'><strong>spes,</strong></span> <span class='ocrx_word' id='word_1_46' title='bbox 661 588 786 638; x_wconf 88' lang='lat' dir='ltr'><strong>secundnm</strong></span> <span class='ocrx_word' id='word_1_47' title='bbox 797 588 857 653; x_wconf 83' lang='lat' dir='ltr'><strong>quod</strong></span> 
     </span>
     <span class='ocr_line' id='line_1_8' title="bbox 56 654 858 722; baseline 0.004 -16"><span class='ocrx_word' id='word_1_48' title='bbox 56 659 90 706; x_wconf 86' lang='lat' dir='ltr'><strong>est</strong></span> <span class='ocrx_word' id='word_1_49' title='bbox 107 656 175 708; x_wconf 77' lang='lat' dir='ltr'><strong>uirtus</strong></span> <span class='ocrx_word' id='word_1_50' title='bbox 187 655 338 719; x_wconf 83' lang='lat' dir='ltr'><strong>theologica,</strong></span> <span class='ocrx_word' id='word_1_51' title='bbox 354 654 447 721; x_wconf 88' lang='lat' dir='ltr'><strong>respicit</strong></span> <span class='ocrx_word' id='word_1_52' title='bbox 465 657 572 722; x_wconf 89' lang='lat' dir='ltr'><strong>arduum,</strong></span> <span class='ocrx_word' id='word_1_53' title='bbox 587 656 678 709; x_wconf 78' lang='lat' dir='ltr'><strong>altadas</strong></span> <span class='ocrx_word' id='word_1_54' title='bbox 691 659 777 711; x_wconf 77' lang='lat' dir='ltr'><strong>auxilio</strong></span> <span class='ocrx_word' id='word_1_55' title='bbox 790 669 858 711; x_wconf 89' lang='lat' dir='ltr'><strong>asse-</strong></span> 
     </span>
     <span class='ocr_line' id='line_1_9' title="bbox 58 725 510 793; baseline 0.002 -16"><span class='ocrx_word' id='word_1_56' title='bbox 58 728 181 793; x_wconf 84' lang='lat' dir='ltr'><strong>quendum,</strong></span> <span class='ocrx_word' id='word_1_57' title='bbox 196 732 224 779; x_wconf 90' lang='lat' dir='ltr'><strong>ut</strong></span> <span class='ocrx_word' id='word_1_58' title='bbox 237 727 325 779; x_wconf 88' lang='lat' dir='ltr'><strong>dictum</strong></span> <span class='ocrx_word' id='word_1_59' title='bbox 342 730 379 777; x_wconf 88' lang='lat' dir='ltr'><strong>est</strong></span> <span class='ocrx_word' id='word_1_60' title='bbox 396 725 452 791; x_wconf 67' lang='lat' dir='ltr'><strong>(art,</strong></span> <span class='ocrx_word' id='word_1_61' title='bbox 468 726 510 791; x_wconf 86' lang='grc'><strong>1).</strong></span> 
     </span>
    </p>
   </div>
   <div class='ocr_carea' id='block_1_3' title="bbox 353 858 567 949">
    <p class='ocr_par' dir='ltr' id='par_1_4' title="bbox 353 858 567 949">
     <span class='ocr_line' id='line_1_10' title="bbox 353 858 567 949; baseline -0.005 0"><span class='ocrx_word' id='word_1_62' title='bbox 353 897 512 949; x_wconf 78' lang='lat' dir='ltr'><strong>mucosus</strong></span> <span class='ocrx_word' id='word_1_63' title='bbox 528 858 567 948; x_wconf 87' lang='grc' dir='ltr'><strong>ιι.</strong></span> 
     </span>
    </p>
   </div>
   <div class='ocr_carea' id='block_1_4' title="bbox 126 1012 782 1141">
    <p class='ocr_par' dir='ltr' id='par_1_5' title="bbox 126 1012 782 1141">
     <span class='ocr_line' id='line_1_11' title="bbox 126 1012 782 1072; baseline 0.002 -11"><span class='ocrx_word' id='word_1_64' title='bbox 126 1013 209 1061; x_wconf 78' lang='lat' dir='ltr'><strong>Utra&#39;cm</strong></span> <span class='ocrx_word' id='word_1_65' title='bbox 217 1026 269 1072; x_wconf 79' lang='lat' dir='ltr'><strong>spes</strong></span> <span class='ocrx_word' id='word_1_66' title='bbox 279 1015 312 1061; x_wconf 81' lang='lat' dir='ltr'><strong>sit</strong></span> <span class='ocrx_word' id='word_1_67' title='bbox 321 1014 401 1059; x_wconf 77' lang='lat' dir='ltr'><strong>virtue</strong></span> <span class='ocrx_word' id='word_1_68' title='bbox 414 1012 530 1060; x_wconf 80' lang='lat' dir='ltr'><strong>dictincta</strong></span> <span class='ocrx_word' id='word_1_69' title='bbox 543 1016 572 1059; x_wconf 89' lang='lat' dir='ltr'><strong>ob</strong></span> <span class='ocrx_word' id='word_1_70' title='bbox 583 1016 638 1060; x_wconf 81' lang='lat' dir='ltr'><strong>otiis</strong></span> <span class='ocrx_word' id='word_1_71' title='bbox 653 1016 782 1062; x_wconf 81' lang='lat' dir='ltr'><strong>virtutibus</strong></span> 
     </span>
     <span class='ocr_line' id='line_1_12' title="bbox 310 1076 529 1141; baseline 0 -18"><span class='ocrx_word' id='word_1_72' title='bbox 310 1136 312 1141; x_wconf 70' lang='lat'>,</span> <span class='ocrx_word' id='word_1_73' title='bbox 387 1076 529 1135; x_wconf 71' lang='lat' dir='ltr'><strong>abeotootcis.</strong></span> 
     </span>
    </p>
   </div>
   <div class='ocr_carea' id='block_1_5' title="bbox 14 1192 863 1409">
    <p class='ocr_par' dir='ltr' id='par_1_6' title="bbox 14 1192 863 1409">
     <span class='ocr_line' id='line_1_13' title="bbox 14 1192 863 1262; baseline 0.001 -14"><span class='ocrx_word' id='word_1_74' title='bbox 14 1192 15 1217; x_wconf 74' lang='lat'>³</span> <span class='ocrx_word' id='word_1_75' title='bbox 86 1198 119 1248; x_wconf 80' lang='lat' dir='ltr'><strong>dd</strong></span> <span class='ocrx_word' id='word_1_76' title='bbox 137 1200 231 1247; x_wconf 85' lang='lat' dir='ltr'><strong>sertum</strong></span> <span class='ocrx_word' id='word_1_77' title='bbox 250 1196 286 1246; x_wconf 98' lang='grc' dir='ltr'><strong>ιιι</strong></span> <span class='ocrx_word' id='word_1_78' title='bbox 300 1194 432 1259; x_wconf 77' lang='lat' dir='ltr'><strong>proceditur</strong></span> <span class='ocrx_word' id='word_1_79' title='bbox 445 1196 489 1261; x_wconf 80' lang='lat' dir='ltr'><strong>(t),</strong></span> <span class='ocrx_word' id='word_1_80' title='bbox 505 1196 601 1248; x_wconf 86' lang='lat' dir='ltr'><strong>Videtur</strong></span> <span class='ocrx_word' id='word_1_81' title='bbox 619 1197 679 1261; x_wconf 80' lang='lat' dir='ltr'><strong>quod</strong></span> <span class='ocrx_word' id='word_1_82' title='bbox 696 1210 751 1262; x_wconf 91' lang='lat' dir='ltr'><strong>spes</strong></span> <span class='ocrx_word' id='word_1_83' title='bbox 764 1208 810 1248; x_wconf 92' lang='lat' dir='ltr'><strong>non</strong></span> <span class='ocrx_word' id='word_1_84' title='bbox 832 1197 863 1249; x_wconf 89' lang='lat' dir='ltr'><strong>sit</strong></span> 
     </span>
     <span class='ocr_line' id='line_1_14' title="bbox 59 1266 863 1337; baseline -0.001 -17"><span class='ocrx_word' id='word_1_85' title='bbox 59 1270 129 1320; x_wconf 80' lang='lat' dir='ltr'><strong>uirtus</strong></span> <span class='ocrx_word' id='word_1_86' title='bbox 142 1268 255 1319; x_wconf 84' lang='grc' dir='ltr'><strong>(ιιιιιιιιι</strong></span> <span class='ocrx_word' id='word_1_87' title='bbox 270 1268 299 1318; x_wconf 90' lang='lat' dir='ltr'><strong>ab</strong></span> <span class='ocrx_word' id='word_1_88' title='bbox 317 1266 368 1317; x_wconf 87' lang='lat' dir='ltr'><strong>aliis</strong></span> <span class='ocrx_word' id='word_1_89' title='bbox 387 1266 510 1319; x_wconf 74' lang='lat' dir='ltr'><strong>virtmibns</strong></span> <span class='ocrx_word' id='word_1_90' title='bbox 526 1268 669 1337; x_wconf 85' lang='lat' dir='ltr'><strong>theologieis.</strong></span> <span class='ocrx_word' id='word_1_91' title='bbox 690 1270 787 1321; x_wconf 83' lang='lat' dir='ltr'><strong>Habitus</strong></span> <span class='ocrx_word' id='word_1_92' title='bbox 801 1269 863 1320; x_wconf 90' lang='lat' dir='ltr'><strong>enim</strong></span> 
     </span>
     <span class='ocr_line' id='line_1_15' title="bbox 59 1338 862 1409; baseline 0.002 -19"><span class='ocrx_word' id='word_1_93' title='bbox 59 1340 230 1404; x_wconf 85' lang='lat' dir='ltr'><strong>distinguuntur</strong></span> <span class='ocrx_word' id='word_1_94' title='bbox 242 1338 368 1391; x_wconf 85' lang='lat' dir='ltr'><strong>secundnm</strong></span> <span class='ocrx_word' id='word_1_95' title='bbox 384 1338 488 1402; x_wconf 87' lang='lat' dir='ltr'><strong>objecta,</strong></span> <span class='ocrx_word' id='word_1_96' title='bbox 504 1341 531 1388; x_wconf 88' lang='lat' dir='ltr'><strong>ut</strong></span> <span class='ocrx_word' id='word_1_97' title='bbox 543 1340 612 1404; x_wconf 78' lang='lat' dir='ltr'><strong>supra</strong></span> <span class='ocrx_word' id='word_1_98' title='bbox 624 1341 710 1391; x_wconf 87' lang='lat' dir='ltr'><strong>dietum</strong></span> <span class='ocrx_word' id='word_1_99' title='bbox 721 1344 758 1392; x_wconf 90' lang='lat' dir='ltr'><strong>est</strong></span> <span class='ocrx_word' id='word_1_100' title='bbox 769 1342 810 1403; x_wconf 81' lang='lat' dir='ltr'><strong>(t,</strong></span> <span class='ocrx_word' id='word_1_101' title='bbox 826 1345 862 1409; x_wconf 56' lang='grc' dir='ltr'><strong>ι,</strong></span> 
     </span>
    </p>
   </div>
   <div class='ocr_carea' id='block_1_6' title="bbox 57 1408 892 2329">
    <p class='ocr_par' dir='ltr' id='par_1_7' title="bbox 58 1408 892 1616">
     <span class='ocr_line' id='line_1_16' title="bbox 59 1408 892 1482; baseline 0 -21"><span class='ocrx_word' id='word_1_102' title='bbox 59 1426 96 1473; x_wconf 84' lang='lat' dir='ltr'><strong>qn.</strong></span> <span class='ocrx_word' id='word_1_103' title='bbox 111 1415 160 1473; x_wconf 77' lang='grc' dir='ltr'><strong>ιι,</strong></span> <span class='ocrx_word' id='word_1_104' title='bbox 174 1413 220 1460; x_wconf 92' lang='lat' dir='ltr'><strong>art.</strong></span> <span class='ocrx_word' id='word_1_105' title='bbox 235 1408 280 1473; x_wconf 73' lang='grc' dir='ltr'><strong>ι).</strong></span> <span class='ocrx_word' id='word_1_106' title='bbox 293 1409 338 1461; x_wconf 85' lang='lat' dir='ltr'><strong>Sed</strong></span> <span class='ocrx_word' id='word_1_107' title='bbox 352 1408 413 1459; x_wconf 91' lang='lat' dir='ltr'><strong>idem</strong></span> <span class='ocrx_word' id='word_1_108' title='bbox 427 1412 463 1459; x_wconf 86' lang='lat' dir='ltr'><strong>est</strong></span> <span class='ocrx_word' id='word_1_109' title='bbox 478 1410 593 1473; x_wconf 88' lang='lat' dir='ltr'><strong>objectum</strong></span> <span class='ocrx_word' id='word_1_110' title='bbox 606 1410 656 1474; x_wconf 88' lang='lat' dir='ltr'><strong>spei</strong></span> <span class='ocrx_word' id='word_1_111' title='bbox 669 1414 693 1461; x_wconf 90' lang='lat' dir='ltr'><strong>et</strong></span> <span class='ocrx_word' id='word_1_112' title='bbox 705 1411 801 1461; x_wconf 80' lang='lat' dir='ltr'><strong>aliarum</strong></span> <span class='ocrx_word' id='word_1_113' title='bbox 812 1412 861 1461; x_wconf 78' lang='lat' dir='ltr'><strong>vir·</strong></span> <span class='ocrx_word' id='word_1_114' title='bbox 888 1473 892 1482; x_wconf 18' lang='grc' dir='ltr'><strong><em>ἢ</em></strong></span> 
     </span>
     <span class='ocr_line' id='line_1_17' title="bbox 58 1479 860 1545; baseline 0.002 -15"><span class='ocrx_word' id='word_1_115' title='bbox 58 1486 132 1533; x_wconf 85' lang='lat' dir='ltr'><strong>tutum</strong></span> <span class='ocrx_word' id='word_1_116' title='bbox 144 1480 337 1545; x_wconf 77' lang='lat' dir='ltr'><strong>theologicarum.</strong></span> <span class='ocrx_word' id='word_1_117' title='bbox 350 1479 410 1542; x_wconf 82' lang='lat' dir='ltr'><strong>Ergo</strong></span> <span class='ocrx_word' id='word_1_118' title='bbox 420 1492 473 1544; x_wconf 85' lang='lat' dir='ltr'><strong>spes</strong></span> <span class='ocrx_word' id='word_1_119' title='bbox 482 1494 530 1531; x_wconf 93' lang='lat' dir='ltr'><strong>non</strong></span> <span class='ocrx_word' id='word_1_120' title='bbox 543 1479 688 1544; x_wconf 84' lang='lat' dir='ltr'><strong>distinguitur</strong></span> <span class='ocrx_word' id='word_1_121' title='bbox 698 1482 727 1531; x_wconf 85' lang='lat' dir='ltr'><strong>ab</strong></span> <span class='ocrx_word' id='word_1_122' title='bbox 741 1481 792 1533; x_wconf 87' lang='lat' dir='ltr'><strong>aliis</strong></span> <span class='ocrx_word' id='word_1_123' title='bbox 808 1481 860 1532; x_wconf 80' lang='lat' dir='ltr'><strong>via·</strong></span> 
     </span>
     <span class='ocr_line' id='line_1_18' title="bbox 58 1552 301 1616; baseline -0.004 -13"><span class='ocrx_word' id='word_1_124' title='bbox 58 1554 146 1603; x_wconf 86' lang='lat' dir='ltr'><strong>tutibus</strong></span> <span class='ocrx_word' id='word_1_125' title='bbox 157 1552 301 1616; x_wconf 76' lang='lat' dir='ltr'><strong>theologicis.</strong></span> 
     </span>
    </p>

    <p class='ocr_par' dir='ltr' id='par_1_8' title="bbox 57 1622 865 1903">
     <span class='ocr_line' id='line_1_19' title="bbox 89 1622 862 1689; baseline 0.004 -18"><span class='ocrx_word' id='word_1_126' title='bbox 89 1629 117 1673; x_wconf 75' lang='lat' dir='ltr'><strong>s.</strong></span> <span class='ocrx_word' id='word_1_127' title='bbox 131 1624 259 1687; x_wconf 65' lang='lat' dir='ltr'><strong>Praeterea,</strong></span> <span class='ocrx_word' id='word_1_128' title='bbox 274 1623 300 1673; x_wconf 88' lang='grc' dir='ltr'><strong>ιι</strong></span> <span class='ocrx_word' id='word_1_129' title='bbox 320 1623 422 1687; x_wconf 76' lang='lat' dir='ltr'><strong>symbolo</strong></span> <span class='ocrx_word' id='word_1_130' title='bbox 438 1623 508 1686; x_wconf 86' lang='lat' dir='ltr'><strong>idei,</strong></span> <span class='ocrx_word' id='word_1_131' title='bbox 523 1622 549 1673; x_wconf 91' lang='grc' dir='ltr'><strong>ιι</strong></span> <span class='ocrx_word' id='word_1_132' title='bbox 565 1633 614 1687; x_wconf 83' lang='lat' dir='ltr'><strong>quo</strong></span> <span class='ocrx_word' id='word_1_133' title='bbox 634 1623 703 1673; x_wconf 87' lang='lat' dir='ltr'><strong>tidem</strong></span> <span class='ocrx_word' id='word_1_134' title='bbox 722 1622 862 1689; x_wconf 79' lang='lat' dir='ltr'><strong>profitemur,</strong></span> 
     </span>
     <span class='ocr_line' id='line_1_20' title="bbox 57 1693 863 1760; baseline -0.002 -14"><span class='ocrx_word' id='word_1_135' title='bbox 57 1693 168 1747; x_wconf 91' lang='lat' dir='ltr'><strong>dicitnr:</strong></span> <span class='ocrx_word' id='word_1_136' title='bbox 185 1710 198 1741; x_wconf 82' lang='lat' dir='ltr'><strong>a</strong></span> <span class='ocrx_word' id='word_1_137' title='bbox 206 1695 307 1760; x_wconf 79' lang='lat' dir='ltr'><strong>Expecto</strong></span> <span class='ocrx_word' id='word_1_138' title='bbox 320 1694 511 1747; x_wconf 81' lang='lat' dir='ltr'><strong>resurrectionem</strong></span> <span class='ocrx_word' id='word_1_139' title='bbox 527 1696 677 1756; x_wconf 76' lang='lat' dir='ltr'><strong>momorum,</strong></span> <span class='ocrx_word' id='word_1_140' title='bbox 691 1697 715 1744; x_wconf 90' lang='lat' dir='ltr'><strong>et</strong></span> <span class='ocrx_word' id='word_1_141' title='bbox 727 1694 799 1743; x_wconf 79' lang='lat' dir='ltr'><strong>vitam</strong></span> <span class='ocrx_word' id='word_1_142' title='bbox 807 1706 863 1744; x_wconf 81' lang='lat' dir='ltr'><strong>ren-</strong></span> 
     </span>
     <span class='ocr_line' id='line_1_21' title="bbox 58 1764 865 1829; baseline 0 -13"><span class='ocrx_word' id='word_1_143' title='bbox 58 1765 204 1817; x_wconf 68' lang='lat' dir='ltr'><strong>turissendi.</strong></span> <span class='ocrx_word' id='word_1_144' title='bbox 221 1782 235 1813; x_wconf 80' lang='lat' dir='ltr'><strong>o</strong></span> <span class='ocrx_word' id='word_1_145' title='bbox 248 1766 294 1817; x_wconf 85' lang='lat' dir='ltr'><strong>Sed</strong></span> <span class='ocrx_word' id='word_1_146' title='bbox 308 1766 435 1829; x_wconf 72' lang='lat' dir='ltr'><strong>expectatio</strong></span> <span class='ocrx_word' id='word_1_147' title='bbox 453 1766 537 1817; x_wconf 83' lang='lat' dir='ltr'><strong>futura</strong></span> <span class='ocrx_word' id='word_1_148' title='bbox 556 1764 703 1815; x_wconf 77' lang='lat' dir='ltr'><strong>beatitudinis</strong></span> <span class='ocrx_word' id='word_1_149' title='bbox 719 1764 820 1829; x_wconf 84' lang='lat' dir='ltr'><strong>pertinet</strong></span> <span class='ocrx_word' id='word_1_150' title='bbox 837 1766 865 1816; x_wconf 90' lang='lat' dir='ltr'><strong>ad</strong></span> 
     </span>
     <span class='ocr_line' id='line_1_22' title="bbox 57 1834 863 1903; baseline 0 -16"><span class='ocrx_word' id='word_1_151' title='bbox 57 1850 138 1903; x_wconf 86' lang='lat' dir='ltr'><strong>spem,</strong></span> <span class='ocrx_word' id='word_1_152' title='bbox 154 1840 182 1887; x_wconf 88' lang='grc' dir='ltr'><strong>ιι</strong></span> <span class='ocrx_word' id='word_1_153' title='bbox 195 1836 263 1901; x_wconf 76' lang='lat' dir='ltr'><strong>snpra</strong></span> <span class='ocrx_word' id='word_1_154' title='bbox 276 1837 363 1887; x_wconf 89' lang='lat' dir='ltr'><strong>dietum</strong></span> <span class='ocrx_word' id='word_1_155' title='bbox 376 1840 421 1887; x_wconf 84' lang='lat' dir='ltr'><strong>est.</strong></span> <span class='ocrx_word' id='word_1_156' title='bbox 435 1837 493 1899; x_wconf 77' lang='lat' dir='ltr'><strong>Ergo</strong></span> <span class='ocrx_word' id='word_1_157' title='bbox 509 1849 562 1899; x_wconf 90' lang='lat' dir='ltr'><strong>spes</strong></span> <span class='ocrx_word' id='word_1_158' title='bbox 571 1836 585 1885; x_wconf 81' lang='lat' dir='ltr'><strong>a</strong></span> <span class='ocrx_word' id='word_1_159' title='bbox 593 1836 640 1887; x_wconf 88' lang='lat' dir='ltr'><strong>fide</strong></span> <span class='ocrx_word' id='word_1_160' title='bbox 649 1848 696 1887; x_wconf 92' lang='lat' dir='ltr'><strong>non</strong></span> <span class='ocrx_word' id='word_1_161' title='bbox 709 1834 863 1899; x_wconf 81' lang='lat' dir='ltr'><strong>distinguitur.</strong></span> 
     </span>
    </p>

    <p class='ocr_par' dir='ltr' id='par_1_9' title="bbox 58 1906 864 2046">
     <span class='ocr_line' id='line_1_23' title="bbox 91 1906 864 1972; baseline -0.001 -13"><span class='ocrx_word' id='word_1_162' title='bbox 91 1914 114 1959; x_wconf 78' lang='grc' dir='ltr'><strong>ι.</strong></span> <span class='ocrx_word' id='word_1_163' title='bbox 121 1911 246 1971; x_wconf 70' lang='grc' dir='ltr'><strong>Ριιιιιιι,</strong></span> <span class='ocrx_word' id='word_1_164' title='bbox 255 1920 297 1972; x_wconf 89' lang='lat' dir='ltr'><strong>per.</strong></span> <span class='ocrx_word' id='word_1_165' title='bbox 305 1920 372 1971; x_wconf 88' lang='lat' dir='ltr'><strong>spem</strong></span> <span class='ocrx_word' id='word_1_166' title='bbox 381 1908 450 1957; x_wconf 87' lang='lat' dir='ltr'><strong>bomo</strong></span> <span class='ocrx_word' id='word_1_167' title='bbox 458 1907 532 1958; x_wconf 85' lang='grc' dir='ltr'><strong>ιιιιιι</strong></span> <span class='ocrx_word' id='word_1_168' title='bbox 540 1907 565 1956; x_wconf 93' lang='lat' dir='ltr'><strong>in</strong></span> <span class='ocrx_word' id='word_1_169' title='bbox 573 1908 654 1957; x_wconf 82' lang='lat' dir='ltr'><strong>Deum</strong></span> <span class='ocrx_word' id='word_1_170' title='bbox 665 1906 711 1958; x_wconf 83' lang='lat' dir='ltr'><strong>Sed</strong></span> <span class='ocrx_word' id='word_1_171' title='bbox 719 1908 763 1958; x_wconf 86' lang='lat' dir='ltr'><strong>boc</strong></span> <span class='ocrx_word' id='word_1_172' title='bbox 770 1908 864 1971; x_wconf 79' lang='lat' dir='ltr'><strong>proprie</strong></span> 
     </span>
     <span class='ocr_line' id='line_1_24' title="bbox 58 1977 863 2046; baseline 0 -15"><span class='ocrx_word' id='word_1_173' title='bbox 58 1981 158 2046; x_wconf 91' lang='lat' dir='ltr'><strong>pertinet</strong></span> <span class='ocrx_word' id='word_1_174' title='bbox 171 1980 200 2031; x_wconf 91' lang='lat' dir='ltr'><strong>ad</strong></span> <span class='ocrx_word' id='word_1_175' title='bbox 212 1979 354 2029; x_wconf 85' lang='lat' dir='ltr'><strong>charitatem.</strong></span> <span class='ocrx_word' id='word_1_176' title='bbox 364 1978 424 2041; x_wconf 83' lang='lat' dir='ltr'><strong>Ergo</strong></span> <span class='ocrx_word' id='word_1_177' title='bbox 438 1977 516 2042; x_wconf 82' lang='lat' dir='ltr'><strong>spesi</strong></span> <span class='ocrx_word' id='word_1_178' title='bbox 528 1977 638 2027; x_wconf 81' lang='lat' dir='ltr'><strong>enaritate</strong></span> <span class='ocrx_word' id='word_1_179' title='bbox 650 1990 697 2028; x_wconf 90' lang='lat' dir='ltr'><strong>non</strong></span> <span class='ocrx_word' id='word_1_180' title='bbox 707 1977 863 2043; x_wconf 81' lang='lat' dir='ltr'><strong>distinguitur.</strong></span> 
     </span>
    </p>

    <p class='ocr_par' dir='ltr' id='par_1_10' title="bbox 59 2047 867 2329">
     <span class='ocr_line' id='line_1_25' title="bbox 90 2047 863 2114; baseline -0.005 -11"><span class='ocrx_word' id='word_1_181' title='bbox 90 2052 136 2103; x_wconf 86' lang='lat' dir='ltr'><strong>Sed</strong></span> <span class='ocrx_word' id='word_1_182' title='bbox 150 2054 248 2114; x_wconf 89' lang='lat' dir='ltr'><strong>eontra,</strong></span> <span class='ocrx_word' id='word_1_183' title='bbox 266 2048 306 2099; x_wconf 88' lang='lat' dir='ltr'><strong>ubi</strong></span> <span class='ocrx_word' id='word_1_184' title='bbox 321 2052 419 2099; x_wconf 85' lang='lat' dir='ltr'><strong>nonest</strong></span> <span class='ocrx_word' id='word_1_185' title='bbox 437 2048 568 2112; x_wconf 83' lang='lat' dir='ltr'><strong>distinctio,</strong></span> <span class='ocrx_word' id='word_1_186' title='bbox 583 2047 615 2097; x_wconf 92' lang='lat' dir='ltr'><strong>ibi</strong></span> <span class='ocrx_word' id='word_1_187' title='bbox 630 2061 678 2099; x_wconf 94' lang='lat' dir='ltr'><strong>non</strong></span> <span class='ocrx_word' id='word_1_188' title='bbox 693 2052 728 2100; x_wconf 86' lang='lat' dir='ltr'><strong>est</strong></span> <span class='ocrx_word' id='word_1_189' title='bbox 744 2062 863 2099; x_wconf 88' lang='lat' dir='ltr'><strong>numerus.</strong></span> 
     </span>
     <span class='ocr_line' id='line_1_26' title="bbox 60 2119 866 2188; baseline -0.005 -15"><span class='ocrx_word' id='word_1_190' title='bbox 60 2124 104 2173; x_wconf 81' lang='lat' dir='ltr'><strong>Sed</strong></span> <span class='ocrx_word' id='word_1_191' title='bbox 114 2135 170 2188; x_wconf 83' lang='lat' dir='ltr'><strong>spes</strong></span> <span class='ocrx_word' id='word_1_192' title='bbox 183 2122 363 2173; x_wconf 81' lang='lat' dir='ltr'><strong>connumeratur</strong></span> <span class='ocrx_word' id='word_1_193' title='bbox 375 2119 427 2170; x_wconf 83' lang='lat' dir='ltr'><strong>attis</strong></span> <span class='ocrx_word' id='word_1_194' title='bbox 437 2120 561 2171; x_wconf 84' lang='lat' dir='ltr'><strong>uirtutibus</strong></span> <span class='ocrx_word' id='word_1_195' title='bbox 573 2120 722 2186; x_wconf 78' lang='lat' dir='ltr'><strong>theologicis3</strong></span> <span class='ocrx_word' id='word_1_196' title='bbox 735 2119 790 2170; x_wconf 90' lang='lat' dir='ltr'><strong>dicit</strong></span> <span class='ocrx_word' id='word_1_197' title='bbox 805 2120 866 2170; x_wconf 88' lang='lat' dir='ltr'><strong>enim</strong></span> 
     </span>
     <span class='ocr_line' id='line_1_27' title="bbox 60 2189 867 2257; baseline -0.004 -13"><span class='ocrx_word' id='word_1_198' title='bbox 60 2194 182 2257; x_wconf 81' lang='lat' dir='ltr'><strong>Gregorius</strong></span> <span class='ocrx_word' id='word_1_199' title='bbox 194 2192 220 2243; x_wconf 91' lang='lat' dir='ltr'><strong>in</strong></span> <span class='ocrx_word' id='word_1_200' title='bbox 233 2194 253 2244; x_wconf 89' lang='lat' dir='ltr'><strong>t.</strong></span> <span class='ocrx_word' id='word_1_201' title='bbox 268 2190 363 2243; x_wconf 86' lang='lat' dir='ltr'><strong>dtorul.</strong></span> <span class='ocrx_word' id='word_1_202' title='bbox 378 2190 423 2255; x_wconf 78' lang='grc' dir='ltr'><strong>(ιι,</strong></span> <span class='ocrx_word' id='word_1_203' title='bbox 434 2203 484 2242; x_wconf 82' lang='lat' dir='ltr'><strong>esse</strong></span> <span class='ocrx_word' id='word_1_204' title='bbox 497 2193 545 2241; x_wconf 87' lang='lat' dir='ltr'><strong>tres</strong></span> <span class='ocrx_word' id='word_1_205' title='bbox 556 2189 665 2253; x_wconf 75' lang='lat' dir='ltr'><strong>vitaer,</strong></span> <span class='ocrx_word' id='word_1_206' title='bbox 676 2191 830 2255; x_wconf 72' lang='lat' dir='ltr'><strong>epomidem</strong></span> <span class='ocrx_word' id='word_1_207' title='bbox 842 2195 867 2245; x_wconf 89' lang='lat' dir='ltr'><strong>et</strong></span> 
     </span>
     <span class='ocr_line' id='line_1_28' title="bbox 59 2261 866 2329; baseline 0.001 -15"><span class='ocrx_word' id='word_1_208' title='bbox 59 2265 156 2320; x_wconf 78' lang='lat' dir='ltr'><strong>ritatem</strong></span> <span class='ocrx_word' id='word_1_209' title='bbox 172 2266 234 2329; x_wconf 87' lang='lat' dir='ltr'><strong>iirgo</strong></span> <span class='ocrx_word' id='word_1_210' title='bbox 247 2276 301 2329; x_wconf 83' lang='lat' dir='ltr'><strong>spes</strong></span> <span class='ocrx_word' id='word_1_211' title='bbox 309 2267 345 2315; x_wconf 87' lang='lat' dir='ltr'><strong>est</strong></span> <span class='ocrx_word' id='word_1_212' title='bbox 358 2262 430 2315; x_wconf 83' lang='lat' dir='ltr'><strong>virtus</strong></span> <span class='ocrx_word' id='word_1_213' title='bbox 441 2262 549 2314; x_wconf 84' lang='lat' dir='ltr'><strong>distincta</strong></span> <span class='ocrx_word' id='word_1_214' title='bbox 562 2262 591 2314; x_wconf 90' lang='lat' dir='ltr'><strong>ab</strong></span> <span class='ocrx_word' id='word_1_215' title='bbox 604 2261 654 2313; x_wconf 85' lang='lat' dir='ltr'><strong>aliis</strong></span> <span class='ocrx_word' id='word_1_216' title='bbox 664 2262 788 2315; x_wconf 86' lang='lat' dir='ltr'><strong>virtutibus</strong></span> <span class='ocrx_word' id='word_1_217' title='bbox 801 2265 866 2315; x_wconf 80' lang='lat' dir='ltr'><strong>theo</strong></span> 
     </span>
    </p>
   </div>
   <div class='ocr_carea' id='block_1_7' title="bbox 63 2337 866 2473">
    <p class='ocr_par' dir='ltr' id='par_1_11' title="bbox 63 2337 866 2473">
     <span class='ocr_line' id='line_1_29' title="bbox 63 2337 866 2473; baseline -0.005 -11"><span class='ocrx_word' id='word_1_218' title='bbox 63 2337 254 2473; x_wconf 56' lang='lat' dir='ltr'><strong>logtwclguucnsrn</strong></span> <span class='ocrx_word' id='word_1_219' title='bbox 262 2407 363 2473; x_wconf 85' lang='lat' dir='ltr'><strong>-Spes</strong></span> <span class='ocrx_word' id='word_1_220' title='bbox 375 2408 453 2459; x_wconf 65' lang='lat' dir='ltr'><strong>tonna</strong></span> <span class='ocrx_word' id='word_1_221' title='bbox 462 2406 521 2458; x_wconf 87' lang='lat' dir='ltr'><strong>alias</strong></span> <span class='ocrx_word' id='word_1_222' title='bbox 529 2404 669 2469; x_wconf 85' lang='lat' dir='ltr'><strong>theologicas</strong></span> <span class='ocrx_word' id='word_1_223' title='bbox 676 2406 774 2460; x_wconf 77' lang='lat' dir='ltr'><strong>untutm</strong></span> <span class='ocrx_word' id='word_1_224' title='bbox 785 2406 866 2459; x_wconf 82' lang='lat' dir='ltr'><strong>distin</strong></span> 
     </span>
    </p>
   </div>
   <div class='ocr_carea' id='block_1_8' title="bbox 58 2546 867 2939">
    <p class='ocr_par' dir='ltr' id='par_1_12' title="bbox 58 2546 867 2939">
     <span class='ocr_line' id='line_1_30' title="bbox 92 2546 867 2611; baseline 0 -16"><span class='ocrx_word' id='word_1_225' title='bbox 92 2546 127 2611; x_wconf 84' lang='grc' dir='ltr'><strong>(ί)</strong></span> <span class='ocrx_word' id='word_1_226' title='bbox 140 2552 176 2597; x_wconf 84' lang='lat' dir='ltr'><strong>Dc</strong></span> <span class='ocrx_word' id='word_1_227' title='bbox 185 2550 222 2597; x_wconf 89' lang='lat' dir='ltr'><strong>bis</strong></span> <span class='ocrx_word' id='word_1_228' title='bbox 232 2549 303 2596; x_wconf 84' lang='lat' dir='ltr'><strong>ettam</strong></span> <span class='ocrx_word' id='word_1_229' title='bbox 312 2549 337 2593; x_wconf 93' lang='lat' dir='ltr'><strong>in</strong></span> <span class='ocrx_word' id='word_1_230' title='bbox 347 2548 395 2607; x_wconf 89' lang='lat'>111,</span> <span class='ocrx_word' id='word_1_231' title='bbox 407 2546 485 2599; x_wconf 73' lang='lat' dir='ltr'><strong>Sami..</strong></span> <span class='ocrx_word' id='word_1_232' title='bbox 493 2549 547 2595; x_wconf 86' lang='lat' dir='ltr'><strong>dist.</strong></span> <span class='ocrx_word' id='word_1_233' title='bbox 560 2546 600 2607; x_wconf 81' lang='lat' dir='ltr'><strong>ao,</strong></span> <span class='ocrx_word' id='word_1_234' title='bbox 610 2560 650 2605; x_wconf 84' lang='lat' dir='ltr'><strong>qu.</strong></span> <span class='ocrx_word' id='word_1_235' title='bbox 662 2548 687 2609; x_wconf 66' lang='grc' dir='ltr'><strong>ι,</strong></span> <span class='ocrx_word' id='word_1_236' title='bbox 695 2553 738 2594; x_wconf 88' lang='lat' dir='ltr'><strong>art.</strong></span> <span class='ocrx_word' id='word_1_237' title='bbox 749 2548 779 2608; x_wconf 78' lang='lat'><strong>³,</strong></span> <span class='ocrx_word' id='word_1_238' title='bbox 790 2562 867 2606; x_wconf 81' lang='lat' dir='ltr'><strong>quass-</strong></span> 
     </span>
     <span class='ocr_line' id='line_1_31' title="bbox 58 2609 866 2672; baseline -0.001 -15"><span class='ocrx_word' id='word_1_239' title='bbox 58 2613 132 2660; x_wconf 83' lang='lat' dir='ltr'><strong>tiunn.</strong></span> <span class='ocrx_word' id='word_1_240' title='bbox 147 2612 178 2667; x_wconf 80' lang='lat'><strong>13</strong></span> <span class='ocrx_word' id='word_1_241' title='bbox 194 2617 220 2659; x_wconf 89' lang='lat' dir='ltr'><strong>et</strong></span> <span class='ocrx_word' id='word_1_242' title='bbox 233 2625 274 2669; x_wconf 89' lang='lat' dir='ltr'><strong>qn.</strong></span> <span class='ocrx_word' id='word_1_243' title='bbox 295 2611 325 2671; x_wconf 74' lang='lat'><strong>2,</strong></span> <span class='ocrx_word' id='word_1_244' title='bbox 343 2610 372 2657; x_wconf 85' lang='lat' dir='ltr'><strong>do</strong></span> <span class='ocrx_word' id='word_1_245' title='bbox 386 2610 475 2670; x_wconf 76' lang='lat' dir='ltr'><strong>virtut,</strong></span> <span class='ocrx_word' id='word_1_246' title='bbox 495 2616 539 2657; x_wconf 88' lang='lat' dir='ltr'><strong>art.</strong></span> <span class='ocrx_word' id='word_1_247' title='bbox 557 2609 587 2671; x_wconf 82' lang='lat'><strong>3,</strong></span> <span class='ocrx_word' id='word_1_248' title='bbox 600 2610 625 2656; x_wconf 92' lang='lat' dir='ltr'><strong>in</strong></span> <span class='ocrx_word' id='word_1_249' title='bbox 643 2622 724 2672; x_wconf 83' lang='lat' dir='ltr'><strong>eorp.;</strong></span> <span class='ocrx_word' id='word_1_250' title='bbox 740 2617 765 2657; x_wconf 92' lang='lat' dir='ltr'><strong>et</strong></span> <span class='ocrx_word' id='word_1_251' title='bbox 780 2624 820 2668; x_wconf 86' lang='lat' dir='ltr'><strong>qu.</strong></span> <span class='ocrx_word' id='word_1_252' title='bbox 835 2611 866 2671; x_wconf 84' lang='lat' dir='ltr'><strong>t,</strong></span> 
     </span>
     <span class='ocr_line' id='line_1_32' title="bbox 63 2675 866 2809; baseline -0.001 -18"><span class='ocrx_word' id='word_1_253' title='bbox 63 2675 240 2809; x_wconf 39' lang='lat' dir='ltr'><strong>mtssizdcffp.</strong></span> <span class='ocrx_word' id='word_1_254' title='bbox 254 2746 286 2792; x_wconf 74' lang='lat' dir='ltr'><strong>ta</strong></span> <span class='ocrx_word' id='word_1_255' title='bbox 302 2750 326 2792; x_wconf 91' lang='lat' dir='ltr'><strong>et</strong></span> <span class='ocrx_word' id='word_1_256' title='bbox 342 2758 395 2803; x_wconf 89' lang='lat' dir='ltr'><strong>cap.</strong></span> <span class='ocrx_word' id='word_1_257' title='bbox 407 2743 436 2789; x_wconf 82' lang='grc'><strong>16</strong></span> <span class='ocrx_word' id='word_1_258' title='bbox 448 2745 526 2791; x_wconf 80' lang='lat' dir='ltr'><strong>uidere</strong></span> <span class='ocrx_word' id='word_1_259' title='bbox 540 2749 577 2791; x_wconf 88' lang='lat' dir='ltr'><strong>est</strong></span> <span class='ocrx_word' id='word_1_260' title='bbox 588 2742 641 2806; x_wconf 81' lang='lat' dir='ltr'><strong>(vei</strong></span> <span class='ocrx_word' id='word_1_261' title='bbox 653 2758 707 2803; x_wconf 88' lang='lat' dir='ltr'><strong>cap.</strong></span> <span class='ocrx_word' id='word_1_262' title='bbox 722 2744 768 2805; x_wconf 69' lang='lat'><strong>28,</strong></span> <span class='ocrx_word' id='word_1_263' title='bbox 779 2745 804 2790; x_wconf 93' lang='lat' dir='ltr'><strong>in</strong></span> <span class='ocrx_word' id='word_1_264' title='bbox 815 2744 866 2790; x_wconf 91' lang='lat' dir='ltr'><strong>aliis</strong></span> 
     </span>
     <span class='ocr_line' id='line_1_33' title="bbox 60 2806 865 2871; baseline -0.007 -14"><span class='ocrx_word' id='word_1_265' title='bbox 60 2806 257 2871; x_wconf 82' lang='lat' dir='ltr'><strong>exemplaribus),</strong></span> <span class='ocrx_word' id='word_1_266' title='bbox 273 2810 315 2855; x_wconf 89' lang='lat' dir='ltr'><strong>ubi</strong></span> <span class='ocrx_word' id='word_1_267' title='bbox 326 2811 374 2855; x_wconf 85' lang='lat' dir='ltr'><strong>tres</strong></span> <span class='ocrx_word' id='word_1_268' title='bbox 384 2806 443 2853; x_wconf 81' lang='lat' dir='ltr'><strong>illias</strong></span> <span class='ocrx_word' id='word_1_269' title='bbox 453 2808 500 2855; x_wconf 82' lang='lat' dir='ltr'><strong>tob</strong></span> <span class='ocrx_word' id='word_1_270' title='bbox 516 2807 550 2853; x_wconf 89' lang='lat' dir='ltr'><strong>sin</strong></span> <span class='ocrx_word' id='word_1_271' title='bbox 564 2808 665 2867; x_wconf 85' lang='lat' dir='ltr'><strong>explicat</strong></span> <span class='ocrx_word' id='word_1_272' title='bbox 675 2807 788 2867; x_wconf 69' lang='lat' dir='ltr'><strong>mystiodr</strong></span> <span class='ocrx_word' id='word_1_273' title='bbox 805 2807 865 2853; x_wconf 83' lang='lat' dir='ltr'><strong>sicut</strong></span> 
     </span>
     <span class='ocr_line' id='line_1_34' title="bbox 62 2868 587 2939; baseline -0.008 -18"><span class='ocrx_word' id='word_1_274' title='bbox 62 2880 85 2921; x_wconf 83' lang='lat' dir='ltr'><strong>et</strong></span> <span class='ocrx_word' id='word_1_275' title='bbox 92 2886 135 2935; x_wconf 90' lang='lat' dir='ltr'><strong>per</strong></span> <span class='ocrx_word' id='word_1_276' title='bbox 144 2876 238 2939; x_wconf 71' lang='lat' dir='ltr'><strong>septem</strong></span> <span class='ocrx_word' id='word_1_277' title='bbox 245 2870 308 2921; x_wconf 83' lang='lat' dir='ltr'><strong>tilios</strong></span> <span class='ocrx_word' id='word_1_278' title='bbox 320 2870 383 2922; x_wconf 85' lang='lat' dir='ltr'><strong>dona</strong></span> <span class='ocrx_word' id='word_1_279' title='bbox 395 2868 493 2939; x_wconf 74' lang='lat' dir='ltr'><strong>spiritus</strong></span> <span class='ocrx_word' id='word_1_280' title='bbox 502 2869 587 2924; x_wconf 84' lang='lat' dir='ltr'><strong>sancti.</strong></span> 
     </span>
    </p>
   </div>
   <div class='ocr_carea' id='block_1_9' title="bbox 0 0 1005 3317">
    <p class='ocr_par' dir='ltr' id='par_1_13' title="bbox 0 0 1005 3317">
     <span class='ocr_line' id='line_1_35' title="bbox 0 0 1005 3317; baseline 0 0"><span class='ocrx_word' id='word_1_281' title='bbox 0 0 1005 3317; x_wconf 95' lang='lat' dir='ltr'><strong> </strong></span> 
     </span>
    </p>
   </div>
  </div>
 </body>
</html>
