1992 3317
143 94 191 144 m
245 102 716 155 mnumnn1‚ounr.mun,
734 103 790 143 m.
808 104 839 142 n.

139 180 355 245 munitlun
366 179 480 231 umens.
494 181 525 231 Et
544 180 596 231 ideo
609 181 790 245 recompensatio
809 181 863 232 lieri
880 182 946 233 debet

139 252 398 389 ἓυῶᾱὲωωυᾟξῗωη
410 256 558 317 perceptam
569 252 595 303 in
606 253 722 318 emptione
734 252 802 317 uero,
818 254 946 305 memnon

435 441 593 494 Anniculus
609 442 637 493 11.

194 568 278 612 Utrirrn
286 566 391 612 melitio
401 568 613 677 '‘meiff
621 572 716 627 propter
725 569 849 625 desectum
862 572 901 615 rei

486 644 502 676 o
547 644 557 676 t
588 666 593 677 .

170 760 204 810 Ad
221 760 346 810 mulum
364 758 397 811 cic
413 758 552 823 proceditur.
572 758 668 809 videtur
686 758 746 823 qnbol
768 758 879 811 venditio
903 774 946 810 non

139 830 245 883 collatur
253 830 340 894 inimic
351 833 377 882 el
385 828 467 880 illicita
476 834 570 893 propter
578 828 691 880 delectum
704 829 738 880 rei
748 829 862 881 venditae.
872 831 946 881 llinis

139 902 202 955 euim
217 906 300 954 ouon
315 907 369 954 eunt
386 904 502 967 pensanda
515 902 539 953 iu
553 916 578 953 re
595 900 663 967 quin
682 902 715 953 rei
728 902 819 965 specim
839 904 946 954 substau-

140 973 210 1025 tialia.
224 974 270 1025 Sed
282 978 375 1039 propter
387 974 500 1025 deleem
519 974 601 1038 speciei
616 973 772 1024 subeuntialie
791 986 842 1023 non
856 974 946 1025 uidetur

142 1046 206 1097 renui
218 1046 322 1097 venditio
331 1045 366 1095 rei
379 1044 475 1109 illicita3
488 1044 544 1110 pull
554 1044 574 1095 ai
584 1044 665 1109 aliquio
676 1045 760 1095 ueniat
773 1049 899 1108 argeutum
909 1045 945 1095 uel

141 1132 221 1168 aunum
230 1118 374 1168 nimimieum
383 1130 426 1181 pro
434 1130 505 1179 uero,
515 1116 576 1180 quou
584 1119 621 1167 est
630 1116 685 1167 utile
694 1116 723 1167 ad
731 1129 813 1167 omnes
826 1118 943 1167 humanos

142 1204 199 1241 uem
210 1191 239 1241 ol
257 1202 316 1255 quoa
332 1187 487 1241 mortanum
507 1192 545 1239 eet
562 1192 680 1253 argentam
692 1190 826 1251 eteorum,
844 1188 901 1252 puta
919 1190 944 1239 al

140 1274 196 1312 rana
205 1267 230 1312 et
240 1262 270 1311 aul
282 1261 326 1311 elia
338 1261 477 1327 uujmnooi.
492 1262 551 1325 iquo
562 1259 634 1311 mulll
646 1260 721 1312 minim
734 1260 778 1311 erit
791 1260 875 1311 illicita
888 1272 944 1311 uen-

141 1334 212 1392 uite,
230 1334 251 1384 oi
266 1334 297 1383 sit
311 1332 415 1385 delcetat
430 1334 455 1384 in
468 1334 530 1385 niis.
829 1341 832 1345 ’
977 1342 978 1357 ’

173 1410 197 1455 a.
212 1406 340 1466 Praeterea,
356 1405 459 1457 delectus
469 1418 499 1456 en
512 1408 577 1470 parte
587 1406 621 1455 rei
630 1404 670 1469 qui
682 1406 718 1455 eet
726 1404 855 1455 uemunim
869 1419 944 1469 quau-

140 1477 244 1539 tiulm,
254 1475 353 1527 numme
368 1475 458 1527 ridetur
471 1477 568 1542 justitiae
581 1476 724 1538 mutraunr',
739 1488 790 1539 qme
806 1476 831 1525 in
850 1478 942 1541 aequali-

142 1553 189 1600 tate
209 1548 330 1612 munatit3
344 1549 462 1613 quantitas
481 1553 558 1599 aulem
580 1562 621 1613 per
641 1560 770 1599 mensuram
787 1549 940 1611 cognoscitur.

141 1623 254 1673 lleouuro
265 1624 342 1671 eutem
360 1633 434 1671 rerum
448 1634 500 1685 quae
513 1620 539 1669 in
554 1633 621 1671 usam
636 1619 753 1671 hominum
769 1619 885 1683 veniunt,
899 1634 940 1671 uon
977 1620 978 1633 ²

141 1692 436 1752 praemunimur
455 1691 539 1743 aneoli
557 1692 668 1756 majores,
682 1691 765 1742 alumi
784 1690 900 1755 minores,
918 1698 942 1743 ut
977 1714 978 1717 ¹

143 1768 206 1828 puter
214 1777 257 1829 per
267 1764 432 1829 Philosophum
444 1762 497 1813 iull
507 1764 590 1814 Elicio.
601 1764 668 1827 Eupo,
680 1762 738 1813 siout
748 1776 795 1815 non
811 1766 941 1827 potentent-

143 1836 188 1885 tari
205 1836 307 1886 deieutuo
319 1849 350 1886 ex
367 1839 432 1899 parte
444 1836 478 1886 rei
499 1835 613 1897 uendite,
628 1834 660 1884 ita
675 1834 763 1885 uidetur
779 1834 842 1898 quod
857 1848 888 1886 eu
901 1838 941 1888 hoe

143 1907 244 1959 venditio
254 1920 301 1958 non
309 1907 414 1958 reddetur
424 1906 514 1957 illicita.

176 1984 201 2031 c.
214 1982 339 2042 Praeterea,
353 1980 382 2028 aui
396 1979 512 2030 delectum
524 1978 558 2030 rei
574 1978 672 2029 uendite
685 1978 800 2043 pertinet,
816 1980 837 2031 si
850 1980 874 2031 ei
890 1995 940 2033 cuu-

144 2051 242 2102 ueniens
255 2051 352 2115 maline
365 2053 438 2103 deeut.
456 2052 502 2102 Sed
522 2052 549 2103 ad
563 2051 693 2115 qualitatem
707 2050 740 2101 rei
761 2054 940 2115 cognoscendam

144 2122 266 2187 requiritur
280 2136 361 2186 magua
377 2123 488 2183 scientia,
504 2136 555 2185 quoe
568 2121 682 2187 plerisque
695 2122 853 2174 venditoribus
871 2124 939 2175 deant.
977 2122 978 2179 l

145 2196 204 2258 Ergo
220 2206 268 2245 non
280 2195 378 2245 redditur
390 2194 493 2245 venditio
507 2194 587 2245 illicita
599 2196 691 2259 propter
707 2194 740 2245 rei
752 2193 880 2245 delectum.
977 2188 978 2247 l

176 2266 222 2316 Seul
239 2270 318 2317 eonon
338 2270 388 2330 eut,
402 2267 462 2331 quod
481 2266 613 2317 Ambrosius
632 2264 688 2316 dicit
700 2266 723 2316 in
738 2266 778 2317 lib.
795 2268 835 2317 De
849 2269 916 2332 offic.
931 2284 938 2318 :
977 2272 978 2305 l

147 2356 161 2385 u
176 2338 263 2400 Regula
275 2337 371 2401 justitie
384 2336 567 2401 manifestarent,
583 2336 643 2401 quoa
652 2336 726 2388 luero
737 2338 853 2405 declinare
869 2340 939 2389 uirum
977 2306 978 2387 l

146 2422 193 2460 nou
202 2409 385 2474 deueatlronum,
396 2422 439 2461 nee
449 2409 532 2460 damno
542 2406 628 2473 injusto
640 2408 729 2460 allicere
739 2420 892 2475 quemquam,
901 2425 939 2463 nee
977 2410 978 2423 ¹

146 2480 193 2530 doli
209 2479 293 2543 aliquid
305 2484 462 2531 annectere.»

178 2552 375 2612 (cormono-
386 2552 489 2603 Vendere
503 2556 526 2603 et
543 2564 619 2604 emere
631 2566 680 2603 rem
694 2566 759 2602 unam
774 2564 815 2616 pro
834 2554 892 2619 alia,
904 2555 940 2605 uel

147 2634 193 2673 non
204 2624 230 2671 in
244 2621 320 2673 delita
328 2635 481 2685 memorque
495 2624 530 2675 rei
540 2624 656 2689 qualitate,
668 2623 771 2675 illicitum
783 2628 829 2677 eat.
842 2626 851 2690 )

176 2692 311 2757 Respondeo
324 2692 457 2758 dicendum,
469 2696 530 2759 quod
546 2696 606 2747 eirca
616 2710 665 2747 rem
677 2709 727 2759 qun
739 2696 848 2748 venditur
860 2700 936 2763 triplex

145 2762 248 2813 detectus
266 2763 402 2815 macilenti
415 2770 503 2829 potant.
519 2768 581 2817 [luas
599 2768 688 2831 quidem
702 2767 827 2819 semndim
841 2772 935 2833 speciem

146 2829 196 2893 rei3
212 2836 236 2881 ot
253 2834 315 2883 noue
335 2834 426 2897 quidem
445 2836 560 2888 umectum
580 2837 600 2888 ai
620 2836 722 2890 uenditor
738 2841 898 2903 cognoscatur
915 2852 936 2891 re
