1992 3317
342 173 374 218 uu
388 173 557 218 ursuuosrns.
804 166 849 222 tta

2 309 3 314 ,
77 252 124 310 Sed
138 257 218 306 contra
231 257 282 320 est,
298 255 358 319 qnod
375 255 515 320 Augustinus
538 256 593 306 dicii
614 255 640 307 in
655 255 695 308 lib.
711 258 749 308 De
765 259 848 310 uerbis

48 329 152 380 Domini
165 326 253 393 (Serui.
269 327 371 391 XXXV)
390 343 395 377 :
413 343 426 374 u
438 329 469 379 lle
487 327 557 393 justis
570 328 684 380 laboribus
704 330 772 382 facite
787 332 849 384 elee-

2 417 3 420 ’
48 413 164 465 mosynas.
179 399 230 448 Non
241 396 302 448 enim
317 399 444 463 corrupturi
457 399 514 448 estis
522 398 624 462 judicem
635 401 752 452 Christum
766 408 847 456 utnon

2 493 3 538 y
47 483 87 522 uos
101 469 178 520 audiat
194 483 245 519 cnm
258 469 395 534 pauperibus
404 508 410 531 ,
420 469 501 534 quibus
511 469 597 521 tollitis.
608 488 622 519 u
632 473 662 522 lii
674 477 753 537 postea
763 489 769 524 ι
781 475 848 526 «No-

2 539 3 548 ’
47 542 86 593 lite
104 542 165 592 velie
180 541 339 605 eleemosynas
357 539 431 591 iacere
445 542 473 592 de
487 541 575 592 ioenore
592 545 616 596 et
632 544 717 596 usuris.
731 543 848 598 Fideiibns

47 613 98 665 dico
111 612 193 676 quibus
206 625 288 677 corpus
300 612 384 664 Christi
402 625 557 676 erogamus.»

81 683 278 750 (Coucnusro.-
288 685 321 734 llr
329 683 413 749 iniuste
422 683 540 748 acquisitis
553 683 687 748 periurium
698 688 736 738 rel
746 688 849 754 rapinam

47 769 94 806 non
108 759 186 821 potest
198 753 248 805 lieri
258 755 418 819 eleemosyna,
434 756 473 806 sei
482 753 595 806 restitutio
608 755 658 805 lieri
669 757 737 809 debet
742 775 749 822 ;
760 759 847 825 injuste

49 827 102 879 verb
118 827 245 892 acquisita,
259 841 310 891 quae
323 826 374 892 quis
384 825 553 891 parsimoniam
565 827 604 875 aut
615 827 786 880 subversionem
796 833 848 896 y'ns-

47 899 103 951 titia
118 899 208 964 accepit
215 937 224 964 ‚
239 900 263 949 in
276 898 433 963 eleemosynas
450 897 541 962 elargiri
560 900 665 963 tenetur;
680 903 746 966 turpe
759 903 848 954 lucrum
933 907 939 918 '

46 985 115 1036 vero,
133 973 157 1023 et
175 967 239 1036 juste
260 970 366 1033 retineri,
384 972 407 1022 et
429 968 490 1020 recte
511 970 536 1019 in
559 969 727 1036 eleemosynam
747 971 849 1038 impendi

47 1044 151 1107 potest.)

79 1115 216 1179 Respondes
235 1115 370 1180 dicendum,
381 1113 440 1179 quoi
459 1112 579 1180 tripliciter
598 1117 674 1179 potest
691 1114 776 1180 aliquid
797 1129 848 1168 esse

46 1185 125 1238 illicite
136 1185 278 1250 acquisitum.
287 1187 337 1238 Uno
353 1187 413 1237 cuim
423 1187 499 1250 modo,
515 1186 538 1238 iu
549 1186 627 1237 illicite
639 1186 668 1238 ab
681 1186 758 1251 aliquo
772 1188 850 1252 acqui·

46 1259 118 1320 ritnr,
131 1257 190 1322 quod
205 1258 298 1313 debetur
309 1258 331 1310 ei
343 1257 356 1310 i
367 1272 412 1322 quo
425 1261 460 1309 est
474 1258 625 1322 acquisitum,
635 1272 679 1310 nec
692 1262 768 1324 potest
779 1260 807 1310 ab
820 1273 849 1322 eo

46 1329 142 1380 retineri
159 1328 200 1392 qui
213 1328 333 1394 acquisivit
349 1345 355 1378 ι
369 1330 427 1379 sicut
438 1329 549 1393 contingit
560 1329 584 1379 in
597 1329 691 1394 rapina,
704 1333 727 1381 et
741 1329 815 1396 iurto,
825 1335 849 1384 et

46 1400 132 1452 usuris.
145 1401 176 1450 Et
189 1400 216 1451 de
235 1401 332 1463 talibus,
345 1414 396 1451 cum
415 1401 482 1452 homo
497 1403 603 1451 tenentur
617 1401 647 1451 ad
666 1401 846 1466 restitutionem,

47 1471 196 1536 eleemosyna
209 1471 257 1522 sueri
272 1485 317 1522 non
330 1475 413 1536 potest.
424 1471 473 1524 silio
485 1470 540 1522 verb
550 1473 616 1523 modo
625 1475 662 1523 est
672 1473 755 1537 aliquid
768 1473 847 1527 illicite

46 1543 200 1607 acquisitum,
215 1542 268 1606 quia
282 1543 372 1605 quidem
386 1542 424 1593 ille
436 1543 475 1608 qui
489 1542 623 1609 acquisivit,
637 1544 736 1595 retinere
749 1557 796 1595 uon
808 1559 849 1610 po·

47 1617 101 1674 test,
112 1626 157 1663 nec
169 1617 245 1663 tumen
260 1613 354 1664 debetur
365 1613 386 1664 ei
397 1613 465 1678 equo
476 1613 668 1678 acquisivit-‚quia
676 1613 762 1665 scilicet
771 1619 849 1667 oonba

43 1685 160 1750 justitiam
181 1684 282 1748 accepit,
297 1689 320 1736 et
336 1686 392 1736 alter
405 1689 484 1736 contra
494 1685 609 1750 justitiam
625 1685 696 1736 dedii.
718 1685 783 1737 sicut
794 1699 851 1738 con·
893 1686 898 1689 “

45 1753 118 1824 tingit
130 1755 154 1804 in
174 1755 283 1819 simonia,
299 1755 323 1804 in
339 1769 384 1820 qua
403 1757 460 1807 dans
476 1759 501 1806 et
514 1755 626 1820 accipiens
644 1759 723 1806 contra
737 1755 850 1820 justitiam

44 1827 105 1892 legis
114 1826 200 1878 divine
213 1825 260 1890 agit
272 1825 314 1892 ii).
326 1827 390 1891 Unde
401 1840 447 1878 non
457 1827 524 1878 debet
539 1826 589 1877 lieri
602 1826 717 1877 restitutio
728 1827 750 1878 ei
760 1827 800 1891 qni
809 1830 849 1880 de·

44 1899 93 1963 dit,
109 1898 151 1950 sed
169 1899 236 1949 debet
250 1898 273 1948 in
287 1899 445 1964 eleemosynas
455 1898 551 1962 erogari.
567 1899 689 1951 biennem
704 1898 762 1951 ratio
776 1899 849 1951 estin

44 1971 170 2032 similibus,
185 1969 211 2020 in
224 1969 307 2033 quibus
320 1969 405 2020 scilicet
418 1972 441 2020 ei
453 1969 514 2020 datio
524 1973 547 2020 et
560 1969 659 2035 acceptio
673 1974 707 2021 est
726 1975 804 2022 contra
816 1971 851 2022 le-

44 2056 110 2108 gem.
128 2040 206 2092 Tertio
220 2042 287 2110 modo
301 2044 337 2091 est
352 2040 438 2105 aliquid
451 2040 529 2092 illicite
548 2041 694 2105 acquisitum,
703 2055 749 2093 non
758 2043 850 2106 quidem

44 2114 103 2180 qnia
115 2115 166 2178 ipsa
186 2111 306 2178 acquisitio
320 2114 350 2164 sit
362 2113 439 2164 illicite
445 2150 454 2176 ,
470 2113 511 2164 sed
523 2112 576 2178 quia
587 2113 610 2164 id
623 2127 652 2164 ex
662 2126 707 2178 qno
718 2113 851 2178 acquiritur,

45 2191 83 2238 est
97 2185 219 2248 illicitum,
234 2185 293 2235 sicut
307 2188 372 2250 patet
386 2187 413 2235 de
430 2199 457 2236 eo
473 2186 533 2249 quod
545 2185 625 2235 mulier
637 2186 735 2249 acquirit
748 2199 789 2250 peu
802 2199 852 2236 me·

45 2257 174 2309 retricium.
187 2258 216 2306 Et
232 2257 276 2307 hoc
290 2255 379 2321 pmprie
395 2261 489 2308 uocatur
504 2259 579 2321 torpe
592 2255 702 2307 lucrum.
715 2257 779 2316 Quoi
788 2256 852 2308 enim

46 2328 132 2380 mulier
142 2328 283 2380 meretricem
297 2332 403 2379 exerceat
415 2327 510 2393 turpiter
523 2329 615 2392 epit,ei
626 2333 704 2379 contra
717 2330 792 2392 legem
801 2326 851 2392 liei,

46 2403 90 2453 sed
109 2402 135 2452 in
150 2414 177 2453 eo
196 2400 257 2465 quod
279 2400 378 2464 accipit,
394 2413 439 2451 non
454 2399 541 2464 injuste
553 2398 598 2464 agit
616 2413 661 2451 nec
678 2404 757 2451 contra
769 2399 853 2464 legem.

45 2475 114 2526 Unde
134 2475 195 2538 qnod
208 2472 242 2522 sic
259 2471 338 2524 illicite
351 2472 485 2537 acquisitum
506 2476 557 2536 esi,
570 2472 664 2523 retineri
677 2475 755 2537 potest
761 2509 771 2536 ‚
783 2475 809 2522 et
824 2473 854 2522 rie

45 2560 75 2600 eo
91 2546 238 2610 eleemosyna
250 2543 308 2594 fleri.

82 2619 116 2668 iii
131 2615 231 2682 primum
245 2628 299 2678 ergo
313 2615 445 2678 dicendum,
460 2614 520 2680 qnod
533 2613 592 2684 sicut
607 2614 748 2680 Augustinus
758 2612 853 2671 iicitin

84 2773 117 2840 (l)
132 2777 169 2824 Ex
183 2787 236 2834 cap.
251 2775 315 2833 Quos
329 2775 478 2826 eonstiterit,
493 2770 600 2834 (lensii,
612 2787 654 2833 qn.
669 2774 694 2834 1,
707 2775 748 2821 ubl
760 2774 856 2820 dentem

47 2841 139 2900 pariter
150 2845 175 2887 et
185 2839 337 2896 accipientem
351 2837 468 2886 damuatio
484 2838 583 2884 Simonis
594 2838 711 2887 inuoluere
721 2838 818 2894 (licitum
830 2841 856 2884 et

47 2917 103 2964 unp.
119 2901 232 2954 Placuit,
246 2901 380 2951 ubidicitur
394 2902 624 2950 nnatbemuciantiet
633 2901 767 2961 accipienti.

719 2996 766 3070 uz
