1992 3317
162 111 208 160 titt
276 119 385 159 siecum
401 118 528 167 amnon,
541 116 635 161 nunsr.
653 117 714 165 uxor,
733 117 789 154 tur.
805 117 841 155 rr.
977 74 979 167 t

161 195 190 244 te
208 205 307 256 pocot
319 193 370 255 ejus
390 191 477 242 ernest
491 188 603 240 restitutio
617 188 729 238 tacete.
747 189 771 238 st
784 201 839 239 vero
851 187 884 239 su
896 197 953 236 oor-
977 170 979 229 t

162 258 953 323 tuusutooutostresotutrotaoenua‚aeutsoneturnocueris,
977 236 979 375 Ι

160 335 201 399 qui
214 335 355 399 computatur
370 329 435 396 quasi
445 345 491 382 una
511 345 609 396 persona
622 345 674 381 ctum
694 332 755 396 ipso.
770 332 797 382 Si
810 331 866 384 reno
882 331 919 381 ille
931 331 955 378 sit

161 407 256 456 muitum
275 406 374 468 distans,
394 404 461 454 debet
486 403 530 454 sibi
546 402 670 456 transmitti
690 403 792 467 quode
815 405 923 461 debetur,
938 404 955 449 et

160 475 274 544 precipue
293 475 314 526 si
329 475 359 525 sit
375 487 412 524 res
426 475 502 540 magni
515 475 614 538 tatone,
626 479 651 524 et
664 473 737 538 possit
751 476 875 526 commode
894 479 955 524 trans

160 549 234 610 mitti3
251 545 350 612 alioquin
370 547 437 598 debet
453 544 478 596 in
491 546 567 610 aliquo
586 548 637 598 ioco
650 551 700 597 tuto
719 546 822 610 deponi,
837 552 867 597 ut
885 560 925 613 pro
935 560 955 595 eu

160 622 314 680 conservetur,
330 622 354 668 et
372 617 463 669 domino
479 617 608 680 significatui.

161 699 164 706 ·
191 691 224 740 ott
241 693 345 754 quanam
362 689 497 750 dicendum,
517 688 577 752 quod
589 689 671 754 noun
686 691 715 741 de
727 691 774 741 irco
786 691 852 754 quon
871 696 907 744 est
924 690 957 740 siti

159 761 288 826 proprium,
300 761 366 812 debet
379 759 451 824 magis
465 759 594 810 satisfacere
608 761 796 826 parentibusue
809 764 847 813 iris
863 763 956 828 aquito

160 833 248 897 accepit
261 831 347 897 majora
362 831 487 895 beneficit3
498 845 544 882 non
558 835 634 882 autem
646 833 715 884 debet
726 833 817 896 aliquia.
827 847 953 899 recompen-

161 916 210 956 sare
223 903 361 954 benefactori
371 903 399 954 de
409 903 491 954 alieno.
504 905 568 963 Quod
577 904 762 967 contingeret‚si
775 907 838 968 qnod
850 907 918 957 debet
927 905 955 953 uri

161 975 227 1028 alteri
243 976 387 1040 restitueret3
401 975 447 1026 nisi
461 975 517 1026 torte
534 975 627 1026 inraso
649 978 758 1026 extremae
770 978 928 1039 necessitatis,
937 977 954 1023 in

163 1061 208 1112 qno
221 1051 298 1114 posset
310 1051 332 1098 et
346 1047 436 1098 deberet
445 1047 527 1110 aliquis
536 1048 605 1098 etiem
615 1047 704 1098 auterre
714 1046 798 1110 alieno,
807 1051 902 1114 utpatri
912 1049 954 1098 sui-

162 1118 259 1170 veniret.

194 1191 228 1258 td
241 1189 345 1252 quintum
361 1187 494 1248 dicendum,
506 1187 566 1250 quod
582 1189 690 1254 prelatus
704 1192 781 1252 potest
794 1203 845 1240 reno
860 1189 955 1241 Ecclesin

163 1259 275 1323 surripere
288 1258 406 1323 tripliciter
421 1275 427 1308 :
442 1273 489 1310 utto
503 1259 569 1310 modo
579 1297 585 1321 ,
597 1259 616 1309 si
630 1273 677 1310 reno
689 1261 799 1311 Ecclesia
810 1275 859 1312 non
874 1263 916 1312 siti
926 1262 956 1309 tt·
977 1310 979 1321 ,

163 1334 273 1394 putatam,
287 1331 327 1380 sed
343 1330 414 1393 alteri,
427 1330 472 1380 sint
490 1334 627 1394 usurparet,
641 1331 697 1396 putta
712 1331 732 1380 si
749 1331 883 1398 Episcopus
901 1346 955 1381 usur·
977 1354 979 1429 p

163 1403 226 1464 peret
239 1400 281 1450 sibi
291 1413 344 1454 nene
357 1401 465 1465 capituii3
480 1403 504 1451 et
516 1404 572 1450 tunc
584 1401 677 1465 pianum
688 1405 725 1452 est
742 1401 805 1466 quod
818 1404 888 1455 dehet
899 1403 954 1453 resti-

163 1475 227 1522 tuere
244 1474 349 1536 ponendo
359 1471 384 1522 in
400 1486 482 1523 munus
495 1486 573 1524 eorum
588 1474 617 1524 ad
627 1487 685 1537 quos
696 1474 725 1524 de
735 1474 788 1537 jure
799 1477 905 1538 pertinet.
914 1474 956 1523 atio

165 1545 240 1608 motio,
252 1545 272 1594 si
281 1558 328 1594 rent
339 1539 447 1596 Ecclesiae
461 1558 508 1596 suae
521 1545 629 1596 custodite
639 1546 770 1609 deputatam
778 1547 804 1596 in
816 1549 909 1599 atterius
921 1549 955 1595 do·

166 1615 260 1666 minium
272 1616 403 1680 transierat,
413 1615 468 1681 putt
480 1617 647 1680 consanguinei
654 1617 691 1667 rel
702 1615 787 1681 amici,
801 1623 826 1668 et
839 1624 892 1670 utne
900 1620 956 1668 deon

166 1689 284 1738 restituere
294 1687 411 1750 Ecclesiae,
426 1691 449 1739 et
460 1689 502 1738 suh
511 1701 553 1738 sna
561 1701 615 1738 cura
628 1688 722 1750 habere,
732 1692 759 1738 ut
770 1690 798 1739 ati
814 1703 955 1741 mceessoren

165 1759 294 1822 perveniat.
309 1757 386 1810 Tertio
397 1761 464 1810 modo
471 1796 479 1822 ,
489 1763 566 1826 potest
578 1760 687 1823 prelatus
699 1759 815 1822 surripere
831 1775 881 1811 rent
891 1762 955 1810 Erote-

167 1830 207 1881 site
228 1831 276 1882 scio
297 1830 388 1894 animo,
404 1831 456 1882 duur
476 1831 565 1882 scilicet
582 1831 663 1894 incipit
676 1830 763 1880 habere
776 1831 882 1882 animum
893 1832 955 1895 posi-

167 1901 235 1951 dendi
250 1915 299 1952 eom
310 1906 336 1950 ut
349 1915 412 1952 suant
422 1940 428 1966 ,
440 1904 463 1954 et
476 1915 522 1953 uon
537 1901 628 1953 nornine
649 1901 773 1966 Ecclesiae3
791 1907 816 1954 et
830 1908 885 1954 tnnc
898 1904 954 1953 debet

165 1971 295 2036 restituere,
309 1972 376 2026 talem
390 1973 491 2027 aninum
505 1974 649 2038 deponendo.

454 2155 613 2206 innectus
627 2155 667 2205 tt.

235 2277 320 2324 Utet'ttn
333 2282 442 2325 tententur
449 2292 541 2336 smper
550 2282 676 2324 restituere
687 2279 782 2336 stupeo
801 2281 898 2337 accepit.

194 2405 228 2456 Ad
241 2409 329 2457 sextum
340 2405 372 2456 sic
381 2405 517 2470 proceditur.
528 2404 622 2456 Videtur
631 2404 690 2470 quod
699 2417 745 2456 non
756 2408 865 2456 teneatur
877 2416 954 2465 semper

160 2478 278 2528 restituere
292 2476 329 2527 ilie
347 2478 387 2541 qui
400 2477 495 2541 accepti.
514 2478 559 2529 Per
572 2476 740 2527 restitutionem
761 2477 825 2526 euim
844 2478 950 2541 reparatur

161 2548 279 2612 aeqttalitas
294 2549 405 2614 justitiae,
423 2562 473 2612 quae
489 2547 594 2599 consistit
608 2547 633 2598 in
645 2547 689 2598 hoc
703 2547 766 2612 quoti
780 2549 923 2599 subunhetttr
934 2543 954 2591 εἰ

140 2671 142 2676 ,
161 2621 201 2684 qui
219 2622 270 2684 pius
290 2621 370 2684 trahet,
384 2625 407 2672 et
425 2621 489 2672 detur
504 2620 526 2670 ei
544 2619 672 2683 quintinus
694 2619 774 2670 hahet.
790 2621 835 2670 Sed
853 2615 953 2675 mutnet

160 2693 295 2755 qttantlcque
313 2692 373 2755 quod
392 2692 429 2741 ilie
450 2691 554 2758 quirem
575 2691 678 2754 aliqrtattr
687 2691 801 2741 subtraxit
822 2691 901 2751 alieti,
914 2700 954 2736 110¹}

160 2761 228 2811 habet
244 2775 307 2822 earo,
323 2763 362 2812 sed
374 2762 465 2812 deuenit
478 2762 605 2813 trimanus
620 2761 722 2812 alterius.
740 2763 800 2826 Ergo
814 2776 862 2814 non
872 2765 950 2813 tenetur
977 2774 979 2811 t

159 2828 197 2880 ille
211 2833 328 2882 restituere
344 2833 384 2894 qui
393 2832 491 2899 accepit,
506 2833 547 2882 sed
559 2831 665 2899 aliusqui
676 2847 724 2885 rent
741 2834 822 2885 liniet.
