1992 3317
130 127 176 177 82⁰
257 137 364 176 arcuum
381 135 505 184 stennon,
523 134 615 180 oum.
632 136 682 183 ru,
698 134 754 172 aar.
771 135 805 173 rr.

159 215 294 278 Respondm
309 212 442 272 omnnium,
458 210 518 274 qubd
528 210 587 260 siem
603 208 672 273 suprl
684 211 774 262 dietum
791 213 827 263 ert
836 210 889 262 clam
901 214 927 262 de

128 285 256 336 differentia
270 287 410 348 peccatorum
427 285 531 344 ageretur
545 281 584 344 (l,
595 285 620 339 a,
632 295 673 342 qu.
687 286 733 342 ta,
748 286 793 332 art
807 285 840 344 5)
848 320 857 346 ,
876 297 932 348 per.-

130 361 207 408 oatum
220 354 312 404 mortale
326 355 373 416 cst,
388 353 447 416 quod
461 351 608 402 contrariatur
622 351 744 415 clientuli,
760 367 803 416 per
814 369 886 418 qoam
900 361 933 406 est
967 396 969 407 .

131 426 212 478 animat
228 425 284 474 vita.
303 425 374 474 Omns
392 427 468 474 autem
485 427 645 474 nocumentum
663 424 729 474 alteri
747 424 853 488 illalum,
866 440 895 478 ex
910 442 932 477 se

132 497 236 548 charitati
251 500 376 562 repugnat,
390 509 442 560 quaa
456 497 533 546 mouet
545 496 575 544 al
589 495 710 545 rotrodum
722 495 810 547 bonum
821 499 933 550 abierim:

133 573 157 622 et
175 570 226 621 idac
236 607 242 632 ,
254 583 305 620 eum
316 568 430 632 injustitia
447 580 536 630 semper
550 566 659 627 consistat
677 565 705 616 in
716 573 861 641 pneumontc
884 572 935 620 alta

133 640 180 690 rius
191 639 235 705 (l),
245 639 391 691 manifestam
407 643 442 690 est
453 637 513 702 qubd
522 639 597 688 lacere
606 639 740 702 ragusium,
755 652 885 703 exgenere
899 655 935 692 suo

134 715 169 762 est
183 717 299 776 paccatum
312 712 413 762 mortale.
554 775 558 780 Ι

165 783 200 832 llo
217 783 314 848 primum
328 795 382 846 ergo
399 782 534 842 dicentium,
547 779 609 844 qubd
618 780 675 830 illuri
690 781 788 832 verbum
804 784 935 850 Philosophi

134 854 268 918 intelligitur
278 857 305 905 de
314 852 439 918 ignorantia
451 855 524 916 sceti,
533 864 599 916 quarn
613 852 662 916 ipse
677 857 745 902 uocat
758 871 773 901 u
786 854 935 918 ignorantiam

134 925 303 990 particularium
317 923 543 985 circumstantiarum,
563 940 577 970 rr
594 937 646 986 quae
659 929 760 974 meretur
771 925 883 990 ue’niarn3
895 942 934 978 nor
967 910 969 1005 i

135 1001 212 1053 autem
225 1000 253 1050 dc
263 999 390 1061 ignorantia
400 998 547 1059 tertrmua
556 1008 603 1047 nou
610 999 715 1046 excusat.
725 997 770 1062 Qut
782 1002 864 1050 autem
875 999 934 1063 igno
967 1008 969 1067 p

135 1083 188 1120 rans
205 1069 259 1123 lacit
273 1071 416 1134 injustum„
427 1081 473 1118 aon
486 1066 541 1118 lacit
555 1069 692 1129 immotum,
706 1066 753 1118 uisi
763 1081 807 1132 per
821 1070 933 1130 accidens,

135 1145 162 1192 ut
175 1141 243 1204 suprl
263 1141 389 1202 dictumest
404 1138 521 1204 (art-2).
664 1195 668 1198 ⁴
689 1181 693 1184 .

167 1209 201 1262 lc
222 1213 347 1270 secuudum
363 1209 573 1274 dicendum-quid
591 1208 685 1274 illetgui
696 1208 723 1258 in
735 1210 815 1272 paruis
830 1212 887 1262 lacit
905 1213 935 1260 io·

134 1280 259 1344 justitiam,
274 1282 350 1332 delicit
366 1281 378 1332 l
393 1282 492 1348 perlecta
508 1283 595 1335 retroue
616 1281 667 1344 eiua
681 1281 742 1345 quod
760 1286 798 1333 est
814 1285 935 1345 injustum

135 1352 219 1414 lacere,
235 1352 380 1414 inquantum
401 1355 475 1416 potest
491 1351 592 1416 reputari
613 1365 725 1402 conasse
744 1353 843 1406 omnino
862 1358 934 1406 eontra
967 1406 969 1419 Ι

136 1419 274 1490 voluntatem
298 1424 349 1488 ejus
371 1424 409 1488 qui
428 1426 471 1476 lroe
487 1424 612 1488 patiturtbl
626 1441 633 1486 3
648 1426 704 1487 puta
723 1423 745 1473 si
768 1425 862 1478 auferat
876 1424 934 1475 alicui
967 1428 969 1459 Ι

136 1505 206 1542 unum
220 1507 313 1558 pomum
330 1493 366 1546 uel
377 1495 461 1562 aliquid
474 1495 530 1555 tale,
547 1495 575 1545 de
584 1508 629 1558 qao
640 1494 759 1558 probabile
779 1494 810 1546 sit
826 1497 890 1561 quod
903 1498 934 1545 illo

137 1560 248 1616 iudanon
261 1564 370 1626 ludatur,
385 1579 428 1616 nec
442 1566 464 1616 ci
476 1564 600 1630 displiceat

170 1637 203 1687 ld
224 1637 315 1692 tertium
328 1637 462 1699 dicendum,
476 1637 539 1702 quot
552 1640 645 1700 peccata
658 1650 708 1701 guar
722 1641 779 1689 sunl
792 1645 875 1693 contra
887 1640 935 1689 alas

139 1708 249 1770 virtutes,
263 1722 309 1760 non
322 1720 416 1772 semper
429 1713 483 1759 sumt
500 1708 524 1758 iu
537 1711 698 1759 nocumentum
717 1709 830 1770 alterius,
847 1713 887 1763 seul
900 1712 935 1759 im-

139 1775 446 1848 portant'incrrlinatr'onem,
457 1781 576 1842 quamdam
594 1779 654 1831 circa
672 1779 796 1843 passiones
817 1784 933 1834 humanas.

140 1849 205 1902 Unde
218 1865 263 1902 non
276 1851 405 1902 estsimilis
418 1851 484 1905 ratio.

174 1977 207 2040 (1)
224 1981 245 2027 si
255 1983 346 2044 proprie
356 1951 467 2048 sumatur,
483 1989 509 2028 ut
517 1985 568 2041 jam
582 1985 658 2042 suprl.

173 2049 206 2111 (2)
227 2054 257 2097 Ut
273 2055 403 2112 expressibs
420 2055 492 2116 inlrrl,
505 2069 547 2115 9¹¹·
564 2055 608 2115 66,
626 2062 670 2102 art.
690 2056 719 2116 6,
735 2057 765 2103 ad
784 2057 815 2116 3,
841 2059 934 2107 dicetur.

142 2111 194 2158 clam
208 2117 289 2176 agetur
306 2115 407 2162 dc‘lurto
429 2130 457 2164 ex
474 2119 594 2176 proless03
610 2119 709 2178 indeque
726 2122 867 2178 probabitur
881 2121 935 2179 quot
967 2146 969 2191 Ι

142 2175 237 2222 mortale
249 2185 369 2245 peccatum
384 2193 430 2226 nou
442 2183 533 2238 sempor
545 2182 583 2227 sit.
