<?xml version="1.0" encoding="UTF-8"?>
<!DOCTYPE html PUBLIC "-//W3C//DTD XHTML 1.0 Transitional//EN"
    "http://www.w3.org/TR/xhtml1/DTD/xhtml1-transitional.dtd">
<html xmlns="http://www.w3.org/1999/xhtml" xml:lang="en" lang="en">
 <head>
  <title>
</title>
<meta http-equiv="Content-Type" content="text/html;charset=utf-8" />
  <meta name='ocr-system' content='tesseract 3.04.00' />
  <meta name='ocr-capabilities' content='ocr_page ocr_carea ocr_par ocr_line ocrx_word'/>
</head>
<body>
  <div class='ocr_page' id='page_1' title='image "./summatheologica03nicogoog_0543.png"; bbox 0 0 1992 3317; ppageno 0'>
   <div class='ocr_carea' id='block_1_1' title="bbox 117 169 805 228">
    <p class='ocr_par' dir='ltr' id='par_1_1' title="bbox 117 169 805 228">
     <span class='ocr_line' id='line_1_1' title="bbox 117 169 805 228; baseline -0.004 -13"><span class='ocrx_word' id='word_1_1' title='bbox 117 169 162 215; x_wconf 78' lang='lat' dir='ltr'>tae</span> <span class='ocrx_word' id='word_1_2' title='bbox 226 176 335 216; x_wconf 75' lang='lat' dir='ltr'>sucorme</span> <span class='ocrx_word' id='word_1_3' title='bbox 350 175 479 228; x_wconf 77' lang='lat' dir='ltr'>senonen,</span> <span class='ocrx_word' id='word_1_4' title='bbox 497 176 590 222; x_wconf 76' lang='lat' dir='ltr'>eonor.</span> <span class='ocrx_word' id='word_1_5' title='bbox 609 177 697 226; x_wconf 86' lang='lat' dir='ltr'>mur,</span> <span class='ocrx_word' id='word_1_6' title='bbox 714 175 769 216; x_wconf 74' lang='lat' dir='ltr'>uer.</span> <span class='ocrx_word' id='word_1_7' title='bbox 788 177 805 213; x_wconf 89' lang='lat'>1.</span> 
     </span>
    </p>
   </div>
   <div class='ocr_carea' id='block_1_2' title="bbox 347 367 686 439">
    <p class='ocr_par' dir='ltr' id='par_1_2' title="bbox 347 367 686 439">
     <span class='ocr_line' id='line_1_2' title="bbox 347 367 686 439; baseline -0.018 -2"><span class='ocrx_word' id='word_1_8' title='bbox 347 368 516 439; x_wconf 74' lang='lat' dir='ltr'>admitte</span> <span class='ocrx_word' id='word_1_9' title='bbox 535 367 686 432; x_wconf 85' lang='lat' dir='ltr'>XXXIII.</span> 
     </span>
    </p>
   </div>
   <div class='ocr_carea' id='block_1_3' title="bbox 181 509 854 570">
    <p class='ocr_par' dir='ltr' id='par_1_3' title="bbox 181 509 854 570">
     <span class='ocr_line' id='line_1_3' title="bbox 181 509 854 570; baseline 0 -14"><span class='ocrx_word' id='word_1_10' title='bbox 181 512 214 557; x_wconf 85' lang='lat' dir='ltr'>De</span> <span class='ocrx_word' id='word_1_11' title='bbox 228 511 376 556; x_wconf 71' lang='lat' dir='ltr'>correctione</span> <span class='ocrx_word' id='word_1_12' title='bbox 389 511 516 570; x_wconf 69' lang='lat' dir='ltr'>fraterno,</span> <span class='ocrx_word' id='word_1_13' title='bbox 527 511 557 555; x_wconf 80' lang='lat' dir='ltr'>tce</span> <span class='ocrx_word' id='word_1_14' title='bbox 567 512 619 556; x_wconf 87' lang='lat' dir='ltr'>octo</span> <span class='ocrx_word' id='word_1_15' title='bbox 630 509 749 556; x_wconf 75' lang='lat' dir='ltr'>ortieetoe</span> <span class='ocrx_word' id='word_1_16' title='bbox 762 511 854 557; x_wconf 66' lang='lat' dir='ltr'>dictem</span> 
     </span>
    </p>
   </div>
   <div class='ocr_carea' id='block_1_4' title="bbox 117 659 991 940">
    <p class='ocr_par' dir='ltr' id='par_1_4' title="bbox 146 659 805 712">
     <span class='ocr_line' id='line_1_4' title="bbox 146 659 805 712; baseline -0.003 -1"><span class='ocrx_word' id='word_1_17' title='bbox 146 660 232 712; x_wconf 79' lang='lat' dir='ltr'>Deinde</span> <span class='ocrx_word' id='word_1_18' title='bbox 251 659 437 712; x_wconf 78' lang='lat' dir='ltr'>corusiderandum</span> <span class='ocrx_word' id='word_1_19' title='bbox 450 662 486 710; x_wconf 88' lang='grc' dir='ltr'>εει</span> <span class='ocrx_word' id='word_1_20' title='bbox 500 661 527 710; x_wconf 89' lang='lat' dir='ltr'>de</span> <span class='ocrx_word' id='word_1_21' title='bbox 543 659 682 710; x_wconf 81' lang='lat' dir='ltr'>eorrectIone</span> <span class='ocrx_word' id='word_1_22' title='bbox 696 660 805 710; x_wconf 76' lang='lat' dir='ltr'>fraterna.</span> 
     </span>
    </p>

    <p class='ocr_par' dir='ltr' id='par_1_5' title="bbox 117 730 991 940">
     <span class='ocr_line' id='line_1_5' title="bbox 148 730 925 794; baseline 0.003 -13"><span class='ocrx_word' id='word_1_23' title='bbox 148 733 177 782; x_wconf 82' lang='lat' dir='ltr'>Et</span> <span class='ocrx_word' id='word_1_24' title='bbox 190 731 250 781; x_wconf 89' lang='lat' dir='ltr'>eirca</span> <span class='ocrx_word' id='word_1_25' title='bbox 265 732 309 781; x_wconf 84' lang='lat' dir='ltr'>hoc</span> <span class='ocrx_word' id='word_1_26' title='bbox 322 735 454 794; x_wconf 83' lang='lat' dir='ltr'>quaeruntur</span> <span class='ocrx_word' id='word_1_27' title='bbox 468 734 538 782; x_wconf 85' lang='lat' dir='ltr'>octo:</span> <span class='ocrx_word' id='word_1_28' title='bbox 552 735 580 780; x_wconf 72' lang='grc' dir='ltr'>1ο</span> <span class='ocrx_word' id='word_1_29' title='bbox 596 730 675 780; x_wconf 84' lang='lat' dir='ltr'>Utrirm</span> <span class='ocrx_word' id='word_1_30' title='bbox 691 731 789 780; x_wconf 85' lang='lat' dir='ltr'>fraterna</span> <span class='ocrx_word' id='word_1_31' title='bbox 807 733 925 783; x_wconf 83' lang='lat' dir='ltr'>correctio</span> 
     </span>
     <span class='ocr_line' id='line_1_6' title="bbox 118 802 924 868; baseline 0 -13"><span class='ocrx_word' id='word_1_32' title='bbox 118 806 148 856; x_wconf 86' lang='lat' dir='ltr'>eit</span> <span class='ocrx_word' id='word_1_33' title='bbox 165 807 229 854; x_wconf 84' lang='lat' dir='ltr'>actus</span> <span class='ocrx_word' id='word_1_34' title='bbox 242 803 367 853; x_wconf 72' lang='lat' dir='ltr'>charitats.</span> <span class='ocrx_word' id='word_1_35' title='bbox 381 807 408 852; x_wconf 77' lang='lat'>2⁰</span> <span class='ocrx_word' id='word_1_36' title='bbox 418 803 498 853; x_wconf 84' lang='lat' dir='ltr'>Utrium</span> <span class='ocrx_word' id='word_1_37' title='bbox 512 803 543 853; x_wconf 84' lang='lat' dir='ltr'>eit</span> <span class='ocrx_word' id='word_1_38' title='bbox 555 803 597 854; x_wconf 87' lang='lat' dir='ltr'>sub</span> <span class='ocrx_word' id='word_1_39' title='bbox 609 807 730 868; x_wconf 77' lang='lat' dir='ltr'>precepto.</span> <span class='ocrx_word' id='word_1_40' title='bbox 743 807 770 851; x_wconf 77' lang='lat'>3⁰</span> <span class='ocrx_word' id='word_1_41' title='bbox 778 802 862 854; x_wconf 85' lang='lat' dir='ltr'>Uirium</span> <span class='ocrx_word' id='word_1_42' title='bbox 872 805 924 855; x_wconf 86' lang='lat' dir='ltr'>hoc</span> 
     </span>
     <span class='ocr_line' id='line_1_7' title="bbox 117 868 991 940; baseline 0 -14"><span class='ocrx_word' id='word_1_43' title='bbox 117 878 256 940; x_wconf 81' lang='lat' dir='ltr'>preceptum</span> <span class='ocrx_word' id='word_1_44' title='bbox 276 875 383 924; x_wconf 84' lang='lat' dir='ltr'>extendat</span> <span class='ocrx_word' id='word_1_45' title='bbox 403 887 427 924; x_wconf 92' lang='grc' dir='ltr'>εε</span> <span class='ocrx_word' id='word_1_46' title='bbox 451 875 477 924; x_wconf 86' lang='lat' dir='ltr'>ad</span> <span class='ocrx_word' id='word_1_47' title='bbox 500 874 732 937; x_wconf 82' lang='lat' dir='ltr'>omnes,velsoli1m</span> <span class='ocrx_word' id='word_1_48' title='bbox 753 876 781 925; x_wconf 91' lang='lat' dir='ltr'>ad</span> <span class='ocrx_word' id='word_1_49' title='bbox 802 876 921 938; x_wconf 78' lang='lat' dir='ltr'>praelatos.</span> <span class='ocrx_word' id='word_1_50' title='bbox 989 868 991 911; x_wconf 72' lang='lat' dir='ltr'>I</span> 
     </span>
    </p>
   </div>
   <div class='ocr_carea' id='block_1_5' title="bbox 118 943 991 1292">
    <p class='ocr_par' dir='ltr' id='par_1_6' title="bbox 118 943 991 1292">
     <span class='ocr_line' id='line_1_8' title="bbox 120 943 991 1010; baseline 0.002 -16"><span class='ocrx_word' id='word_1_51' title='bbox 120 950 146 994; x_wconf 71' lang='lat' dir='ltr'>te</span> <span class='ocrx_word' id='word_1_52' title='bbox 160 944 239 996; x_wconf 83' lang='lat' dir='ltr'>Uirium</span> <span class='ocrx_word' id='word_1_53' title='bbox 255 944 340 996; x_wconf 74' lang='lat' dir='ltr'>subdit</span> <span class='ocrx_word' id='word_1_54' title='bbox 359 948 478 996; x_wconf 89' lang='lat' dir='ltr'>teneantur</span> <span class='ocrx_word' id='word_1_55' title='bbox 495 957 525 995; x_wconf 87' lang='lat' dir='ltr'>ex</span> <span class='ocrx_word' id='word_1_56' title='bbox 542 946 587 995; x_wconf 85' lang='lat' dir='ltr'>hoc</span> <span class='ocrx_word' id='word_1_57' title='bbox 600 949 712 1010; x_wconf 77' lang='lat' dir='ltr'>precepto</span> <span class='ocrx_word' id='word_1_58' title='bbox 725 945 832 1009; x_wconf 79' lang='lat' dir='ltr'>prelatos</span> <span class='ocrx_word' id='word_1_59' title='bbox 847 947 923 997; x_wconf 81' lang='lat' dir='ltr'>corri-</span> <span class='ocrx_word' id='word_1_60' title='bbox 989 943 991 951; x_wconf 90' lang='lat'>&#39;</span> 
     </span>
     <span class='ocr_line' id='line_1_9' title="bbox 120 1016 991 1084; baseline -0.002 -16"><span class='ocrx_word' id='word_1_61' title='bbox 120 1031 181 1084; x_wconf 80' lang='lat' dir='ltr'>gere.</span> <span class='ocrx_word' id='word_1_62' title='bbox 201 1023 227 1067; x_wconf 70' lang='grc' dir='ltr'>κ’</span> <span class='ocrx_word' id='word_1_63' title='bbox 249 1017 328 1068; x_wconf 79' lang='lat' dir='ltr'>Utrum</span> <span class='ocrx_word' id='word_1_64' title='bbox 348 1019 453 1082; x_wconf 84' lang='lat' dir='ltr'>peccator</span> <span class='ocrx_word' id='word_1_65' title='bbox 470 1017 542 1080; x_wconf 81' lang='lat' dir='ltr'>possIt</span> <span class='ocrx_word' id='word_1_66' title='bbox 555 1017 673 1080; x_wconf 79' lang='lat' dir='ltr'>corrigere.</span> <span class='ocrx_word' id='word_1_67' title='bbox 692 1016 816 1073; x_wconf 76' lang='lat' dir='ltr'>6⁰,Utrirm</span> <span class='ocrx_word' id='word_1_68' title='bbox 837 1019 926 1082; x_wconf 75' lang='lat' dir='ltr'>adquin</span> <span class='ocrx_word' id='word_1_69' title='bbox 989 1024 991 1077; x_wconf 72' lang='lat' dir='ltr'>j</span> 
     </span>
     <span class='ocr_line' id='line_1_10' title="bbox 120 1082 991 1153; baseline -0.001 -13"><span class='ocrx_word' id='word_1_70' title='bbox 120 1089 201 1140; x_wconf 86' lang='lat' dir='ltr'>debeat</span> <span class='ocrx_word' id='word_1_71' title='bbox 213 1089 294 1153; x_wconf 81' lang='lat' dir='ltr'>corripi</span> <span class='ocrx_word' id='word_1_72' title='bbox 306 1126 313 1151; x_wconf 92' lang='lat'>,</span> <span class='ocrx_word' id='word_1_73' title='bbox 327 1087 405 1152; x_wconf 84' lang='lat' dir='ltr'>quiex</span> <span class='ocrx_word' id='word_1_74' title='bbox 424 1089 562 1139; x_wconf 74' lang='lat' dir='ltr'>correctione</span> <span class='ocrx_word' id='word_1_75' title='bbox 579 1089 609 1138; x_wconf 88' lang='lat' dir='ltr'>sit</span> <span class='ocrx_word' id='word_1_76' title='bbox 620 1089 727 1139; x_wconf 84' lang='lat' dir='ltr'>deterior.</span> <span class='ocrx_word' id='word_1_77' title='bbox 743 1091 770 1137; x_wconf 82' lang='lat'>7⁰</span> <span class='ocrx_word' id='word_1_78' title='bbox 782 1088 866 1138; x_wconf 78' lang='lat' dir='ltr'>Uirium</span> <span class='ocrx_word' id='word_1_79' title='bbox 879 1103 924 1139; x_wconf 84' lang='lat' dir='ltr'>se·</span> <span class='ocrx_word' id='word_1_80' title='bbox 989 1082 991 1107; x_wconf 85' lang='lat'><strong>¹</strong></span> 
     </span>
     <span class='ocr_line' id='line_1_11' title="bbox 119 1159 924 1221; baseline 0.002 -13"><span class='ocrx_word' id='word_1_81' title='bbox 119 1165 181 1210; x_wconf 90' lang='lat' dir='ltr'>creta</span> <span class='ocrx_word' id='word_1_82' title='bbox 204 1159 312 1209; x_wconf 87' lang='lat' dir='ltr'>correctio</span> <span class='ocrx_word' id='word_1_83' title='bbox 331 1159 411 1208; x_wconf 85' lang='lat' dir='ltr'>debeat</span> <span class='ocrx_word' id='word_1_84' title='bbox 424 1159 553 1221; x_wconf 84' lang='lat' dir='ltr'>praecedere</span> <span class='ocrx_word' id='word_1_85' title='bbox 574 1159 776 1211; x_wconf 88' lang='lat' dir='ltr'>denuntiationem.</span> <span class='ocrx_word' id='word_1_86' title='bbox 792 1163 820 1209; x_wconf 72' lang='grc' dir='ltr'>8ο</span> <span class='ocrx_word' id='word_1_87' title='bbox 840 1159 924 1210; x_wconf 82' lang='lat' dir='ltr'>Utrdm</span> 
     </span>
     <span class='ocr_line' id='line_1_12' title="bbox 118 1229 773 1292; baseline 0 -12"><span class='ocrx_word' id='word_1_88' title='bbox 118 1231 209 1280; x_wconf 77' lang='lat' dir='ltr'>testitum</span> <span class='ocrx_word' id='word_1_89' title='bbox 223 1229 325 1280; x_wconf 72' lang='lat' dir='ltr'>inductio</span> <span class='ocrx_word' id='word_1_90' title='bbox 337 1229 418 1280; x_wconf 87' lang='lat' dir='ltr'>debeat</span> <span class='ocrx_word' id='word_1_91' title='bbox 428 1229 556 1292; x_wconf 79' lang='lat' dir='ltr'>precedere</span> <span class='ocrx_word' id='word_1_92' title='bbox 570 1230 773 1282; x_wconf 79' lang='lat' dir='ltr'>denuntiationem.</span> 
     </span>
    </p>
   </div>
   <div class='ocr_carea' id='block_1_6' title="bbox 417 1407 614 1460">
    <p class='ocr_par' dir='ltr' id='par_1_7' title="bbox 417 1407 614 1460">
     <span class='ocr_line' id='line_1_13' title="bbox 417 1407 614 1460; baseline 0.01 -3"><span class='ocrx_word' id='word_1_93' title='bbox 417 1407 579 1458; x_wconf 75' lang='lat' dir='ltr'>ARTICULUS</span> <span class='ocrx_word' id='word_1_94' title='bbox 595 1410 614 1460; x_wconf 88' lang='lat' dir='ltr'>I.</span> 
     </span>
    </p>
   </div>
   <div class='ocr_carea' id='block_1_7' title="bbox 222 1525 818 1590">
    <p class='ocr_par' dir='ltr' id='par_1_8' title="bbox 222 1525 818 1590">
     <span class='ocr_line' id='line_1_14' title="bbox 222 1525 818 1590; baseline 0.003 -11"><span class='ocrx_word' id='word_1_95' title='bbox 222 1525 306 1580; x_wconf 66' lang='lat' dir='ltr'>metm</span> <span class='ocrx_word' id='word_1_96' title='bbox 319 1534 432 1590; x_wconf 74' lang='lat' dir='ltr'>sectemur</span> <span class='ocrx_word' id='word_1_97' title='bbox 442 1533 555 1578; x_wconf 79' lang='lat' dir='ltr'>correctio</span> <span class='ocrx_word' id='word_1_98' title='bbox 565 1535 597 1578; x_wconf 80' lang='lat' dir='ltr'>eit</span> <span class='ocrx_word' id='word_1_99' title='bbox 608 1537 675 1580; x_wconf 81' lang='lat' dir='ltr'>actea</span> <span class='ocrx_word' id='word_1_100' title='bbox 684 1535 818 1581; x_wconf 78' lang='lat' dir='ltr'>ctoritota&#39;a.</span> 
     </span>
    </p>
   </div>
   <div class='ocr_carea' id='block_1_8' title="bbox 98 1661 990 2661">
    <p class='ocr_par' dir='ltr' id='par_1_9' title="bbox 98 1661 925 2077">
     <span class='ocr_line' id='line_1_15' title="bbox 98 1661 924 1728; baseline -0.001 -13"><span class='ocrx_word' id='word_1_101' title='bbox 98 1702 102 1714; x_wconf 86' lang='lat'>.</span> <span class='ocrx_word' id='word_1_102' title='bbox 153 1665 186 1714; x_wconf 82' lang='lat' dir='ltr'>dd</span> <span class='ocrx_word' id='word_1_103' title='bbox 204 1663 300 1728; x_wconf 88' lang='lat' dir='ltr'>primum</span> <span class='ocrx_word' id='word_1_104' title='bbox 321 1662 355 1713; x_wconf 87' lang='lat' dir='ltr'>sic</span> <span class='ocrx_word' id='word_1_105' title='bbox 371 1662 501 1725; x_wconf 85' lang='lat' dir='ltr'>proceditur</span> <span class='ocrx_word' id='word_1_106' title='bbox 512 1661 558 1726; x_wconf 82' lang='lat' dir='ltr'>(t).</span> <span class='ocrx_word' id='word_1_107' title='bbox 572 1661 667 1711; x_wconf 80' lang='lat' dir='ltr'>Videtur</span> <span class='ocrx_word' id='word_1_108' title='bbox 682 1661 743 1726; x_wconf 87' lang='lat' dir='ltr'>qudd</span> <span class='ocrx_word' id='word_1_109' title='bbox 755 1663 859 1714; x_wconf 85' lang='lat' dir='ltr'>fraterna</span> <span class='ocrx_word' id='word_1_110' title='bbox 873 1679 924 1716; x_wconf 90' lang='lat' dir='ltr'>cor-</span> 
     </span>
     <span class='ocr_line' id='line_1_16' title="bbox 122 1733 923 1801; baseline 0.004 -17"><span class='ocrx_word' id='word_1_111' title='bbox 122 1735 245 1787; x_wconf 85' lang='lat' dir='ltr'>rectionem</span> <span class='ocrx_word' id='word_1_112' title='bbox 254 1734 283 1786; x_wconf 87' lang='lat' dir='ltr'>sIt</span> <span class='ocrx_word' id='word_1_113' title='bbox 292 1737 355 1786; x_wconf 82' lang='lat' dir='ltr'>actua</span> <span class='ocrx_word' id='word_1_114' title='bbox 364 1733 487 1784; x_wconf 84' lang='lat' dir='ltr'>charitatis.</span> <span class='ocrx_word' id='word_1_115' title='bbox 499 1734 559 1782; x_wconf 87' lang='lat' dir='ltr'>tticit</span> <span class='ocrx_word' id='word_1_116' title='bbox 568 1734 629 1783; x_wconf 89' lang='lat' dir='ltr'>enim</span> <span class='ocrx_word' id='word_1_117' title='bbox 641 1733 720 1783; x_wconf 83' lang='lat' dir='ltr'>Gloesa</span> <span class='ocrx_word' id='word_1_118' title='bbox 728 1737 829 1798; x_wconf 75' lang='lat' dir='ltr'>nectit,</span> <span class='ocrx_word' id='word_1_119' title='bbox 840 1737 923 1801; x_wconf 83' lang='lat' dir='ltr'>XVIII,</span> 
     </span>
     <span class='ocr_line' id='line_1_17' title="bbox 122 1805 924 1872; baseline 0.002 -15"><span class='ocrx_word' id='word_1_120' title='bbox 122 1821 191 1872; x_wconf 81' lang='lat' dir='ltr'>super</span> <span class='ocrx_word' id='word_1_121' title='bbox 210 1809 277 1867; x_wconf 87' lang='lat' dir='ltr'>iilud,</span> <span class='ocrx_word' id='word_1_122' title='bbox 297 1823 310 1855; x_wconf 82' lang='lat' dir='ltr'>u</span> <span class='ocrx_word' id='word_1_123' title='bbox 324 1806 347 1856; x_wconf 89' lang='lat' dir='ltr'>Si</span> <span class='ocrx_word' id='word_1_124' title='bbox 359 1805 485 1869; x_wconf 72' lang='lat' dir='ltr'>peccarent</span> <span class='ocrx_word' id='word_1_125' title='bbox 500 1805 525 1854; x_wconf 86' lang='lat' dir='ltr'>iu</span> <span class='ocrx_word' id='word_1_126' title='bbox 538 1809 561 1855; x_wconf 91' lang='lat' dir='ltr'>te</span> <span class='ocrx_word' id='word_1_127' title='bbox 574 1805 643 1855; x_wconf 87' lang='lat' dir='ltr'>irater</span> <span class='ocrx_word' id='word_1_128' title='bbox 660 1809 728 1866; x_wconf 76' lang='lat' dir='ltr'>tuus,</span> <span class='ocrx_word' id='word_1_129' title='bbox 743 1821 757 1852; x_wconf 84' lang='lat' dir='ltr'>o</span> <span class='ocrx_word' id='word_1_130' title='bbox 771 1806 832 1870; x_wconf 85' lang='lat' dir='ltr'>qudd</span> <span class='ocrx_word' id='word_1_131' title='bbox 850 1807 924 1859; x_wconf 84' lang='lat' dir='ltr'>frater</span> 
     </span>
     <span class='ocr_line' id='line_1_18' title="bbox 122 1874 925 1944; baseline -0.004 -11"><span class='ocrx_word' id='word_1_132' title='bbox 122 1884 156 1934; x_wconf 87' lang='lat' dir='ltr'>est</span> <span class='ocrx_word' id='word_1_133' title='bbox 169 1880 296 1944; x_wconf 83' lang='lat' dir='ltr'>arguendus</span> <span class='ocrx_word' id='word_1_134' title='bbox 306 1891 335 1928; x_wconf 84' lang='lat' dir='ltr'>ex</span> <span class='ocrx_word' id='word_1_135' title='bbox 347 1879 395 1928; x_wconf 84' lang='lat' dir='ltr'>zelo</span> <span class='ocrx_word' id='word_1_136' title='bbox 406 1877 511 1942; x_wconf 76' lang='lat' dir='ltr'>justitie.</span> <span class='ocrx_word' id='word_1_137' title='bbox 523 1877 569 1927; x_wconf 88' lang='lat' dir='ltr'>Sed</span> <span class='ocrx_word' id='word_1_138' title='bbox 578 1874 668 1939; x_wconf 75' lang='lat' dir='ltr'>postte</span> <span class='ocrx_word' id='word_1_139' title='bbox 679 1880 716 1926; x_wconf 89' lang='lat' dir='ltr'>est</span> <span class='ocrx_word' id='word_1_140' title='bbox 729 1877 804 1927; x_wconf 85' lang='lat' dir='ltr'>virtus</span> <span class='ocrx_word' id='word_1_141' title='bbox 813 1878 925 1930; x_wconf 86' lang='lat' dir='ltr'>distincta</span> 
     </span>
     <span class='ocr_line' id='line_1_19' title="bbox 124 1948 922 2015; baseline -0.001 -11"><span class='ocrx_word' id='word_1_142' title='bbox 124 1953 264 2004; x_wconf 76' lang='lat' dir='ltr'>ieiunitate.</span> <span class='ocrx_word' id='word_1_143' title='bbox 275 1951 334 2012; x_wconf 78' lang='lat' dir='ltr'>Ergo</span> <span class='ocrx_word' id='word_1_144' title='bbox 351 1949 457 2000; x_wconf 86' lang='lat' dir='ltr'>correctio</span> <span class='ocrx_word' id='word_1_145' title='bbox 471 1948 571 1999; x_wconf 79' lang='lat' dir='ltr'>fraterna</span> <span class='ocrx_word' id='word_1_146' title='bbox 589 1956 635 2000; x_wconf 85' lang='lat' dir='ltr'>non</span> <span class='ocrx_word' id='word_1_147' title='bbox 653 1952 688 1999; x_wconf 97' lang='grc' dir='ltr'>εει</span> <span class='ocrx_word' id='word_1_148' title='bbox 703 1951 769 1999; x_wconf 89' lang='lat' dir='ltr'>actus</span> <span class='ocrx_word' id='word_1_149' title='bbox 787 1950 922 2015; x_wconf 86' lang='lat' dir='ltr'>charitatis,</span> 
     </span>
     <span class='ocr_line' id='line_1_20' title="bbox 123 2023 279 2077; baseline -0.032 0"><span class='ocrx_word' id='word_1_150' title='bbox 123 2027 162 2077; x_wconf 82' lang='lat' dir='ltr'>sed</span> <span class='ocrx_word' id='word_1_151' title='bbox 178 2023 279 2075; x_wconf 80' lang='lat' dir='ltr'>ustitia.</span> 
     </span>
    </p>

    <p class='ocr_par' dir='ltr' id='par_1_10' title="bbox 122 2041 990 2446">
     <span class='ocr_line' id='line_1_21' title="bbox 154 2041 923 2158; baseline 0 -12"><span class='ocrx_word' id='word_1_152' title='bbox 154 2041 183 2146; x_wconf 58' lang='grc'>2.]</span> <span class='ocrx_word' id='word_1_153' title='bbox 197 2098 323 2157; x_wconf 77' lang='lat' dir='ltr'>Praeterea,</span> <span class='ocrx_word' id='word_1_154' title='bbox 337 2095 446 2145; x_wconf 85' lang='lat' dir='ltr'>correctio</span> <span class='ocrx_word' id='word_1_155' title='bbox 459 2095 558 2144; x_wconf 83' lang='lat' dir='ltr'>fraterna</span> <span class='ocrx_word' id='word_1_156' title='bbox 568 2094 594 2144; x_wconf 82' lang='lat' dir='ltr'>dt</span> <span class='ocrx_word' id='word_1_157' title='bbox 606 2106 647 2158; x_wconf 89' lang='lat' dir='ltr'>per</span> <span class='ocrx_word' id='word_1_158' title='bbox 658 2097 769 2144; x_wconf 82' lang='lat' dir='ltr'>secretam</span> <span class='ocrx_word' id='word_1_159' title='bbox 783 2094 923 2146; x_wconf 84' lang='lat' dir='ltr'>admonitio-</span> 
     </span>
     <span class='ocr_line' id='line_1_22' title="bbox 123 2165 924 2230; baseline -0.002 -10"><span class='ocrx_word' id='word_1_160' title='bbox 123 2181 185 2220; x_wconf 85' lang='lat' dir='ltr'>nem.</span> <span class='ocrx_word' id='word_1_161' title='bbox 203 2169 246 2218; x_wconf 86' lang='lat' dir='ltr'>Sed</span> <span class='ocrx_word' id='word_1_162' title='bbox 261 2166 382 2217; x_wconf 76' lang='lat' dir='ltr'>admonitio</span> <span class='ocrx_word' id='word_1_163' title='bbox 398 2170 432 2217; x_wconf 91' lang='grc' dir='ltr'>εει</span> <span class='ocrx_word' id='word_1_164' title='bbox 443 2165 562 2218; x_wconf 81' lang='lat' dir='ltr'>eonsilium</span> <span class='ocrx_word' id='word_1_165' title='bbox 576 2167 697 2230; x_wconf 82' lang='lat' dir='ltr'>quoddam,</span> <span class='ocrx_word' id='word_1_166' title='bbox 710 2167 770 2228; x_wconf 85' lang='lat' dir='ltr'>quod</span> <span class='ocrx_word' id='word_1_167' title='bbox 782 2167 885 2230; x_wconf 83' lang='lat' dir='ltr'>pertinet</span> <span class='ocrx_word' id='word_1_168' title='bbox 896 2166 924 2218; x_wconf 90' lang='lat' dir='ltr'>ad</span> 
     </span>
     <span class='ocr_line' id='line_1_23' title="bbox 122 2236 925 2305; baseline -0.001 -15"><span class='ocrx_word' id='word_1_169' title='bbox 122 2239 278 2305; x_wconf 82' lang='lat' dir='ltr'>prudentiam3</span> <span class='ocrx_word' id='word_1_170' title='bbox 295 2237 411 2302; x_wconf 88' lang='lat' dir='ltr'>prudentis</span> <span class='ocrx_word' id='word_1_171' title='bbox 422 2238 482 2287; x_wconf 89' lang='lat' dir='ltr'>euim</span> <span class='ocrx_word' id='word_1_172' title='bbox 497 2242 534 2288; x_wconf 91' lang='lat' dir='ltr'>est</span> <span class='ocrx_word' id='word_1_173' title='bbox 552 2251 602 2288; x_wconf 84' lang='lat' dir='ltr'>esse</span> <span class='ocrx_word' id='word_1_174' title='bbox 612 2236 780 2288; x_wconf 82' lang='lat' dir='ltr'>consiliatirum</span> <span class='ocrx_word' id='word_1_175' title='bbox 788 2242 831 2301; x_wconf 87' lang='lat' dir='ltr'>,ut</span> <span class='ocrx_word' id='word_1_176' title='bbox 840 2238 925 2289; x_wconf 90' lang='lat' dir='ltr'>dicitur</span> 
     </span>
     <span class='ocr_line' id='line_1_24' title="bbox 122 2309 990 2376; baseline 0.001 -15"><span class='ocrx_word' id='word_1_177' title='bbox 122 2313 146 2361; x_wconf 90' lang='lat' dir='ltr'>iu</span> <span class='ocrx_word' id='word_1_178' title='bbox 158 2311 243 2362; x_wconf 82' lang='lat' dir='ltr'>Etttc.</span> <span class='ocrx_word' id='word_1_179' title='bbox 256 2309 302 2374; x_wconf 75' lang='lat' dir='ltr'>(et.</span> <span class='ocrx_word' id='word_1_180' title='bbox 312 2309 370 2373; x_wconf 81' lang='lat' dir='ltr'>Ergo</span> <span class='ocrx_word' id='word_1_181' title='bbox 384 2309 480 2360; x_wconf 79' lang='lat' dir='ltr'>fraterna</span> <span class='ocrx_word' id='word_1_182' title='bbox 491 2310 600 2361; x_wconf 86' lang='lat' dir='ltr'>correctio</span> <span class='ocrx_word' id='word_1_183' title='bbox 613 2322 659 2358; x_wconf 88' lang='lat' dir='ltr'>uon</span> <span class='ocrx_word' id='word_1_184' title='bbox 672 2312 708 2360; x_wconf 91' lang='grc' dir='ltr'>εει</span> <span class='ocrx_word' id='word_1_185' title='bbox 719 2313 784 2360; x_wconf 89' lang='lat' dir='ltr'>aetus</span> <span class='ocrx_word' id='word_1_186' title='bbox 795 2311 923 2376; x_wconf 66' lang='lat' dir='ltr'>chumtatie</span> <span class='ocrx_word' id='word_1_187' title='bbox 989 2340 990 2343; x_wconf 61' lang='lat'><em>=</em></span> 
     </span>
     <span class='ocr_line' id='line_1_25' title="bbox 122 2382 309 2446; baseline -0.016 -13"><span class='ocrx_word' id='word_1_188' title='bbox 122 2383 162 2434; x_wconf 82' lang='lat' dir='ltr'>red</span> <span class='ocrx_word' id='word_1_189' title='bbox 175 2382 309 2446; x_wconf 82' lang='lat' dir='ltr'>prudentie.</span> 
     </span>
    </p>

    <p class='ocr_par' dir='ltr' id='par_1_11' title="bbox 121 2452 924 2661">
     <span class='ocr_line' id='line_1_26' title="bbox 154 2452 924 2516; baseline 0.001 -13"><span class='ocrx_word' id='word_1_190' title='bbox 154 2459 176 2503; x_wconf 82' lang='lat' dir='ltr'>t.</span> <span class='ocrx_word' id='word_1_191' title='bbox 190 2455 312 2516; x_wconf 80' lang='lat' dir='ltr'>Praeterea,</span> <span class='ocrx_word' id='word_1_192' title='bbox 324 2452 429 2503; x_wconf 67' lang='lat' dir='ltr'>contrarii</span> <span class='ocrx_word' id='word_1_193' title='bbox 443 2455 561 2503; x_wconf 82' lang='lat' dir='ltr'>actusnon</span> <span class='ocrx_word' id='word_1_194' title='bbox 569 2452 684 2516; x_wconf 88' lang='lat' dir='ltr'>pertinent</span> <span class='ocrx_word' id='word_1_195' title='bbox 693 2454 722 2503; x_wconf 88' lang='lat' dir='ltr'>ad</span> <span class='ocrx_word' id='word_1_196' title='bbox 733 2453 835 2503; x_wconf 85' lang='lat' dir='ltr'>eumdem</span> <span class='ocrx_word' id='word_1_197' title='bbox 844 2454 924 2504; x_wconf 77' lang='lat' dir='ltr'>riutu-</span> 
     </span>
     <span class='ocr_line' id='line_1_27' title="bbox 123 2523 922 2588; baseline 0.001 -13"><span class='ocrx_word' id='word_1_198' title='bbox 123 2529 177 2576; x_wconf 86' lang='lat' dir='ltr'>tem.</span> <span class='ocrx_word' id='word_1_199' title='bbox 189 2524 233 2575; x_wconf 85' lang='lat' dir='ltr'>Sed</span> <span class='ocrx_word' id='word_1_200' title='bbox 244 2527 376 2588; x_wconf 87' lang='lat' dir='ltr'>supportare</span> <span class='ocrx_word' id='word_1_201' title='bbox 387 2527 519 2588; x_wconf 80' lang='lat' dir='ltr'>peccantem</span> <span class='ocrx_word' id='word_1_202' title='bbox 532 2527 567 2575; x_wconf 86' lang='grc' dir='ltr'>εει</span> <span class='ocrx_word' id='word_1_203' title='bbox 579 2527 641 2574; x_wconf 87' lang='lat' dir='ltr'>aetus</span> <span class='ocrx_word' id='word_1_204' title='bbox 649 2523 779 2585; x_wconf 88' lang='lat' dir='ltr'>charitatis,</span> <span class='ocrx_word' id='word_1_205' title='bbox 794 2526 922 2576; x_wconf 81' lang='lat' dir='ltr'>seeundum</span> 
     </span>
     <span class='ocr_line' id='line_1_28' title="bbox 121 2595 923 2661; baseline 0.002 -16"><span class='ocrx_word' id='word_1_206' title='bbox 121 2595 175 2646; x_wconf 92' lang='lat' dir='ltr'>iIIud</span> <span class='ocrx_word' id='word_1_207' title='bbox 187 2596 222 2645; x_wconf 88' lang='lat' dir='ltr'>od</span> <span class='ocrx_word' id='word_1_208' title='bbox 237 2595 306 2654; x_wconf 79' lang='lat' dir='ltr'>Get,</span> <span class='ocrx_word' id='word_1_209' title='bbox 320 2596 349 2645; x_wconf 90' lang='lat' dir='ltr'>VI</span> <span class='ocrx_word' id='word_1_210' title='bbox 360 2611 366 2644; x_wconf 78' lang='lat' dir='ltr'><em>z</em></span> <span class='ocrx_word' id='word_1_211' title='bbox 379 2611 392 2643; x_wconf 84' lang='lat' dir='ltr'>u</span> <span class='ocrx_word' id='word_1_212' title='bbox 402 2596 465 2646; x_wconf 77' lang='lat' dir='ltr'>diter</span> <span class='ocrx_word' id='word_1_213' title='bbox 477 2596 571 2647; x_wconf 85' lang='lat' dir='ltr'>atterius</span> <span class='ocrx_word' id='word_1_214' title='bbox 581 2609 651 2648; x_wconf 89' lang='lat' dir='ltr'>onera</span> <span class='ocrx_word' id='word_1_215' title='bbox 659 2598 756 2661; x_wconf 85' lang='lat' dir='ltr'>portate,</span> <span class='ocrx_word' id='word_1_216' title='bbox 765 2599 788 2646; x_wconf 90' lang='lat' dir='ltr'>et</span> <span class='ocrx_word' id='word_1_217' title='bbox 798 2596 833 2647; x_wconf 86' lang='lat' dir='ltr'>eic</span> <span class='ocrx_word' id='word_1_218' title='bbox 846 2597 923 2647; x_wconf 88' lang='lat' dir='ltr'>adim·</span> 
     </span>
    </p>
   </div>
   <div class='ocr_carea' id='block_1_9' title="bbox 125 2701 991 2828">
    <p class='ocr_par' dir='ltr' id='par_1_12' title="bbox 125 2701 991 2828">
     <span class='ocr_line' id='line_1_29' title="bbox 158 2701 991 2767; baseline 0.002 -17"><span class='ocrx_word' id='word_1_219' title='bbox 158 2701 188 2765; x_wconf 77' lang='grc'>(1)</span> <span class='ocrx_word' id='word_1_220' title='bbox 203 2707 235 2750; x_wconf 83' lang='lat' dir='ltr'>lte</span> <span class='ocrx_word' id='word_1_221' title='bbox 253 2705 289 2750; x_wconf 86' lang='lat' dir='ltr'>his</span> <span class='ocrx_word' id='word_1_222' title='bbox 305 2705 374 2750; x_wconf 88' lang='lat' dir='ltr'>etiam</span> <span class='ocrx_word' id='word_1_223' title='bbox 389 2705 462 2766; x_wconf 88' lang='lat' dir='ltr'>iniri,</span> <span class='ocrx_word' id='word_1_224' title='bbox 476 2705 501 2749; x_wconf 93' lang='lat' dir='ltr'>in</span> <span class='ocrx_word' id='word_1_225' title='bbox 516 2705 561 2752; x_wconf 82' lang='lat' dir='ltr'>tuac</span> <span class='ocrx_word' id='word_1_226' title='bbox 578 2705 660 2750; x_wconf 86' lang='lat' dir='ltr'>eadem</span> <span class='ocrx_word' id='word_1_227' title='bbox 675 2710 769 2766; x_wconf 71' lang='lat' dir='ltr'>quest,</span> <span class='ocrx_word' id='word_1_228' title='bbox 784 2711 829 2752; x_wconf 90' lang='lat' dir='ltr'>art.</span> <span class='ocrx_word' id='word_1_229' title='bbox 850 2707 882 2761; x_wconf 81' lang='lat' dir='ltr'>t;</span> <span class='ocrx_word' id='word_1_230' title='bbox 897 2713 923 2753; x_wconf 93' lang='lat' dir='ltr'>ut</span> <span class='ocrx_word' id='word_1_231' title='bbox 989 2756 991 2767; x_wconf 44' lang='grc' dir='ltr'>Ι</span> 
     </span>
     <span class='ocr_line' id='line_1_30' title="bbox 125 2766 676 2828; baseline -0.002 -15"><span class='ocrx_word' id='word_1_232' title='bbox 125 2774 148 2813; x_wconf 87' lang='grc' dir='ltr'>ει</span> <span class='ocrx_word' id='word_1_233' title='bbox 159 2770 201 2828; x_wconf 82' lang='lat' dir='ltr'>IV,</span> <span class='ocrx_word' id='word_1_234' title='bbox 213 2767 290 2816; x_wconf 71' lang='lat' dir='ltr'>Soet„</span> <span class='ocrx_word' id='word_1_235' title='bbox 303 2767 355 2812; x_wconf 85' lang='lat' dir='ltr'>dist.</span> <span class='ocrx_word' id='word_1_236' title='bbox 371 2766 410 2828; x_wconf 83' lang='lat'>19,</span> <span class='ocrx_word' id='word_1_237' title='bbox 423 2779 461 2824; x_wconf 87' lang='lat' dir='ltr'>qu.</span> <span class='ocrx_word' id='word_1_238' title='bbox 473 2768 498 2828; x_wconf 73' lang='lat'>2,</span> <span class='ocrx_word' id='word_1_239' title='bbox 510 2773 554 2812; x_wconf 86' lang='lat' dir='ltr'>nrt.</span> <span class='ocrx_word' id='word_1_240' title='bbox 574 2767 597 2825; x_wconf 87' lang='lat'>1,</span> <span class='ocrx_word' id='word_1_241' title='bbox 611 2767 641 2811; x_wconf 86' lang='lat' dir='ltr'>ad</span> <span class='ocrx_word' id='word_1_242' title='bbox 652 2767 676 2812; x_wconf 86' lang='grc'>6.</span> 
     </span>
    </p>
   </div>
   <div class='ocr_carea' id='block_1_10' title="bbox 126 2835 925 2963">
    <p class='ocr_par' dir='ltr' id='par_1_13' title="bbox 126 2835 925 2963">
     <span class='ocr_line' id='line_1_31' title="bbox 159 2835 925 2900; baseline 0.007 -19"><span class='ocrx_word' id='word_1_243' title='bbox 159 2835 190 2898; x_wconf 70' lang='lat' dir='ltr'>(t)</span> <span class='ocrx_word' id='word_1_244' title='bbox 205 2838 322 2894; x_wconf 77' lang='lat' dir='ltr'>ttotiigitur</span> <span class='ocrx_word' id='word_1_245' title='bbox 339 2850 366 2882; x_wconf 88' lang='lat' dir='ltr'>er</span> <span class='ocrx_word' id='word_1_246' title='bbox 387 2836 402 2880; x_wconf 83' lang='lat'>5</span> <span class='ocrx_word' id='word_1_247' title='bbox 421 2843 444 2884; x_wconf 90' lang='lat' dir='ltr'>ct</span> <span class='ocrx_word' id='word_1_248' title='bbox 462 2837 543 2894; x_wconf 77' lang='lat' dir='ltr'>ecap.</span> <span class='ocrx_word' id='word_1_249' title='bbox 563 2838 702 2900; x_wconf 72' lang='lat' dir='ltr'>praeolat,</span> <span class='ocrx_word' id='word_1_250' title='bbox 723 2841 760 2886; x_wconf 82' lang='lat' dir='ltr'>uel</span> <span class='ocrx_word' id='word_1_251' title='bbox 774 2841 799 2886; x_wconf 91' lang='lat' dir='ltr'>in</span> <span class='ocrx_word' id='word_1_252' title='bbox 822 2840 925 2899; x_wconf 83' lang='lat' dir='ltr'>antiquie</span> 
     </span>
     <span class='ocr_line' id='line_1_32' title="bbox 126 2899 632 2963; baseline 0.004 -19"><span class='ocrx_word' id='word_1_253' title='bbox 126 2911 179 2959; x_wconf 88' lang='lat' dir='ltr'>cap.</span> <span class='ocrx_word' id='word_1_254' title='bbox 198 2899 248 2946; x_wconf 79' lang='lat' dir='ltr'>tet</span> <span class='ocrx_word' id='word_1_255' title='bbox 260 2899 285 2963; x_wconf 84' lang='lat'>6,</span> <span class='ocrx_word' id='word_1_256' title='bbox 301 2911 329 2947; x_wconf 88' lang='lat' dir='ltr'>ae</span> <span class='ocrx_word' id='word_1_257' title='bbox 347 2901 405 2960; x_wconf 86' lang='lat' dir='ltr'>npud</span> <span class='ocrx_word' id='word_1_258' title='bbox 422 2903 446 2948; x_wconf 81' lang='lat' dir='ltr'>S.</span> <span class='ocrx_word' id='word_1_259' title='bbox 464 2901 576 2948; x_wconf 79' lang='lat' dir='ltr'>&#39;thomam</span> <span class='ocrx_word' id='word_1_260' title='bbox 589 2900 632 2946; x_wconf 84' lang='lat' dir='ltr'>toi.</span> 
     </span>
    </p>
   </div>
   <div class='ocr_carea' id='block_1_11' title="bbox 0 0 1001 3317">
    <p class='ocr_par' dir='ltr' id='par_1_14' title="bbox 0 0 1001 3317">
     <span class='ocr_line' id='line_1_33' title="bbox 0 0 1001 3317; baseline 0 0"><span class='ocrx_word' id='word_1_261' title='bbox 0 0 1001 3317; x_wconf 95' lang='lat' dir='ltr'> </span> 
     </span>
    </p>
   </div>
  </div>
 </body>
</html>
