1992 3317
369 147 400 184 DE
414 146 579 186 MEHOSYM.

378 330 536 384 cantualis
552 332 571 382 l.

155 459 242 505 oseem
260 459 318 502 clare
334 457 505 514 eleemosynam
523 456 555 502 aa't
572 460 641 502 ectus
655 457 789 504 charitalis.

102 586 246 650 ltprimum
258 584 291 635 aie
303 585 432 650 proceditur
440 585 484 648 (l).
498 584 593 635 Videtur
603 584 664 648 quta
679 585 732 636 dare
741 585 869 653 eleemosy-

70 673 124 710 nam
135 671 182 710 non
196 657 226 708 sit
236 659 300 706 actus
313 656 437 708 charitatis.
448 660 518 708 hctus
531 658 593 708 enim
606 657 722 708 charitatis
733 672 780 710 uon
793 664 870 723 potest

68 745 120 783 esse
138 729 188 780 sina
206 727 324 779 charitate.
343 728 388 778 Sed
407 728 495 792 largitio
513 729 708 791 eleemosynarnm
722 734 797 793 potest
817 744 869 781 esse

68 803 119 854 sine
130 800 255 861 charitate,
270 801 395 850 secundum
408 799 462 850 illud
476 801 486 849 l
498 802 566 854 Gor„
575 799 627 848 xlii
641 814 647 848 z
666 817 678 846 a
693 799 717 849 Si
733 802 869 852 distribuero

69 874 95 924 in
117 872 181 922 cibos
203 885 330 936 pauperum
343 873 377 933 (a)
400 883 479 921 omnes
500 870 620 921 facultates
641 883 720 935 meas,
739 872 871 924 charitatem

70 949 147 996 autem
167 957 213 994 non
226 943 341 1007 habuero,
357 941 414 992 nihil
426 941 483 991 mihi
494 943 595 1006 prodest.
609 957 624 989 u
636 943 695 1006 Ergo
707 943 762 994 clare
771 945 870 996 elcemo-

69 1029 152 1082 spnam
163 1028 209 1066 uon
222 1019 258 1066 est
271 1017 335 1066 actus
350 1013 476 1064 eharitatis.

103 1093 126 1139 t.
144 1089 272 1149 Preterea,
286 1088 429 1150 eleemosyna
447 1088 591 1150 computatur
603 1085 663 1136 inter
676 1098 747 1150 opera
763 1085 872 1138 satislao-

71 1161 150 1222 tionis,
165 1161 289 1211 meandum
297 1159 353 1209 illud
367 1158 461 1218 nantel,
474 1159 519 1209 lv:
534 1159 653 1209 «Peccata
663 1162 703 1209 tua
717 1159 870 1224 eleemosynis

70 1231 165 1284 redime.
183 1245 197 1277 a
215 1231 259 1282 Sed
273 1229 396 1280 satisfactio
408 1233 443 1280 est
462 1231 526 1280 actm
537 1229 640 1294 justitia.
664 1230 724 1293 Ergo
742 1231 795 1281 dare
812 1231 872 1282 elea-

70 1315 190 1368 mosyuarn
204 1315 250 1353 non
266 1305 300 1352 est
314 1304 378 1351 actus
392 1301 521 1364 charitatis,
535 1302 575 1352 sed
583 1300 687 1366 justitie.

105 1380 127 1427 a.
145 1371 359 1434 pretereamtlerre
370 1373 468 1423 hostiam
482 1374 529 1423 lieo
540 1376 576 1423 eat
585 1377 648 1423 actus
661 1374 740 1426 latria.
755 1375 800 1426 Sed
815 1376 868 1428 dare

71 1448 241 1511 eleemosynam
259 1449 295 1496 est
316 1445 396 1495 ollone
417 1445 515 1497 hostiam
537 1446 597 1505 lieo,
617 1447 742 1497 secuudum
758 1447 815 1498 illud
835 1449 871 1498 od

73 1519 159 1574 fleta,
177 1518 219 1567 ult.
233 1533 262 1566 :a
275 1516 433 1568 Beneiicentiae
448 1521 471 1567 et
488 1515 655 1567 communionis
670 1518 740 1569 nolite
749 1518 872 1582 oblivisci,

71 1590 159 1642 talibus
172 1589 233 1640 anim
247 1589 327 1639 hostiis
340 1592 480 1654 promeretur
494 1590 554 1638 heus
568 1603 582 1635 a
596 1588 642 1650 lubi
653 1589 742 1653 sopri).
755 1591 813 1654 Ergo
827 1603 874 1641 uon

72 1665 109 1714 est
127 1664 191 1711 actus
203 1660 319 1712 charitatis
332 1661 384 1710 darc
398 1660 579 1724 eleemosynam,
591 1661 632 1709 sed
643 1661 716 1723 magia
726 1660 810 1712 latrice.

105 1737 128 1782 t.
140 1735 267 1796 Praeterea,
277 1733 429 1795 Philosophus
440 1729 496 1780 dicit
507 1731 532 1780 iu
545 1731 575 1779 lv
586 1730 670 1780 Ethic.
692 1732 751 1794 (cap.
766 1730 875 1795 1),un

73 1808 127 1860 dare
145 1805 232 1868 aliquid
253 1809 345 1868 propter
365 1804 449 1855 bouum
464 1806 498 1854 est
521 1807 584 1853 actus
600 1803 751 1854 liberalitatis.
768 1804 813 1854 Sed
832 1805 876 1854 hoc

73 1876 173 1929 maxime
187 1877 212 1927 lit
226 1876 249 1926 irr
263 1875 381 1940 largitione
396 1875 598 1940 eleemosynarnm.
611 1874 669 1938 Ergo
682 1875 735 1924 dare
747 1875 874 1939 eleemosy-

73 1962 128 2002 nam
142 1962 188 1999 non
202 1952 237 2000 est
250 1952 313 1998 aetus
322 1946 448 1998 eharitatis.

106 2023 152 2073 Sed
172 2025 251 2072 contra
269 2023 317 2084 est,
334 2019 394 2084 quod
411 2017 492 2070 dicitur
502 2019 512 2068 I
522 2019 605 2075 loon„
624 2018 671 2068 Ill:
688 2018 758 2078 «Qui
770 2018 875 2069 hahuerit

74 2092 225 2146 substantiam
238 2092 306 2157 hujus
315 2091 402 2154 muudi,
411 2094 435 2141 et
446 2089 529 2140 oderit
537 2090 630 2140 tratrem
641 2103 707 2139 suum
715 2088 875 2140 necessitatem

76 2165 216 2230 patientem,
233 2167 257 2214 et
276 2163 383 2213 clauserit
395 2161 481 2213 riscem
497 2174 539 2212 sua
554 2162 582 2212 ah
598 2174 640 2224 eo,
651 2163 762 2225 quomodo
776 2161 876 2212 charitas

75 2237 116 2290 oei
128 2240 207 2288 manet
220 2235 245 2285 in
255 2233 313 2286 illot
325 2250 339 2282 a

84 2422 92 2468 i
108 2354 140 2418 (i)
156 2357 188 2463 ge
201 2354 237 2400 his
250 2354 377 2412 etiam1V‚
394 2352 471 2403 Seni„
485 2353 538 2399 dist.
555 2351 593 2411 15,
609 2363 648 2409 qu.
661 2351 689 2411 ἢ,
705 2356 749 2396 act.
764 2349 790 2411 l,
802 2363 877 2409 qums·

74 2427 149 2468 tunc.
183 2450 189 2462 .

110 2494 142 2559 (2)
159 2491 236 2542 (lamet
250 2492 354 2552 tantrim,
371 2489 409 2543 ἐὰν
423 2489 520 2561 ψωμίζω
533 2509 613 2542 maara
626 2488 657 2542 τὰ
670 2487 807 2559 ὑπάρχοντα
821 2506 877 2558 μους

76 2570 144 2628 quasi
162 2567 225 2613 dicat
239 2583 244 2610 ε
258 2565 288 2612 Si
303 2565 446 2610 minutatim
460 2564 567 2609 divisero
587 2561 649 2608 tono
662 2564 745 2607 omnio
758 2573 818 2606 meo.
834 2562 878 2608 Sed

78 2633 133 2690 quia
148 2630 229 2676 hocin
246 2629 305 2674 cibis
317 2626 442 2673 diuidendis
454 2627 601 2684 intelligitur,
615 2630 638 2670 et
658 2626 681 2669 in
697 2624 792 2682 gratiam
810 2637 878 2681 egen-

77 2697 135 2742 tium
149 2692 198 2740 lleri
212 2692 295 2750 dehet,
309 2703 337 2736 ex
347 2701 421 2748 preco
428 2689 508 2758 ψωμὸς
516 2689 579 2746 quod
587 2687 715 2733 buccellam
728 2687 764 2731 rel
774 2685 874 2731 inustum

78 2765 204 2825 significat,
218 2776 261 2808 nec
278 2774 324 2808 uno
339 2761 454 2808 verbosis
474 2761 570 2817 exprimi
585 2758 685 2816 potuita
699 2757 800 2813 Latinis,
814 2756 877 2801 recte

78 2843 120 2888 per
130 2827 283 2938 periphrgsim
293 2824 408 2872 redditum
421 2829 456 2872 est
471 2840 477 2872 ε
492 2824 522 2871 st
533 2821 683 2872 distribuero
696 2823 724 2868 in
740 2819 803 2866 citos
814 2831 878 2881 pou·

74 2905 214 2952 peream
238 2923 245 2938 .
