1992 3317
123 124 153 171 et
256 128 331 169 tntu
348 126 476 179 ancones,
490 126 583 176 Quaen
598 126 661 179 esu,
676 125 732 165 nna.
747 126 785 164 ιιι.

123 212 165 265 est.
181 208 238 268 onie
255 218 323 271 super
337 205 393 257 iliud
410 207 489 265 Rem„
512 205 542 257 111
560 220 566 254 ε
583 221 598 253 c
614 203 706 258 tntis
721 202 764 259 ttni
779 205 968 269 miminis

123 284 174 343 est,
186 282 269 341 etc.‚n
288 277 342 331 dicit
356 276 433 331 fitense
451 293 456 327 :
471 294 485 327 n
500 279 563 329 ltens
575 276 655 341 recipit
670 289 724 327 cam
736 275 777 339 qni
792 278 828 331 ad
844 292 879 331 se
897 295 967 333 con·

123 353 196 418 fugit,
210 351 276 405 niter
289 353 349 403 esset
362 350 387 401 in
396 362 423 401 ce
437 348 546 413 iniqnitas
558 347 601 414 (a).
612 366 625 395 e
638 348 684 399 Sed
696 346 848 411 impossibile
864 356 921 403 est
936 355 965 405 in

124 425 174 475 Dee
187 422 330 487 iniqnitntem
341 435 399 473 esse.
411 422 471 485 Engo
485 425 521 473 est
530 418 671 485 impossibiie
683 418 823 483 quintinus
834 434 898 475 nen
916 440 963 477 re-

123 494 193 561 cipiet
207 507 259 546 enm
272 494 311 559 qni
325 495 353 545 nd
367 507 390 544 sc
410 492 522 558 confugit.
541 493 577 543 Ex
591 490 727 545 necessitate
742 490 815 555 igitur
830 496 958 557 gratiam

125 580 175 619 esse
209 566 261 619 itur.

155 580 328 701 aqut‘raeterea,
350 636 471 689 inanimus
491 637 546 688 dicit
568 636 594 685 in
611 636 653 687 tit.
672 635 709 685 De
729 649 806 688 cause
831 637 961 692 diaboli

126 711 191 774 (cap.
206 708 249 773 3),
257 708 318 773 qnid
331 724 344 755 n
357 708 401 759 iste
414 712 448 759 est
460 721 528 759 causa
542 721 614 772 qnare
626 712 687 759 ltcns
701 720 748 758 nen
760 708 878 762 concedit
896 712 960 763 dia-

125 781 177 833 bolo
191 780 293 845 genam,
303 780 412 845 quinipse
423 794 469 833 nen
479 780 551 831 vetnit
561 779 679 843 accinens,
690 792 733 830 nec
743 781 843 843 paratus
855 780 926 833 tuit.
940 802 958 830 a>

126 851 172 904 Sed
185 855 272 905 ceneta
286 866 356 904 ¹cause
369 866 461 905 neccsse
475 856 510 903 est
521 851 634 903 senneveri
646 850 762 903 enectum.
775 850 841 913 Engo
858 852 883 903 si
901 855 957 906 ati-

126 924 177 989 quis
190 924 248 975 velit
261 924 363 989 accipere
375 923 487 987 gennem,
503 936 597 975 necesse
610 925 648 974 est
660 923 721 987 qnod
731 921 754 973 ei
772 921 856 975 detur.

158 1000 181 1046 3.
199 996 323 1061 Prntenen,
339 998 449 1047 «Beuum
461 999 495 1047 est
509 994 725 1048 communicativum
736 993 784 1057 sni,
797 998 859 1045 n··ut
870 1003 956 1061 patet.

127 1081 167 1132 per
178 1064 314 1132 Dionysium
329 1068 354 1119 in
371 1069 410 1119 ιι.
426 1068 463 1117 Dc
476 1066 531 1117 div.
548 1068 624 1117 Nom.
640 1066 685 1116 Sed
698 1066 782 1124 bonnm
797 1064 886 1127 gratian
906 1075 954 1121 est

126 1138 209 1191 nnetius
224 1152 291 1203 qnam
312 1140 397 1191 benum
418 1144 511 1189 nntnrae.
526 1137 583 1189 Cin
600 1138 671 1201 igitur
686 1139 759 1189 iernen
776 1138 899 1191 naturalis
916 1155 953 1193 ex

126 1211 260 1265 necessitate
278 1210 382 1261 adveniat
395 1209 496 1261 materiae
514 1209 754 1274 dispesite‚nidetnr
771 1208 833 1271 eneti
857 1212 951 1264 multe

126 1280 198 1345 magis
217 1282 290 1345 gratia
309 1294 338 1331 ex
351 1280 485 1332 necessitate
502 1280 568 1331 detur
583 1280 723 1345 nnennnnti
736 1292 762 1331 se
780 1279 812 1330 ed
823 1282 948 1349 gratisne.

157 1353 201 1405 Sed
223 1356 301 1403 centra
322 1356 373 1416 est,
394 1351 454 1416 qued
470 1353 540 1403 hemo
561 1350 858 1416 consarcinationem,
876 1354 952 1408 sicut

125 1426 198 1477 latum
208 1424 237 1475 ad
249 1423 351 1487 figulum,
365 1423 489 1475 secundnm
497 1422 555 1475 itlnd
565 1424 648 1481 Hier„
661 1423 749 1473 XVIII:
760 1422 848 1476 «Sient
859 1424 948 1481 lutum

131 1498 156 1549 in
169 1508 238 1547 mann
254 1494 330 1560 figuti,
348 1495 382 1545 sic
395 1508 435 1547 ves
447 1495 472 1545 in
485 1509 556 1546 mann
574 1507 635 1546 men.
653 1511 668 1541 ι»
682 1494 727 1546 Sed
746 1494 820 1545 lutum
835 1508 889 1549 nen
910 1514 949 1551 ex

127 1567 261 1619 necessitate
279 1565 362 1631 accipit
375 1566 470 1617 tonnam
485 1566 810 1629 nflgn10,qunntuncnnqne
826 1564 859 1617 sit
873 1582 948 1633 pm.

127 1643 237 1704 paratum.
251 1640 310 1703 Engo
320 1639 389 1689 home
399 1651 445 1689 non
456 1636 537 1702 recipit
548 1651 578 1689 ex
589 1637 723 1689 necessitate
736 1636 857 1701 matema
872 1640 940 1705 neo,

127 1715 324 1777 quantuncunque
341 1723 366 1764 se
378 1713 497 1775 preparet.

160 1782 319 1849 (consensio.
338 1810 368 1822 -
380 1780 485 1834 {leminis
498 1782 558 1845 qued
571 1782 597 1833 in
609 1795 634 1833 se
647 1785 684 1835 eet
701 1779 805 1832 facientis
818 1794 945 1847 praecem.

128 1854 213 1905 tionem
222 1855 250 1905 ad
264 1854 374 1918 gratiam,
389 1852 473 1904 iniuste
485 1852 564 1917 gretie
581 1851 709 1905 necessarie
726 1866 768 1903 sen
780 1851 943 1909 infallibiliter

128 1924 237 1990 seqantnn,
252 1928 319 1989 prout
331 1926 382 1989 ipsa
391 1924 526 1989 praeparatio
539 1924 552 1977 ι
564 1928 671 1977 monem
688 1924 739 1975 Dee
750 1926 801 1987 est,
811 1924 882 1989 cnjns
895 1926 943 1981 in-

130 1996 201 2047 tentio
215 1996 311 2047 deiicere
328 2009 375 2047 nen
389 1999 476 2061 petest3
491 2010 538 2052 nen
553 2001 631 2049 entem
647 1998 716 2061 nient
730 1998 767 2047 est
783 1998 848 2047 actus
866 1998 940 2053 libeni

129 2067 231 2130 arbitrii,
241 2068 306 2131 cnjus
316 2067 447 2118 facultatem
461 2068 534 2131 gretia
546 2068 660 2130 excedit.)
876 2122 880 2127 ,

160 2138 295 2203 Respondes
308 2137 443 2201 dicendum,
453 2138 513 2201 quid
524 2139 582 2189 sicut
595 2138 664 2203 sunni
674 2139 761 2190 dictum
773 2142 810 2190 est
819 2140 880 2204 tart.
894 2148 938 2209 1),

129 2210 265 2276 preparatio
278 2210 378 2261 heminis
392 2211 420 2261 nd
437 2210 532 2275 gratiam
545 2215 581 2262 est
594 2211 607 2261 ι
623 2213 669 2262 ttee
679 2212 741 2262 sient
756 2211 770 2262 ι
783 2217 909 2278 movente,
922 2218 939 2267 a

130 2283 199 2334 tibere
217 2286 293 2333 antem
305 2282 397 2333 arbitrie
414 2280 474 2331 sient
491 2282 589 2333 amoto.
607 2284 685 2334 Potest
705 2282 775 2346 igitur
791 2287 937 2349 preparetis

129 2353 248 2419 dupliciter
258 2353 403 2405 considerant.
416 2353 464 2404 Uno
475 2352 567 2417 quidem
580 2354 662 2416 mede,
680 2354 808 2405 secundnm
818 2353 883 2419 queit
898 2362 939 2409 est

129 2425 221 2478 alibero
235 2424 339 2489 arbitrie,
355 2429 378 2475 et
393 2424 516 2475 secundnm
530 2426 575 2475 hec
585 2424 671 2475 nuttam
686 2425 849 2477 necessitatem
861 2428 938 2479 habet

129 2498 156 2549 nd
170 2496 247 2563 gratiae
262 2496 460 2559 consecutionem
475 2495 626 2559 quindenum
641 2496 719 2562 gratiae
736 2497 828 2548 excedit
839 2510 936 2551 omnem

162 2605 196 2667 (ι)
210 2608 253 2654 Vel
268 2608 300 2653 sic
315 2608 393 2655 verbis
404 2604 523 2663 paulatim
536 2608 680 2662 immutatis:
694 2606 756 2654 Cim
769 2609 862 2665 recipit
872 2622 934 2655 enn-

128 2671 249 2729 scatentes
265 2670 296 2716 eet
310 2683 349 2727 se,
359 2670 461 2727 justitie
476 2668 587 2721 dicitnr,
600 2672 660 2729 qnia
672 2683 723 2716 een
736 2671 862 2728 suscipere
873 2672 936 2718 ini-

130 2734 209 2791 quitas
225 2737 270 2786 est·
284 2738 310 2777 ιιι
324 2732 398 2778 habet
411 2731 493 2778 titessa
507 2732 540 2777 ibi
550 2738 598 2777 tum
612 2739 679 2779 vetus
694 2734 868 2792 manuscripta,
882 2739 935 2783 tum

130 2804 191 2843 nenn
203 2796 239 2841 ael
256 2795 384 2851 impressa,
400 2804 453 2849 qnae
465 2792 593 2853 ioenmptn.
602 2800 639 2841 est
655 2808 684 2842 ex
696 2796 807 2857 nebant,
822 2799 937 2855 qaam

130 2870 215 2907 nemen
225 2856 287 2905 illius
298 2868 345 2904 nen
361 2855 483 2914 exprimat.
