1992 3317
83 148 130 195 m
194 151 446 201 emundandum,
465 149 559 197 ΘΗΜ.
574 149 646 202 ΗΠ,
661 149 718 188 m.
736 150 769 190 tr.

112 234 146 285 ld
156 232 247 285 tertium
258 230 392 293 dicendum,
402 227 465 293 qudd
476 230 521 279 huc
530 228 590 291 qued
599 226 685 291 alque
696 226 754 277 reh't
766 227 813 279 hui
825 230 883 294 heu

81 306 179 371 pertinet
193 303 223 353 ad
235 314 334 353 emerem
348 314 394 365 quc
410 302 470 351 heus
482 303 570 351 amatur
588 313 665 351 amere
682 300 882 363 concupiscentie.

80 376 150 440 llagis
161 378 239 425 autem
252 386 355 425 amamus
365 373 436 423 Deum
446 385 522 423 amere
533 370 651 433 amicitie,
664 383 732 434 quam
743 383 819 423 amere
828 387 885 424 mu-

80 447 244 513 cupiscentlar3
259 446 314 511 quia
329 446 403 509 majus
417 445 471 495 est'
465 459 490 495 ru
510 458 536 494 ee
546 444 630 494 henum
643 443 698 505 liei,
712 456 780 506 quam
797 445 886 498 henum

80 520 140 584 quod
156 519 290 585 participare
306 530 428 582 pessumus
443 517 559 567 lrueudc
553 528 612 580 uuae.
631 516 660 565 El
677 516 728 566 ideo
749 516 885 582 simpliciter

79 593 148 642 hcmc
168 590 241 654 magle
257 590 330 654 diligit
342 592 415 641 ileum
428 602 457 640 cx
470 589 581 639 charitate
594 587 662 651 quhnr
677 587 787 652 seipeum.

376 758 535 811 humectus
549 758 588 808 lv,

81 880 166 925 Ulrdm
182 880 251 924 mmo
267 892 296 924 en
310 878 430 953 charitate
450 877 528 951 maele
545 875 628 920 debeat
646 874 746 931 didicere
764 876 882 934 edurum,

370 952 442 999 qnam
450 951 595 997 promum.

111 1060 144 1111 ld
155 1063 259 1126 quartum
272 1059 305 1111 air.
313 1056 444 1124 proceditur
458 1057 502 1121 (t).
515 1054 610 1106 Videtur
618 1054 678 1120 qudd
692 1056 761 1109 heum
775 1070 805 1109 ex
822 1061 883 1111 cha-

78 1132 144 1183 ritate
163 1145 206 1182 ncu
222 1130 294 1195 magis
312 1130 393 1180 debeat
409 1126 503 1190 diligere
523 1126 639 1192 seipsum,
654 1141 722 1193 quam
740 1129 878 1193 proximum.

79 1203 204 1268 Principale
217 1203 277 1252 enim
289 1200 402 1264 objectum
412 1199 531 1249 charitalis
546 1203 582 1248 est
595 1200 666 1263 heus,
679 1202 703 1248 ut
714 1200 783 1266 cupri
792 1201 876 1253 dictum

78 1276 120 1324 est.
133 1274 178 1323 Sed
189 1272 324 1337 quaudoque
332 1272 400 1321 hamc
408 1269 477 1319 hahet
489 1269 617 1334 proximum
630 1271 704 1335 magis
714 1272 760 1323 Deo
771 1273 880 1337 cunjunc-

77 1349 125 1395 tum
139 1356 206 1423 quam
223 1343 271 1393 sit'
265 1355 322 1407 lpse.
335 1342 395 1405 Ergo
415 1355 467 1405 mag
453 1341 487 1391 tris
501 1343 569 1394 dehet
587 1340 671 1406 aliqum
685 1342 755 1393 talem
768 1344 880 1411 diligere,

77 1428 144 1478 quam
157 1414 267 1481 seipsum.

109 1490 132 1537 2
154 1486 280 1549 Praeterea,
298 1484 457 1537 detrimentum
481 1484 544 1535 illius
565 1498 632 1549 quem
653 1486 725 1550 magis
748 1486 880 1554 diligimus,

78 1558 150 1622 magis
163 1557 270 1607 vitamus.
285 1557 331 1607 Sed
345 1559 413 1608 home
427 1571 456 1608 ex
469 1556 580 1610 charitate
600 1558 699 1611 sustinet
717 1556 882 1613 detrimentum

78 1643 117 1693 pro
136 1630 252 1694 proxime,
272 1630 354 1681 secund
357 1643 395 1679 uua
413 1628 470 1681 illud
491 1630 578 1686 Pron„
597 1629 663 1679 llll
657 1669 662 1680 .
689 1629 763 1689 «Qui
782 1631 884 1697 negligit

77 1702 184 1752 damnum
196 1705 289 1768 propter
299 1701 416 1765 amicum,
432 1702 508 1765 justus
525 1703 569 1750 est.
583 1716 597 1747 »
615 1701 675 1764 Ergo
688 1702 756 1753 hemo
768 1702 835 1754 dehet
847 1718 878 1757 ex

77 1774 186 1825 charitate
200 1774 272 1839 magis
285 1772 355 1825 alium
369 1772 477 1838 dilIgere,
493 1785 561 1836 quam
576 1772 685 1839 seipsum.
735 1810 738 1816 .

53 1850 64 1869 ·
109 1850 131 1895 3.
145 1845 274 1909 Pratum,
292 1846 309 1895 l.
321 1845 357 1895 ud
367 1852 433 1905 dor„
447 1844 509 1906 lllll,
521 1845 613 1908 dicitur,
623 1844 682 1907 qudd
698 1844 819 1897 «charitas
830 1859 878 1898 nou

77 1915 158 1979 querit
170 1930 220 1981 qum
230 1930 271 1967 sua
281 1920 343 1967 suut.
352 1933 365 1963 n
375 1917 419 1967 Sed
430 1916 485 1968 illud
494 1915 593 1969 maxime
605 1929 707 1966 amamus
715 1915 782 1981 eujus
791 1918 878 1971 hunum

77 1986 175 2037 maxime
196 1988 312 2051 quaritur.
327 1988 393 2052 Euge
403 2002 444 2053 per
457 1988 592 2038 charitatem
610 1986 693 2051 aliquis
707 2002 752 2039 ndu
771 1994 831 2042 amat
844 2004 880 2043 se·

76 2058 152 2122 ipsum
166 2058 238 2123 magis
251 2072 318 2123 quam
331 2059 469 2125 proximum.

108 2129 154 2180 Sed
169 2134 246 2180 contra
260 2134 307 2191 est,
320 2132 379 2195 quod
393 2131 475 2183 dicitur
489 2132 577 2188 decit„
589 2131 654 2195 xlx,
667 2134 690 2182 et
704 2131 876 2191 Mattt.,xl1:

78 2219 92 2250 n
105 2200 189 2265 Diliges
202 2202 329 2266 proximum
345 2207 408 2254 tuum
420 2204 479 2255 sicut
492 2204 592 2268 teipsum
603 2203 646 2270 (2).
657 2220 671 2251 »
682 2206 717 2255 Ex
732 2219 777 2269 quc
788 2205 877 2259 ridetur

75 2274 136 2341 qudd
145 2272 235 2325 dilectio
246 2274 344 2329 hominis
353 2278 380 2327 ad
391 2276 502 2343 seipsum,
511 2277 612 2327 estsieut
623 2279 739 2342 exemplar
749 2277 878 2329 dilectionis

75 2350 125 2411 quia
139 2346 235 2397 hahetur
248 2348 275 2397 ad
291 2348 396 2399 alterum.
408 2348 453 2402 Sed
467 2349 583 2415 exemplar
591 2349 667 2415 petius
676 2353 712 2400 est
722 2363 788 2415 quam
800 2362 880 2401 exem·

74 2419 169 2481 pletum.
179 2419 238 2483 Ergo
252 2422 320 2471 trcum
334 2435 362 2473 ex
376 2421 484 2476 charitate
502 2422 574 2487 magis
585 2422 652 2474 dehet
663 2422 756 2487 diligere
767 2422 878 2489 seipsum,

75 2504 143 2553 quam
159 2491 297 2555 proximum.

107 2614 137 2679 (l)
153 2622 187 2666 lle
204 2621 239 2666 hia
255 2622 420 2680 etiamtum,
436 2622 514 2673 Seni..
529 2623 582 2669 diet.
594 2622 637 2682 29
652 2629 696 2671 art.
712 2622 740 2678 5·
756 2627 877 2685 utetIV,

73 2681 151 2733 Seni„
164 2684 217 2729 dict.
235 2683 279 2741 ³8,
295 2698 336 2741 qu.
352 2686 387 2744 S,
398 2690 441 2730 art.
461 2684 493 2744 I,
506 2686 644 2741 qumatlune.
662 2687 690 2741 1;
705 2691 730 2734 et
749 2687 877 2744 ecculm

75 2746 146 2803 vm,
160 2746 243 2808 art.,8
255 2748 353 2804 lucnrp.

108 2812 142 2878 (S)
156 2819 220 2865 utet
233 2818 328 2868 Madd„
339 2821 370 2879 V,
380 2832 441 2866 vera.
451 2819 498 2873 13;
493 2820 596 2867 ΜΕΝ
598 2824 683 2882 AB,
695 2835 721 2868 v.
731 2821 774 2877 11;
785 2820 879 2868 Hm.

74 2879 168 2943 X11‚v
183 2879 226 2941 ³1⁵
242 2880 348 2937 aum
328 2882 402 2945 X‚v.
418 2881 458 2933 il.
480 2882 606 2933 dunelm
598 2896 649 2946 epae
668 2890 809 2946 mlum
819 2884 879 2936 illud
