1992 3317
154 143 201 197 lto
266 148 375 195 snccunn
390 138 520 202 ammon,
537 145 634 197 coma.
649 145 722 199 nm,
738 144 793 187 aar.
811 136 846 186 m.

443 308 607 361 nnntcttws
622 307 662 359 tx.

158 428 242 476 Utrum
263 426 427 474 convenienter
445 428 628 483 distinguantur
643 426 691 470 ires
707 422 798 481 gradus
816 422 966 479 charitalis,

348 490 471 547 iucipiens,
480 490 604 547 proficiens
611 492 634 533 et
644 488 758 545 perfecta.

188 611 221 662 nd
234 622 319 661 nonum
334 608 368 659 sic
382 606 512 673 proceditur
527 606 573 671 (ll.
584 606 679 656 tidctur
691 605 753 668 qudd
766 605 964 657 inconvenienter

155 682 322 745 distinguantur
330 684 377 731 tres
390 680 472 742 gradus
482 676 611 741 charitatis3
620 678 710 727 scilicet
722 677 819 727 charitas
832 676 961 741 incipieus,

104 766 109 774 ·
155 754 291 818 proficiens,
306 757 329 804 et
347 751 456 817 perfecta.
475 751 537 800 luter
555 749 694 813 principium
713 747 775 799 euim
792 748 914 799 charitatis
936 754 963 799 et

156 824 209 889 ejus
218 824 321 875 ultimum
336 822 513 887 perfectionem,
521 824 575 872 suut
588 819 653 869 multi
663 818 746 882 gruum
758 818 893 871 mediilton
902 833 963 884 ergo

156 908 228 947 uuum
240 896 314 947 solum
327 894 429 945 medium
443 892 523 943 debuit
532 890 597 956 poni.

189 972 214 1018 2.
224 968 348 1031 preterea,
359 965 435 1017 statim
448 962 500 1013 cium
509 963 609 1013 charitas
624 961 706 1026 incipit
714 975 776 1024 esse,
789 964 871 1028 incipit
885 964 959 1014 etiam

125 1050 128 1055 '
157 1038 275 1102 prolicere.
287 1041 339 1091 Nou
347 1050 401 1102 ergo
416 1036 485 1087 debet
493 1034 602 1098 distingui
612 1033 709 1084 ctrautas
721 1035 843 1098 proiciens
856 1035 871 1085 a
882 1035 964 1085 ciari-

159 1113 208 1163 tate
219 1110 353 1176 incipiente.

190 1188 213 1233 a.
227 1184 350 1241 Pontem,
363 1182 573 1243 quantumcumque
589 1177 671 1243 aliquis
681 1179 765 1229 habeat
778 1181 802 1228 tn
815 1180 859 1230 hoc
873 1181 963 1230 maudo

158 1254 291 1305 cuadtatem
312 1250 448 1316 perlectam,
463 1254 540 1315 potest
552 1251 621 1303 etiam
636 1251 686 1314 ejus
705 1250 805 1301 charitas
826 1251 919 1315 augeri,
934 1257 964 1301 ut

159 1324 244 1374 dimam
257 1327 301 1373 est.
315 1322 360 1373 Sed
377 1322 512 1373 charitatem
530 1322 607 1385 augeri
622 1326 657 1373 est
676 1320 748 1386 ipsam
761 1322 878 1385 proicere.
898 1324 962 1385 Ergo

158 1395 257 1446 charitas
275 1394 372 1459 perlecta
392 1407 439 1446 non
457 1395 525 1445 debet
541 1394 652 1457 distingui
667 1394 681 1444 i
694 1393 803 1445 clamitate
815 1393 961 1457 prodcientc.

159 1466 349 1519 inconvenienter
357 1466 521 1531 ergcpraedicti
528 1470 575 1516 tres
585 1466 668 1529 gradum
680 1465 796 1516 charitatis
805 1464 962 1528 assignantur.

190 1538 235 1589 Sed
257 1541 336 1589 contra
354 1542 402 1602 est,
421 1538 482 1603 quod
507 1537 647 1599 Augustinus
665 1536 721 1587 dicit
738 1550 805 1601 snper
825 1536 843 1584 t.
862 1538 958 1588 conon

159 1617 231 1663 doato.
246 1626 255 1660 :
273 1610 404 1661 «Charitas
419 1609 470 1659 cim
485 1608 555 1659 luerit
567 1611 634 1671 nala,
649 1609 756 1673 nutritur,
766 1625 780 1656 o
789 1608 848 1673 Quod
860 1608 963 1672 pertinet

160 1683 190 1733 ad
200 1682 347 1749 incipientem
365 1700 378 1731 a
392 1681 444 1733 cim
457 1681 527 1732 luerit
540 1680 638 1741 munita,
658 1680 785 1743 roboratur,
798 1698 813 1728 o
829 1680 891 1743 quod
903 1695 960 1745 per·

161 1754 219 1806 tinet
237 1757 264 1806 ad
284 1754 445 1819 prolicientes3
467 1770 481 1801 ι(
499 1752 553 1801 cim
573 1751 642 1801 luerit
661 1752 778 1815 roborata,
801 1752 924 1815 perddtur,
946 1771 959 1800 o

160 1828 221 1891 quod
231 1827 330 1891 pertinet
347 1827 375 1876 ad
385 1826 507 1889 perlectos.
521 1825 581 1885 lirgo
594 1826 630 1872 est
641 1822 724 1894 triplex
738 1823 819 1886 medus
833 1823 958 1874 charitatis.

194 1898 350 1961 (Conmnsro.
364 1922 396 1933 -
414 1894 564 1957 distinguitur
583 1893 682 1943 charitas
703 1894 830 1944 secundum
847 1895 958 1961 triplicem

161 1972 271 2033 madum,
289 1967 462 2031 incipientium,
474 1965 657 2031 proficientium,
671 1970 695 2016 et
711 1967 875 2029 perlectorum,
898 1969 957 2031 qudd

162 2038 321 2104 incipientium
335 2038 434 2089 cunutus
446 2038 471 2087 iu
482 2051 573 2088 recessu
586 2036 714 2101 inpeccatis,
725 2037 890 2102 proficientium
903 2040 956 2090 verd

162 2110 188 2163 iu
202 2109 311 2160 virtutum
332 2110 506 2171 exercitatione,
523 2108 676 2172 perlectorum
691 2122 746 2159 vero
760 2109 785 2159 iu
798 2110 874 2162 oudo
888 2112 957 2163 intras-

161 2182 228 2233 reudi
242 2182 292 2231 Deo
307 2192 333 2229 ac
344 2180 435 2231 lrueudi
448 2193 485 2245 eo,
500 2179 656 2243 principaliter
668 2180 806 2244 consutae.)

195 2253 330 2318 despondeo
341 2251 475 2315 dicendum,
486 2251 548 2315 qudd
559 2251 675 2316 spirituale
687 2257 832 2315 augmentum
843 2255 958 2306 charitatis

163 2324 299 2377 munderici
315 2327 404 2389 potest,
416 2327 526 2388 mantum
548 2323 576 2373 ad
597 2323 681 2387 aliquid
698 2323 772 2374 simile
793 2326 901 2391 corporali
917 2328 957 2378 ho·

114 2404 120 2409 ·
162 2396 234 2449 minis
252 2402 382 2460 augmento.
402 2396 465 2455 Quod
483 2395 573 2459 qudem
578 2430 588 2459 ‚
602 2396 707 2459 quamvis
719 2395 744 2445 iu
759 2397 868 2460 plurimas
882 2402 956 2461 partes

164 2468 272 2531 distingui
280 2468 353 2532 possit
357 2468 446 2532 ‚habet
454 2471 533 2517 tamen
541 2467 629 2532 aliquas
637 2467 797 2518 determinatas
804 2468 956 2521 distinctiones

163 2542 287 2591 meandum
306 2539 465 2591 determinatas
479 2538 596 2603 actiones,
613 2540 651 2589 rel
673 2538 758 2601 studia,
779 2540 806 2589 ad
820 2554 870 2604 que
891 2543 955 2592 homo

164 2612 293 2677 perducitur
306 2626 347 2677 per
365 2616 519 2676 augmentum.
536 2610 601 2661 Sicut
611 2609 722 2662 minutiis
738 2615 793 2662 etas
803 2611 953 2664 diciturauts·

198 2746 417 2811 invenientium
440 2748 515 2807 iniri,
530 2762 570 2807 qu.
593 2746 653 2808 1811,
677 2754 721 2796 art.
740 2748 768 2802 4;
791 2754 815 2794 et
834 2762 873 2807 qu.
897 2750 952 2809 18⁸,

166 2816 208 2859 art.
222 2811 249 2867 d;
265 2818 290 2857 ut
304 2818 328 2858 et
340 2813 389 2871 111,
405 2812 483 2863 Seni..
496 2812 551 2857 dist.
568 2812 616 2871 29,
636 2816 680 2858 art.
700 2812 725 2871 il,
740 2812 876 2869 questione.
890 2814 953 2869 l;et

168 2877 268 2938 Opone„
280 2877 341 2937 ext,
353 2886 406 2933 cap.
417 2876 447 2932 ὴ
463 2881 486 2922 et
499 2875 523 2921 ln
535 2875 625 2923 Pontio.
638 2876 720 2935 xxiv,
735 2876 781 2922 col,
796 2874 819 2924 t.
