1992 3317
132 57 178 104 ἰιι
255 64 505 115 enumeraremus,
521 63 615 109 oussr.
632 63 696 112 uvir,
714 63 772 100 ιιι.
790 63 817 99 ιι.
965 104 967 119 Ε

130 156 175 206 qua
189 141 330 204 cognoscitur
341 139 394 203 quud
410 140 439 189 sit
455 139 557 202 justum,
571 142 596 188 et
608 138 703 189 ulterius
717 137 930 200 adsignifieaudum

128 219 203 270 lucum
212 213 239 262 iu
250 225 294 274 quo
305 211 343 274 jus
359 210 469 272 redditur,
482 210 541 260 sieut
554 210 635 260 dieitur
652 209 737 272 aliquis
750 223 897 273 comparere
908 210 931 256 iu
965 202 967 245 !

122 284 195 348 jure.
211 284 239 334 m
258 281 353 332 ulterius
370 281 452 332 dieitur
466 281 535 331 etiam
552 280 612 344 qubd
628 280 668 343 jus
687 279 791 330 redditur
810 280 840 329 ab
859 293 886 330 eu
908 281 933 328 ad
965 262 967 335 !

130 357 194 419 eujus
214 353 313 404 eideium
326 352 424 417 pertinet
437 353 551 416 justitiam
569 351 660 415 iuuere,
674 351 730 402 lieet
750 351 821 402 etiam
839 351 865 402 id
877 352 933 415 qued

129 423 230 476 deseruit
244 423 274 474 sit
284 423 396 486 iniquum.

162 496 195 544 dd
211 495 333 544 secuudum
346 494 480 554 dicendum,
494 493 554 558 qubd
570 493 630 544 sieut
646 507 725 544 eorum
739 507 791 556 quae
804 507 848 558 per
861 497 928 544 artem

129 565 228 616 exterius
243 565 308 627 dunt,
319 565 421 628 quaedam
432 565 490 615 ratio
502 567 527 614 iu
537 570 614 615 mente
627 564 718 614 artificis
730 563 875 628 praeexistit,
888 578 932 628 qua

130 635 213 686 dieitur
229 635 306 698 regula
323 635 377 685 artis
394 651 401 687 ι
416 636 449 686 ita
467 635 536 686 etiam
552 636 614 686 illius
634 634 711 699 operis
723 635 786 700 justi
800 636 932 700 quadratis

131 705 274 768 determinat,
288 705 391 770 quaedam
402 706 459 756 ratio
473 704 599 770 preexistit
612 708 637 756 iu
650 710 737 769 mente,
749 707 817 770 quasi
835 708 932 770 quedam

131 778 257 842 prudentiae
273 779 360 842 regula.
383 779 412 828 Et
433 779 478 828 boe
493 779 515 828 si
528 778 552 828 iu
570 779 681 844 seriptum
698 778 832 842 redigatur,
846 785 934 830 uocatur

135 861 182 912 ex;
198 851 233 898 est
252 849 314 900 euim
327 850 363 900 lex
383 849 507 900 secuudum
528 851 638 901 Isidorum
659 851 812 900 constitutio
825 853 929 916 scriptu.
965 878 967 935 ι

133 919 162 969 ut
177 921 229 971 idee
247 921 285 972 lex
306 934 352 972 neu
369 921 428 972 est
421 933 497 985 ipsum
515 922 554 986 jus
572 919 663 985 proprie
676 920 808 984 loquendo,
829 922 874 972 sed
896 921 932 970 ati-

134 991 208 1055 qualis
219 992 295 1043 satie
287 992 355 1056 ruris

165 1063 199 1112 td
216 1063 307 1113 tertium
328 1063 461 1126 dicendum,
477 1062 537 1126 qubd
552 1062 605 1126 quia
620 1063 711 1127 justitia
723 1062 903 1126 equalitatem
897 1078 931 1112 rm-

134 1137 221 1198 purtat,
237 1136 283 1186 beo
300 1139 375 1184 autem
391 1147 436 1184 uou
455 1147 576 1198 pessumus
594 1133 733 1196 aequivalens
747 1148 930 1199 recompensare,

135 1203 188 1255 iude
209 1207 245 1255 est
263 1204 323 1268 qubd
339 1206 442 1266 rustum
465 1205 590 1256 secuudum
614 1205 738 1268 perfectam
756 1207 873 1257 rationem
894 1219 931 1255 uer

134 1287 255 1338 pessumus
273 1277 366 1326 reddere
382 1277 437 1328 beo.
457 1277 487 1326 Et
500 1280 592 1340 prepter
607 1277 666 1338 bue,
682 1290 730 1326 nou
747 1277 834 1327 dieitur
846 1274 930 1342 proprie

130 1345 178 1409 jes
194 1345 231 1395 ier
253 1345 343 1408 diviua,
358 1347 398 1396 sed
413 1348 467 1410 sas,-
482 1347 536 1412 quia
549 1347 655 1397 uidelicet
672 1347 759 1398 suffieit
775 1350 840 1412 beo,
857 1353 884 1399 ut
896 1349 930 1396 iur-

136 1415 238 1480 pleamus
256 1419 315 1481 qued
331 1429 373 1482 pus
393 1432 480 1469 sumus.
497 1417 587 1470 lustitia
604 1422 680 1468 tamen
698 1418 728 1468 ad
748 1418 794 1469 bue
813 1421 901 1481 tendit,
912 1422 931 1465 ut

136 1487 205 1538 humo
218 1491 326 1554 quantum
336 1491 425 1554 petest,
438 1490 485 1542 beo
498 1493 656 1554 reaumpeuset
662 1525 672 1553 ,
685 1489 789 1540 totaliter
803 1491 902 1541 animaru
914 1487 931 1537 ei

137 1559 269 1624 subjiciens.

432 1677 590 1730 androbius
604 1678 636 1729 ΙΙ.

171 1805 305 1862 Utrbmjus
317 1800 650 1910 convenienterdizidetssrs'e
656 1799 699 1855 iata
713 1801 864 1848 Μιιιιαιεει
871 1804 911 1859 jas

472 1877 522 1922 puae
533 1877 607 1910 auum.

172 1993 206 2043 ud
219 1993 343 2042 secuudum
353 1991 387 2043 sie
396 1989 523 2056 proceditur
530 1989 575 2055 (ι).
589 1989 681 2040 Videtur
690 1990 752 2053 qubd
762 1992 804 2056 jus
818 2005 866 2042 uun
881 2003 927 2042 eeu-

139 2063 257 2114 reuieuter
268 2063 381 2114 dividatur
391 2063 416 2112 iu
424 2063 464 2126 jus
472 2062 574 2112 naturale
588 2064 611 2111 et
617 2061 656 2125 jus
663 2061 799 2126 positivum.
806 2063 866 2113 Illud
874 2062 926 2112 euiu

138 2133 199 2197 quud
212 2136 247 2200 est
264 2133 379 2198 naturale,
394 2138 429 2184 est
441 2131 599 2196 immutabile,
609 2136 633 2183 et
645 2132 706 2184 idem
723 2136 761 2183 est
773 2134 837 2197 apud
850 2144 927 2185 omum.

137 2205 188 2254 Nou
199 2205 273 2254 autem
284 2203 399 2254 iuvenitur
407 2203 430 2252 iu
441 2203 510 2254 rebus
521 2201 627 2253 humanis
634 2201 718 2266 aliquid
726 2205 782 2267 ta1e;
792 2203 847 2268 quia
858 2213 925 2255 omues

135 2273 219 2336 regule
236 2273 294 2336 juris
309 2274 419 2337 humaui,
430 2275 455 2324 iu
469 2273 583 2338 aliquibus
597 2272 685 2324 casibus
698 2272 822 2336 deiieiuut,
836 2287 879 2325 uee
892 2274 927 2321 ba·

136 2343 191 2394 beut
210 2356 273 2394 suam
289 2345 397 2397 uirtutem
412 2345 506 2409 ubirme.
523 2345 582 2408 Ergo
595 2358 643 2396 neu
661 2347 696 2394 est
709 2344 800 2409 abqued
817 2345 858 2409 jus
868 2347 925 2394 uatu-

135 2414 189 2466 rate.

167 2489 190 2538 2.
205 2486 329 2552 Praeterea,
343 2485 399 2539 illud
410 2486 492 2540 dieitur
505 2499 557 2538 esse
569 2487 726 2552 positivum,
739 2485 804 2552 qued
815 2499 844 2537 ex
856 2483 924 2536 relufl

136 2559 182 2607 tate
198 2558 295 2609 bumana
305 2559 418 2623 procedit
434 2559 480 2612 Sed
493 2572 541 2611 uera
554 2559 606 2610 ideo
618 2557 706 2623 aliquid
718 2561 753 2610 est
766 2559 866 2624 justum,
879 2551 923 2617 quia

169 2709 203 2776 (1)
217 2715 295 2762 Dubis
305 2715 375 2760 etiam
388 2713 456 2773 iufra,
470 2727 511 2771 qu.
520 2712 560 2773 60,
576 2718 621 2761 art.
635 2712 664 2770 53
680 2719 706 2759 ut
719 2718 744 2759 et
757 2712 782 2772 i,
798 2703 921 2773 2,‹1u.⁹⁵‚

137 2782 180 2824 art.
192 2775 222 2832 d,
236 2783 260 2824 et
272 2779 294 2824 V
303 2777 396 2830 latete..
408 2777 463 2824 leet.
475 2777 515 2824 12.
