1992 3317
283 156 316 193 nu
329 153 461 193 umerum
476 152 538 199 noro
553 155 625 195 emur.
810 148 856 199 lot

53 231 108 284 cotio
119 232 240 285 ordinetur
252 232 282 282 ed
294 230 471 295 nmmmudom
483 230 507 282 id
520 232 579 296 qood
591 231 617 283 in
627 232 695 284 nonde
707 232 851 297 concipilnr:

52 304 106 354 unde
121 304 182 354 sicut
200 306 329 366 conceptus
341 301 438 353 interim
452 314 530 353 eurum
545 316 595 367 que
607 306 661 353 sunt
674 303 740 368 fidei,
752 306 787 357 ont
802 317 855 369 pro·

53 376 95 438 pult
106 374 161 427 fidei
174 378 257 437 entus,
269 374 304 424 lta
318 373 390 425 etiam
409 379 434 424 et
450 373 548 427 exterior
557 374 682 425 nonlessio.

79 448 111 497 lld
124 446 226 510 primum
240 458 296 509 ergo
307 445 442 508 dicendum,
452 443 514 511 quod
523 446 605 511 triplex
616 450 654 497 est'
664 448 792 513 contessio,
804 463 855 514 qum

53 517 207 582 iuSmiptnris
225 517 333 567 tundetur
343 516 388 581 (l).
404 517 456 567 Una
466 520 503 567 est
516 516 628 568 mnlessio
639 530 718 569 eorum
731 534 783 585 que
798 524 852 571 sunt

54 593 113 655 hdel3
121 596 145 644 et
153 593 199 642 Iste
207 590 358 656 estpropriue
366 590 501 654 ectnelldei²
509 594 587 655 utpote
596 593 667 645 relatu
675 594 703 643 ed
712 593 766 645 idei
774 594 853 658 tinem,

53 665 108 713 sieut
121 664 207 715 dietum
221 665 266 713 ent.
287 663 339 713 Alia
362 665 399 713 est
417 662 531 714 confessio
548 664 671 727 gratiarum
691 664 787 717 nclioms
805 666 855 718 siue

53 736 136 797 laudis3
155 738 179 785 et
192 734 238 784 Ista
257 732 475 797 eodemmodo,
492 734 606 785 ordiuntur
624 735 686 786 enim
699 736 727 786 ad
743 738 853 789 honorem

53 807 96 857 lieo
113 805 215 857 exterilm
234 804 407 865 exhibendum,
421 804 483 867 quod
501 808 536 855 est
553 806 606 857 lluis
624 806 705 859 letrie.
727 808 855 860 tertiaeet

53 877 163 929 molensio
180 879 342 941 potentorum
363 877 454 927 etheo
470 876 630 927 ordinetured
649 878 784 929 deletionem
801 894 855 944 peo-

54 948 110 1009 ceti,
121 962 172 1011 que
182 951 217 998 eet
226 946 283 997 linis
291 946 443 1011 poeniteutiae,
456 948 516 997 unde
531 948 631 1011 pertinet
643 948 672 999 ad
685 949 849 1011 poenitentiam.

84 1019 116 1070 nd
134 1020 259 1070 meundum
274 1019 410 1079 dioendum,
420 1016 481 1081 qudd
489 1031 610 1069 removens
621 1019 745 1083 prohibens
758 1034 805 1071 uon
818 1026 854 1074 est

53 1104 118 1142 muse
134 1104 175 1155 per
184 1104 226 1154 se,
241 1090 283 1141 sed
294 1102 336 1154 per
353 1089 475 1152 neodem,
486 1091 513 1139 ut
523 1092 587 1155 petet
599 1103 640 1153 per
654 1088 819 1154 Philosophum
832 1092 856 1143 iu

52 1163 105 1213 VIII.
124 1163 224 1227 noyon.
242 1160 385 1227 (termo).
399 1161 655 1226 Uenethorumque
672 1165 775 1213 removet
784 1162 855 1228 Impe-

51 1236 171 1285 dimentum
189 1233 346 1288 mntessionis
360 1232 430 1294 fidet,
442 1233 527 1283 sedicet
543 1234 648 1285 timorem
663 1233 699 1283 vel
718 1233 855 1285 eruhesnen·

54 1305 171 1369 tiammo
183 1308 221 1356 est
234 1303 330 1370 proprie
342 1307 367 1355 et
379 1318 422 1368 per
434 1317 460 1355 se
474 1317 541 1355 ceusu
554 1304 719 1369 confessionis,
734 1306 775 1357 sed
788 1306 855 1371 quusi

56 1377 214 1437 pereuntem.

84 1448 215 1499 intertium
224 1417 359 1508 dheodori,
370 1446 433 1511 qohd
441 1446 598 1499 fidesiuterIor
607 1448 721 1500 mediante
735 1448 863 1501 dilectione⁴

52 1524 123 1571 musal
135 1534 218 1573 omnen
231 1520 359 1571 exteriores
372 1523 439 1570 aolus
450 1518 560 1571 virtutum
573 1520 725 1571 mediantibus
740 1520 791 1570 allis
804 1522 850 1570 uir-

50 1592 131 1643 tulihos
140 1631 147 1654 ,
157 1592 306 1656 imperando,
318 1604 365 1641 non
377 1589 504 1654 eliciend03
519 1591 559 1641 sed
568 1590 733 1643 contessionem
747 1590 852 1654 producit

48 1667 152 1727 tanquam
165 1662 288 1729 proprium
298 1665 390 1725 notum,
404 1660 469 1712 nulln
477 1660 522 1712 aliu
531 1662 614 1711 olrtute
628 1661 751 1715 mediante.

347 1831 510 1883 neomutus
525 1832 554 1883 Il.

128 1950 219 1997 Utrr'om
230 1948 414 2007 confessionum
426 1949 459 1993 tit
475 1948 610 1995 neomenrio
620 1948 651 1993 od
666 1949 775 1995 salutem.

79 2071 110 2121 hd
119 2070 247 2121 secundum
256 2056 291 2119 sin
300 2066 430 2131 proceditur
437 2066 480 2131 (2).
491 2066 587 2118 Videtur
597 2066 657 2133 quod
671 2066 784 2119 cundensio
798 2066 852 2119 hdei

50 2156 95 2191 uon
107 2141 138 2193 sit
153 2139 286 2193 necessaria
299 2140 328 2188 ed
343 2138 448 2190 sulutem.
461 2136 519 2188 Illud
535 2138 597 2190 euim
610 2138 700 2189 uidetur
711 2138 738 2189 ad
754 2138 852 2191 salutem

81 2259 115 2322 (l)
127 2262 206 2309 Polme
225 2259 335 2305 ulmorum
351 2259 385 2303 od
403 2260 483 2308 nom..
501 2260 534 2314 X,
552 2258 591 2304 ulti
608 2258 692 2304 dieitur
710 2269 771 2305 vern.
791 2258 821 2304 tn
847 2276 852 2301 ι

51 2324 126 2370 Corde
138 2324 254 2371 creditor
264 2322 298 2368 od
307 2323 448 2380 jteetitium,
457 2333 500 2366 ere
510 2325 590 2367 notem
599 2322 717 2380 eontentio
730 2323 756 2379 fit
768 2322 800 2367 nd
813 2334 853 2367 ro-

50 2389 135 2441 tome,-
148 2387 252 2443 Indeque
269 2385 328 2431 olim
347 2386 493 2444 confessores
510 2396 552 2441 per
571 2384 694 2441 quemdem
713 2384 853 2441 singularem

50 2451 260 2496 denominationem
271 2447 328 2491 dlett
337 2480 344 2504 ,
352 2447 394 2503 qui
406 2459 447 2503 pro
457 2444 509 2491 fidei
516 2446 662 2493 confessione
673 2448 850 2503 torquebantur.

50 2512 164 2570 secunda,
185 2510 280 2558 Pomm.
300 2508 384 2567 xctx,
399 2520 460 2555 uere,
476 2506 491 2553 t
505 2527 511 2553 ι
526 2510 628 2555 introite
645 2513 728 2567 portus
749 2510 804 2567 ejus
824 2510 852 2554 in

49 2576 211 2634 consentione,
226 2574 296 2619 otrih
314 2572 368 2630 ejne
381 2572 412 2617 ἐπ
430 2570 534 2627 hymnis.
550 2570 641 2631 Tertio,
661 2570 749 2617 Peulnt.
770 2572 850 2628 XXXI,

51 2637 143 2683 νοω
167 2654 174 2682 ε
205 2637 296 2682 Dioni.-
325 2632 461 2693 cnofitebor
483 2634 612 2681 adversim
643 2646 679 2679 me
701 2633 852 2691 injustorum

51 2704 195 2751 nemete.

80 2769 150 2832 (²)D0
161 2772 198 2818 hle
207 2770 281 2817 etlem
289 2769 314 2815 in
324 2767 368 2829 m,
379 2766 517 2817 Seuthdtet.
529 2768 569 2824 ht),
581 2773 625 2814 nrt.
636 2767 665 2827 8,
677 2766 815 2825 questione.
827 2764 852 2821 2,

45 2834 111 2889 ad33
130 2833 304 2894 nequinont.
319 2849 364 2886 ...ς
381 2830 585 2889 nunonem,
599 2832 654 2877 leot.
674 2830 703 2889 ἢ,
720 2826 790 2873 noll
808 2858 813 2883 ‚
828 2838 856 2869 ez

44 2909 96 2955 cap.
108 2897 154 2961 tt,
163 2898 221 2945 teet
232 2896 262 2957 ³,
277 2894 324 2943 ool.
336 2894 361 2940 2.
