1992 3317
330 146 365 187 nn
376 144 492 191 mutilo
508 147 571 192 m.
806 145 860 197 tta:

37 232 110 279 antem
120 225 254 293 principale
265 223 319 291 eim
328 228 364 277 est
373 226 491 279 beatitudo
500 230 601 291 numa,
609 229 805 297 mmmmm
815 236 853 286 eat

37 300 152 362 possibilis
164 296 249 351 haberi
264 310 295 349 ex
304 297 390 349 antido
402 298 489 362 diviao,
502 304 527 350 ut
539 301 707 364 emutilatum
716 307 751 355 esi
766 304 851 369 (tri-1

38 377 57 421 et
75 374 117 435 tl.
132 372 195 431 Quia
210 384 267 432 ergo
280 371 366 421 honum
383 373 477 421 arduum
496 373 604 435 possibile
624 387 671 427 nou
684 376 748 427 cudit
760 378 804 429 aui)
814 390 853 427 ru·

38 445 97 494 tione
108 444 177 507 spei,
191 442 240 491 nisi
258 442 385 495 secundum
398 444 458 505 quod
470 448 506 494 est
519 445 632 506 futurum,
645 446 697 496 ideo
704 483 714 509 ,
729 460 780 497 curn
794 449 849 499 beu-

39 516 109 565 titndo
125 518 177 579 janu
194 528 244 564 non
262 513 294 564 ait
308 514 396 575 lutura,
409 514 447 564 sed
460 528 575 577 praesena,
595 529 640 567 non
655 521 730 581 potest
746 517 778 569 ibi
797 532 851 570 ease

39 588 108 637 uirtus
122 586 183 651 spei.
200 587 230 635 Et
244 585 298 637 ideo
312 600 367 648 apes
381 585 439 635 noui
452 590 475 637 et
491 587 548 638 idea
563 592 685 641 evacuetur
698 589 723 639 in
736 590 810 654 patria
824 594 848 643 ei

40 664 142 708 neutrum
154 672 238 709 eorum
255 656 280 706 in
294 657 367 706 beatis
382 670 432 707 esse
445 661 532 721 potest.

71 732 104 779 td
118 730 218 793 primunr
238 741 294 791 ergo
309 728 429 779 dicendum
439 729 521 793 ‚dudd
533 730 636 781 Cirriatua
653 731 697 782 etsi
712 737 775 785 earet
788 746 851 785 eom·

42 804 180 864 pretrenaor,
198 805 223 851 ot
239 813 283 865 per
302 812 446 862 consequens
461 802 556 861 imino,
570 806 679 865 quantum
699 805 729 855 ad
745 806 851 857 cinnam

41 874 171 924 fruitionem
180 876 231 923 erat
242 876 322 922 tamen
336 869 405 920 simul
417 871 500 932 viator,
509 879 619 935 quantum
634 876 660 924 ad
672 875 853 939 passibilitatem*

41 950 130 995 natura
143 956 210 1009 ipram
224 944 302 993 adhuc
317 943 409 1004 gerebat
425 958 431 991 :
446 955 470 993 et
485 944 538 994 ideo
552 944 646 1005 gloriam
661 944 850 1009 impassibilitatis

39 1024 60 1068 et
79 1016 256 1067 immortalitatis
269 1028 363 1081 sperare
377 1016 464 1079 potuit·;
480 1028 525 1066 non
542 1019 616 1067 tamen
627 1016 658 1066 ita
678 1019 737 1081 qnod
749 1020 847 1071 haberet

39 1089 148 1137 uirtutem
161 1088 227 1153 spei,
239 1101 293 1152 qnae
314 1098 363 1136 non
378 1086 471 1151 respicit
484 1087 577 1151 gloriam
592 1087 694 1152 corporis
708 1087 771 1139 rieul
783 1091 849 1155 prin·

8 1208 9 1217 ,
41 1161 109 1224 ripale
121 1161 250 1223 objectum,
267 1158 309 1209 sed
323 1156 400 1223 potids
415 1158 549 1210 fruitionem
562 1160 674 1212 diuinam.

8 1242 9 1245 ’
69 1233 101 1282 dd
114 1234 242 1283 meandum
264 1231 400 1291 dicendum,
413 1230 475 1294 qudd
490 1230 606 1282 beatitudo
620 1236 752 1285 muetorurn
768 1232 853 1285 dicitnr

41 1303 81 1351 iiia
92 1306 194 1365 aterum
207 1302 264 1366 quia
274 1315 316 1367 per
331 1302 376 1351 itoc
387 1303 445 1365 qnod
460 1303 507 1353 lieo
517 1304 638 1366 irnnntnr,
651 1305 784 1356 eliciuntur
793 1319 851 1370 puo-

42 1375 158 1425 danmodo
174 1374 302 1439 participes
325 1372 458 1423 otemitatia
480 1373 580 1436 dimne,
599 1389 651 1439 qne
671 1378 763 1429 excedit
780 1392 850 1431 omne

41 1449 134 1508 tempus.
150 1447 180 1496 Et
195 1445 228 1495 ita
240 1445 384 1495 continuatio
400 1444 549 1495 beatitudinis
563 1459 609 1495 non
629 1448 797 1500 direraiiieatur
808 1462 851 1514 per

41 1528 149 1577 pratens,
167 1514 309 1577 protentum
332 1515 492 1562 edicturum:
511 1518 535 1563 et
550 1515 602 1563 ideo
621 1518 683 1566 betti
700 1532 747 1569 non
761 1520 849 1572 nonem

40 1599 103 1647 spem
116 1586 147 1634 de
162 1583 334 1633 continuatione
347 1582 508 1645 protocrinii,
527 1584 568 1633 aed
585 1585 671 1636 halent
692 1587 766 1651 iprum
784 1603 848 1655 rem,

39 1657 93 1719 qnia
108 1668 157 1704 nou
170 1658 204 1704 eat
215 1655 245 1705 lot
264 1654 326 1704 ratio
338 1653 419 1705 loturi.

8 1742 9 1753 ¹
69 1726 106 1777 lid
124 1727 213 1776 tortium
231 1726 371 1785 dicendum,
387 1724 447 1789 qndd
463 1728 559 1778 durante
578 1727 663 1779 virtute
684 1730 752 1793 apel,
769 1732 851 1784 eadem

41 1813 78 1861 ape
93 1798 178 1861 aliquia
191 1802 269 1862 sperat
280 1796 445 1847 beatitudinem
460 1797 503 1848 ailri
515 1803 538 1849 et
550 1799 612 1850 odia.
625 1800 670 1850 Sed
683 1806 793 1853 emunata
806 1818 849 1869 ape

43 1873 62 1919 in
75 1870 165 1933 matis,
181 1870 307 1920 secundum
324 1872 392 1932 quiam
408 1869 531 1931 sperabant
545 1870 588 1921 sili
602 1870 850 1939 beatitudinemape-

44 1945 91 1991 rant
100 1941 195 2006 quidem
204 1940 256 1990 aliis
266 1937 440 1997 multudinem,
450 1942 490 1991 sed
502 1955 548 1993 non
557 1942 642 1993 uirtute
653 1944 712 2008 spei,
724 1946 764 1996 aed
774 1947 848 2011 marm

42 2028 66 2064 en
89 2016 168 2065 amore
186 2013 312 2063 ciruritatia.
327 2012 392 2061 Sicut
413 2011 481 2062 etiam
498 2012 538 2076 qni
552 2015 622 2065 habet
639 2016 772 2067 choniatern
792 2018 846 2084 liei,

44 2089 118 2136 eadem
137 2084 253 2135 charitate
268 2083 341 2147 diligit
351 2083 491 2147 proximnm3
507 2088 531 2135 et
541 2088 618 2137 tamen
633 2087 715 2153 rioms
725 2093 802 2153 poteri
810 2090 847 2142 dt·

43 2160 107 2219 ligere
123 2158 258 2221 proximum
276 2168 328 2205 non
349 2155 437 2206 itabens
457 2156 566 2207 uirtutem
585 2158 718 2223 emutatis,
737 2161 778 2213 aad
802 2161 848 2213 dio

44 2232 133 2292 quodam
154 2242 244 2280 amore.
855 2249 858 2254 ’

72 2303 101 2351 ld
116 2305 225 2365 quartum
237 2299 376 2359 dicendum,
387 2298 448 2362 quod
459 2298 513 2349 edm
527 2313 580 2363 sper
594 2301 625 2352 rit
635 2301 708 2354 uirtus
721 2304 848 2371 theologica

44 2373 124 2422 habena
139 2372 213 2421 neum
233 2383 274 2434 pro
287 2371 394 2433 oblecta,
409 2371 535 2435 principale
546 2372 661 2436 objectum
670 2375 721 2439 spei
731 2377 847 2441 eatgioria

43 2444 131 2505 animm,
152 2456 204 2505 quae
224 2443 250 2491 iu
270 2442 379 2491 fruitione
394 2442 471 2491 divina
486 2442 602 2505 rmaistit,
617 2458 663 2495 non
679 2451 756 2498 tutem
774 2447 847 2511 gioria

43 2514 147 2577 corporis.
164 2512 240 2563 Gloria
256 2513 325 2563 etiam
338 2514 449 2576 corporis,
458 2513 502 2565 etsi
514 2515 599 2564 lrabeat
606 2516 720 2567 rationem
734 2517 798 2567 ardui
805 2530 847 2582 per

42 2584 231 2648 cornpuationero
253 2585 282 2634 ad
296 2588 401 2638 naturam
412 2587 549 2646 humanam,
564 2600 609 2637 non
630 2587 699 2639 habet
711 2592 792 2639 tanen
807 2602 846 2641 ra·

42 2658 121 2707 tionem
134 2658 198 2707 ardui
212 2656 307 2707 latenti
320 2656 415 2722 glorian
427 2658 523 2724 animm
534 2661 582 2709 tun
595 2658 649 2724 quia
662 2659 735 2727 gioria
748 2661 847 2727 corpom

43 2814 140 2869 dionunt
155 2814 217 2873 att,
232 2812 266 2871 a,
281 2826 322 2871 qu.
338 2811 383 2876 17,
397 2814 481 2879 arto,
497 2817 542 2868 run
552 2815 756 2879 rpeeialinotiono
766 2816 839 2869 uirtu-

9 2950 10 2953 ,
46 2882 100 2941 tumr
116 2882 141 2927 ut
158 2882 183 2929 ot
194 2876 327 2939 aliqualiter
340 2882 385 2929 tri·
396 2875 422 2931 5.
690 2934 694 2940 ,
774 2932 781 2939 .
