1992 3317
147 162 194 207 286
285 166 391 205 susurra
406 164 533 215 sucorum,
548 164 641 209 quesn.
656 162 701 213 xv,
716 163 770 203 aar.
786 165 803 203 ι
876 207 879 215 ,

178 245 223 295 Sed
232 246 308 295 coulrn
318 244 362 304 est
375 242 433 305 quod
446 240 567 303 Gregorius
581 240 660 289 xxlll.
672 242 749 299 Mor„
765 245 835 305 (cap.
847 244 873 291 et
888 244 985 318 ,ιιι

148 315 210 379 lt),
228 314 349 364 cambiero
368 312 452 361 mentis
470 311 535 375 ponit
551 312 610 361 inter
624 310 680 360 uitia
699 325 750 373 qum
771 316 895 363 causantur
918 327 947 364 er
984 327 985 380 3

148 386 245 435 luxuria

179 455 384 517 (Coucuusroa-
354 453 529 503 V-oluntaria
541 452 632 503 cacitas
645 453 744 513 nrenlis,
761 466 809 515 qua
821 454 893 505 borno
906 456 946 504 ab·

145 524 222 590 jiciti
237 538 261 575 se
272 522 399 575 diuinorum
412 521 529 584 notitiam,
541 523 579 572 uel
591 537 659 585 quam
680 522 775 572 incurrit
790 525 859 575 borno
879 538 947 575 occu·

148 598 224 661 pando
233 610 257 647 se
265 596 302 645 bis
311 609 362 659 qum
372 595 445 657 magis
456 592 528 656 diligit
537 593 604 657 quim
612 592 741 655 ueritatem,
751 598 873 657 peccatum
882 597 945 656 est.)

180 668 315 731 Respondeo
328 666 446 716 dicendum
455 702 461 727 ,
470 664 530 727 qubd
544 664 603 714 sicut
616 664 707 714 cecitas
720 664 843 728 corporalis
852 671 891 716 est
901 667 949 730 pri-

149 739 210 789 vatio
227 738 278 802 ejus
291 738 351 801 quod
361 739 396 787 cst
406 734 543 800 principium
557 736 680 798 corporalis
698 736 807 799 visionis,
825 736 857 785 ita
876 737 949 787 etianr

149 808 238 859 caecitas
255 808 337 859 mentis
351 811 386 857 est
397 804 493 871 privatio
507 806 558 868 ejus
571 806 631 868 qood
646 809 680 855 est
690 805 827 869 principium
838 810 950 858 mentalis

150 878 199 929 sire
212 878 371 930 intellectualis
388 876 492 927 visionis.
510 877 582 939 Cujrrs
596 876 687 940 quidem
701 876 841 940 principium
853 881 891 928 est
909 880 950 929 tri-

151 951 213 1014 pler
223 952 298 1001 Unum
307 950 397 1014 quidem
408 951 443 999 est
453 949 531 998 lumen
545 947 652 997 naturalis
659 947 768 1010 rationis·
777 951 801 997 et
814 950 858 998 boc
869 950 950 1000 lumen

151 1037 203 1073 curu
214 1024 326 1087 pertineat
337 1022 365 1071 ad
382 1021 480 1085 speciem
491 1020 573 1069 anirum
585 1018 701 1068 rationalis
703 1032 835 1081 ,nonquam
847 1018 952 1083 privatur

152 1092 179 1143 ab
196 1094 270 1144 anima
287 1094 337 1159 ll),
348 1092 470 1155 impeditur
483 1095 560 1139 tamen
576 1090 710 1153 quandoque
724 1088 737 1140 ι
749 1088 953 1154 proprioaclupcr

152 1164 325 1229 impedimenta
335 1163 414 1211 virium
438 1161 586 1223 inferiorum,
604 1159 685 1240 quibus
706 1158 794 1223 indiget
820 1160 953 1212 intellectus

151 1236 263 1284 humanus
279 1234 307 1283 ad
323 1231 508 1294 intelligendum,
516 1232 576 1281 sicot
588 1230 671 1293 patet
664 1244 688 1279 ιιι
699 1230 827 1280 amentibus
842 1235 868 1281 et
883 1232 953 1282 lurio-

152 1306 197 1365 sis,
213 1312 238 1355 ut
251 1304 273 1353 in
288 1304 360 1368 primo
379 1303 462 1352 dictum
477 1307 514 1353 est
529 1302 572 1366 (ι).
587 1301 652 1351 blind
674 1305 750 1351 autem
763 1301 904 1366 principium
917 1303 953 1353 in-

152 1374 285 1425 tellectualis
295 1374 389 1425 visionis
398 1378 434 1423 est
442 1374 533 1437 aliquod
540 1374 618 1423 lumen
628 1372 752 1435 habituale,
762 1371 861 1423 naturali
869 1374 953 1424 lumini

151 1445 244 1496 rationis
255 1446 437 1510 superadditum,
449 1450 471 1495 et
479 1445 523 1495 boc
531 1444 623 1508 quidem
632 1444 708 1495 lumen
719 1444 835 1494 interdum
848 1445 954 1508 privatur

152 1517 181 1567 ab
192 1517 266 1567 anima
278 1534 285 1580 ς
296 1520 319 1567 ιι
333 1516 382 1567 talis
392 1516 489 1580 priuatio
500 1519 533 1566 est
542 1516 644 1577 caecitas,
656 1528 706 1582 quae
725 1518 761 1564 est
773 1528 855 1579 pona,
869 1528 955 1565 secun-

152 1589 206 1639 dnm
227 1590 287 1651 quod
307 1587 403 1653 privatio
421 1586 515 1637 luminis
534 1587 613 1650 gratie
629 1587 733 1649 quaedam
745 1598 813 1649 poena
830 1586 953 1650 ponitur:

153 1660 213 1709 unde
233 1659 313 1710 dicitur
329 1660 357 1711 de
371 1658 520 1722 quibusdam,
533 1658 660 1721 Supera,
672 1658 711 1707 ll:
727 1675 742 1705 u
753 1657 887 1707 Exeacarit
900 1657 954 1708 illos

153 1730 339 1781 malitiosorum.
355 1727 457 1779 Tertium
478 1727 615 1792 principium
625 1726 722 1778 visionis
733 1728 898 1779 intellectualis
919 1732 955 1779 est

153 1802 243 1865 aliquod
260 1800 400 1863 intelligibile
412 1799 558 1864 principium,
567 1813 608 1863 per
619 1800 679 1862 qnod
690 1800 758 1850 bono
768 1800 877 1863 intelligit
890 1801 952 1851 alia:

155 1873 191 1923 cui
207 1872 298 1935 quidem
315 1872 427 1936 principio
444 1870 583 1935 intelligibili
596 1884 660 1922 mens
671 1871 771 1921 bominis
784 1874 861 1935 potest
881 1872 956 1923 inten-

155 1943 221 2003 dere,
235 1942 273 1991 rel
288 1956 335 1991 non
354 1942 487 2003 intendere,
499 1945 523 1992 et
536 1943 597 2005 qnod
611 1943 634 1991 ei
647 1955 695 1993 oon
707 1942 824 2003 intendat,
839 1943 956 2005 contingit

156 2012 276 2074 dupliciter
291 2027 296 2062 ι
309 2014 443 2076 quaudoque
451 2012 557 2076 quidem,
569 2026 596 2063 ax
607 2014 651 2062 boc
664 2013 725 2076 quod
733 2013 802 2063 babet
811 2013 957 2064 uoluntatem

156 2081 281 2144 spontanei
298 2096 323 2133 se
340 2086 479 2133 auertentem
493 2082 696 2134 'aconsidcrrtione
715 2083 770 2133 talis
782 2084 907 2148 principii,
922 2098 957 2134 sc-

155 2151 252 2201 cundum
271 2152 325 2203 illud
340 2152 434 2203 Psalm.
455 2154 537 2204 xxxv
559 2170 565 2203 ι
582 2153 689 2204 «Noluit
706 2154 837 2215 intelligere
858 2161 885 2206 ut
898 2156 957 2205 bene

155 2226 247 2286 ageret3
265 2240 278 2270 u
291 2224 334 2274 alio
348 2227 413 2276 modo
426 2238 467 2289 per
487 2226 659 2289 occupationem
674 2226 756 2275 mentis
770 2224 829 2275 circa
844 2225 892 2275 alia
903 2240 956 2288 qum

156 2292 229 2355 magis
239 2292 326 2356 diligit,
336 2294 418 2357 quibus
427 2296 456 2345 ab
466 2296 609 2359 inspectione
616 2295 802 2359 buiusprincipii
813 2308 882 2345 mens
894 2311 960 2346 aucr-

155 2363 220 2426 titur,
232 2366 359 2415 secundum·
370 2366 426 2416 illud
446 2367 515 2417 Psoi.
533 2367 613 2416 Lvll:
632 2386 643 2411 ι
657 2366 811 2431 supercecidit
822 2364 886 2428 ignis
902 2366 959 2430 (sci-

156 2434 211 2485 licet
227 2436 451 2501 concupiscentiae),
465 2440 488 2487 et
501 2451 548 2487 non
567 2437 672 2489 uiderunt
685 2438 767 2488 solem:
785 2453 799 2483 r>
820 2441 843 2486 et
860 2441 960 2500 utroque

157 2506 224 2557 modo
237 2507 326 2557 cacitas
340 2508 422 2558 mentis
437 2512 473 2557 est
485 2512 610 2572 peecatum.

160 2603 283 2713 ὃιὲιὴὸιιι
301 2612 438 2655 removetur
453 2608 482 2653 ab
498 2610 592 2659 animo
611 2610 677 2665 luxua
695 2608 831 2654 familiarem
853 2608 960 2665 pbrnsirn

236 2680 303 2714 erue.

193 2735 225 2799 (ἢ)
240 2740 384 2785 Nimiruml.
400 2747 470 2803 part,
485 2754 525 2797 qu.
547 2741 595 2802 et,
615 2749 680 2788 art...
683 2744 750 2803 ,ubi
764 2742 792 2787 de
815 2741 960 2798 phreneticis

160 2807 253 2857 propter
271 2802 440 2860 imaginationis
461 2776 670 2864 impedimentum,
682 2812 705 2849 et
727 2806 755 2850 de
773 2802 960 2856 dormientibus,

161 2860 231 2907 urat
233 2896 239 2923 ‚
252 2870 345 2925 propter
356 2864 544 2921 impedimentum
556 2864 645 2911 scnsbu.
