1992 3317
316 130 348 169 llll
365 128 504 171 calumnis
522 132 646 174 mero.
835 127 881 177 409

47 212 105 259 trus
117 206 241 273 negando
257 206 370 259 condam
383 208 487 275 peccarit
500 212 633 263 mortaliter.
647 211 706 278 Ergo
719 212 819 266 charitas
834 226 884 267 non*

50 280 187 331 amittitur
197 292 240 345 per
249 294 321 330 nuum
333 284 407 331 aotam
418 283 509 347 peccati
522 283 630 336 mortalis.

88 357 118 401 3.
133 352 274 415 Praeterea,
285 353 383 403 charitas
395 356 429 404 est
442 354 522 405 tortior
538 354 605 420 quam
615 354 688 406 uirtus
701 356 821 421 acquisita.
836 356 882 408 Sed

53 424 165 476 habitus
189 424 283 477 marutia
297 426 411 491 acquisita
424 440 471 477 non
483 428 570 479 tollitur
586 441 628 494 per
641 442 711 479 unum
731 434 808 481 actum
826 444 882 496 pac·

56 498 110 549 cati
126 498 285 549 contrarium.
300 498 360 563 Ergo
370 500 441 550 multo
459 500 535 551 minus
548 499 646 552 charitas
658 501 746 553 tollitur
758 516 801 567 per
812 516 882 557 onum

58 574 146 623 actum
158 570 254 635 peccati
267 570 369 621 mortalis
383 570 531 622 contrarium.

95 647 125 693 4.
143 644 276 707 Praelerea,
291 642 512 708 charitasimportal
522 644 670 696 dilectionem
681 644 728 696 Dei
740 650 764 697 et
773 642 881 710 proximi.

60 716 113 768 Sed
133 712 222 777 aliquis
241 713 387 764 committens
399 715 489 779 aliquod
500 719 622 778 peccatum
634 718 743 778 mortale,
754 718 837 767 retinet
849 719 884 769 di·

62 784 201 839 lectionem
211 784 251 836 ilai
270 787 294 836 ct
307 786 418 850 proximi,
434 790 458 836 ut
474 786 567 850 dicitnr3
583 788 721 839 inordinatio
735 790 796 839 enirn
814 790 883 841 aliac-

64 857 150 909 tionis
164 856 225 907 circa
237 870 265 907 ea
274 870 325 921 quae
336 861 388 908 sunl
402 859 430 908 ad
444 856 529 920 finem,
540 871 586 909 non
595 858 655 909 tollit
668 872 767 910 amorem
778 861 846 925 linis,
856 864 882 912 ut

70 928 149 995 supra
165 928 247 979 dotum
266 932 310 979 ast
325 930 386 993 Ergo
404 933 480 995 potest
495 943 611 981 remanere
631 931 731 983 charitas
751 932 881 995 addeum,

69 1000 194 1053 existente
210 1004 304 1065 peccato
324 1002 413 1053 mortali
435 1014 477 1067 per
492 1001 644 1053 inordinatam
660 1000 805 1052 allectionem
824 1003 882 1090 cirta

71 1072 170 1136 aliquod
184 1072 307 1137 temporale
321 1074 413 1124 honum.

106 1146 133 1193 5.
144 1142 274 1207 Praeterea,
283 1142 374 1194 uirtutis
384 1144 517 1209 theologica
534 1146 647 1210 objectum
662 1149 696 1196 est
713 1144 806 1196 ultimus
818 1144 879 1197 finis.

72 1216 120 1267 Sed
131 1215 186 1267 aliae
198 1214 295 1267 virtutes
308 1210 454 1281 theologice,
466 1218 554 1269 scilicet
563 1218 620 1269 fides
630 1220 654 1268 et
667 1230 733 1282 spes,
744 1230 791 1267 non
801 1218 881 1268 orcla-

74 1290 164 1338 dnntur
178 1299 221 1351 per
231 1300 302 1337 unuln
317 1291 390 1339 actum
400 1288 487 1354 peccati
497 1287 609 1351 mortalis,
621 1287 667 1338 inrll
682 1290 801 1339 remanent
812 1288 883 1339 infor-

75 1372 136 1411 mes.
145 1358 207 1422 Ergo
219 1358 287 1409 etiam
301 1360 399 1409 charitas
408 1362 485 1425 potest
500 1372 616 1411 remanere
627 1359 746 1425 informis,
756 1360 825 1411 allana
837 1373 883 1411 uno

76 1433 177 1495 peccalo
188 1430 278 1480 mortali
290 1434 428 1495 perpetrato.

108 1502 156 1552 scd
177 1504 270 1563 contra,
284 1514 325 1565 per
338 1507 455 1566 peccatum
473 1504 567 1554 mortale
580 1502 607 1551 fit
621 1502 690 1553 homo
708 1500 790 1565 dignus
807 1506 882 1554 morte

78 1574 177 1636 aterna,
188 1573 313 1623 secundum
322 1573 377 1623 illud
387 1574 467 1633 llum„
476 1574 507 1623 lli
522 1591 528 1623 :
540 1572 681 1636 «Stipendia
689 1573 780 1637 peccati
789 1587 859 1624 mors.
867 1590 882 1622 ι)

79 1644 126 1693 Sed
142 1642 237 1707 quilibet
253 1644 342 1693 habens
356 1644 577 1703 charitatemlraoal
590 1643 697 1693 meritum
706 1646 759 1692 vitm
772 1647 879 1706 aternaa3

79 1714 162 1765 dicitur
180 1714 242 1765 enirn
260 1716 344 1775 loon,
356 1718 406 1766 lllV
425 1733 430 1766 :
452 1732 466 1765 (ι
483 1716 509 1765 Si
522 1709 573 1780 quis'
591 1713 666 1778 diligit
684 1727 735 1777 me,
751 1714 884 1776 diligatura

81 1788 150 1836 Patre
159 1799 225 1850 meo;
238 1788 313 1850 elego
325 1786 417 1850 diligam
429 1800 491 1849 aum,
504 1790 528 1837 el
536 1785 687 1837 manifestabo
700 1785 721 1835 ei
732 1784 853 1849 meipsum.
866 1802 881 1833 o

82 1859 107 1907 ln
119 1870 163 1921 qna
174 1856 266 1920 quoidam
283 1854 465 1908 manifestatione
475 1856 523 1906 uita
532 1859 618 1907 aterna
629 1856 746 1919 consistit,
757 1858 882 1908 meandum

82 1930 138 1980 illud
156 1930 238 1989 loom,
253 1930 314 1981 XVll
324 1946 331 1979 ι
341 1946 354 1979 u
366 1932 418 1981 Hac
435 1932 470 1980 est
484 1929 534 1979 uita
548 1932 647 1989 aterna,
657 1933 684 1979 nt
702 1934 841 1993 cognoscant
858 1932 882 1981 lo

84 2014 164 2051 verona
176 2002 262 2064 deum,
273 2005 296 2051 et
305 2015 372 2065 quom
383 2001 467 2051 misisti
478 2002 557 2052 lasum
565 2000 685 2051 Christum.
694 2017 707 2047 o
718 2000 799 2051 Nullus
806 2004 882 2054 aulem

85 2076 223 2139 potestesse
241 2072 308 2123 simul
322 2074 403 2137 dignus
415 2072 463 2124 rita
482 2075 567 2124 aelerna
585 2075 608 2121 et
623 2076 695 2123 morte
712 2075 806 2123 alama.
822 2073 881 2137 Ergo

87 2144 224 2209 impossibile
237 2148 285 2207 ast,
305 2144 364 2209 quod
378 2144 459 2209 aliquis
476 2145 559 2195 habeat
571 2143 705 2194 charitatem
722 2155 775 2193 cum
787 2146 882 2207 peccato
984 2202 986 2205 y

88 2215 182 2268 mortali
202 2214 297 2269 Tollitur
310 2230 363 2281 ergo
377 2217 475 2269 charitas
491 2230 532 2281 per
546 2230 617 2266 unum
633 2219 708 2266 actum
720 2216 810 2281 pcccati
823 2229 881 2266 mor·
984 2213 986 2224 '

88 2288 147 2340 talis.

121 2358 277 2427 (Conocnsro.
288 2360 411 2422 —Quaouis
426 2364 477 2412 actu
488 2361 577 2435 peccati
589 2360 692 2413 mortalis
704 2359 801 2412 charitas
816 2360 882 2412 amil-
984 2399 985 2402 ,

90 2432 248 2569 titillegpondeo
258 2505 394 2570 dicandum,
403 2506 464 2571 qndd
473 2519 545 2557 unum
552 2505 688 2557 eontrarium
701 2518 742 2570 par
752 2505 813 2555 aliod
828 2518 883 2557 con·

30 2570 33 2577 '
92 2576 178 2630 tudun
192 2577 356 2643 caponariam
365 2578 450 2631 lolllluu
461 2578 508 2643 (tl.
517 2578 618 2637 Quilibet
625 2580 703 2631 auem
715 2578 779 2630 actuo
791 2577 879 2642 pemati
984 2553 985 2558 ἵ

124 2722 152 2785 li)
166 2726 231 2772 luxta
241 2725 297 2770 illud
308 2725 370 2783 quod
381 2723 485 2783 snperido
495 2736 525 2769 ex
535 2734 588 2781 ean.
598 2725 641 2769 111.
650 2724 684 2769 De
693 2722 808 2769 munitm
814 2724 881 2773 odae,

94 2788 209 2833 iudicatum
228 2792 279 2846 ert,
295 2790 422 2835 contracto
437 2788 518 2847 marat
532 2786 561 2831 ol
576 2788 701 2836 tmolum,
713 2785 737 2830 id
748 2791 798 2845 eol,
811 2785 882 2831 adve-

95 2851 166 2898 niente
176 2862 220 2896 uno
233 2851 330 2897 alterurn
340 2851 391 2897 tolli
404 2858 445 2897 neu
459 2850 556 2897 iotanae
569 2850 708 2921 (diurnalem
716 2846 737 2916 J
