1992 3317
145 172 190 221 att
267 174 519 229 eaoonoaaacottoaa,
537 172 820 226 concamaratur.

145 270 187 322 per
194 254 303 321 Spiritum
318 254 430 315 saudan,
439 250 478 315 qni
490 251 560 303 datae
571 248 697 313 minabis,
706 260 721 297 ι
730 248 850 304 utdlcitrr
865 248 948 309 ltom„

144 330 172 377 V.
193 344 207 376 a
220 327 263 377 Sed
283 324 322 376 nbi
336 323 434 389 Spiritus
446 321 550 383 Domini,
560 320 594 372 ilii
602 320 705 382 libertae,
715 336 730 369 a
742 323 768 370 ιιι
778 320 864 379 dicitur
873 322 903 373 ii.
915 324 950 373 od

146 400 215 456 Cor„
231 398 261 448 iil
272 396 315 462 (ti.
327 394 384 448 Cirm
394 406 448 458 crgo
466 392 561 444 ibam
573 393 680 444 excludat
694 390 843 460 servitutem,
861 393 953 450 utetur

145 469 206 535 qudd
222 469 290 520 timor
309 467 397 520 seruilia
412 466 539 533 expellatur
554 466 666 515 charitate
678 462 824 516 adveniente.

176 546 199 591 a.
211 540 339 603 Praeterea,
350 539 419 591 timor
431 538 522 590 seruitia
533 552 562 589 ex
572 550 650 588 amora
667 537 706 589 eni
715 540 830 602 canunt,
840 538 868 589 in
881 552 955 605 quan-

145 617 194 665 tum
204 626 272 678 poena
288 610 395 663 diminuit
407 610 524 677 proprium
542 609 637 661 bonum.
656 609 702 661 Sed
720 622 783 663 amor
798 610 842 661 liei
857 612 954 679 expellit

105 694 108 702 ’
145 698 246 737 amorem
264 684 315 748 aui;
329 683 384 735 lacit
404 684 466 737 enirn
486 685 633 735 contemnere
651 683 770 747 scipsum,
783 685 809 739 ut
821 686 891 754 patet
908 699 952 751 per

145 757 300 809 commutem
315 754 435 819 Augustini
446 754 507 805 lili.
522 756 560 805 De
574 754 651 805 t'iuit.
666 754 715 805 Dei
730 755 791 818 (cap.
801 754 872 818 ult),
888 756 952 820 qnid

147 846 161 879 u
172 842 234 880 amor
246 828 288 879 ilci
303 840 375 891 nsque
388 828 416 877 ad
433 829 590 890 contemptum
604 826 653 889 sni,
667 825 721 876 iacit
733 825 851 877 civitatem
867 827 921 878 liei.
936 844 950 876 u

145 900 204 965 Ergo
221 900 310 951 uidetur
324 898 382 964 quod
400 897 507 949 veniente
525 898 634 948 charitate
652 897 720 948 timor
739 896 828 948 seruile
841 898 948 949 tollatur.

177 972 221 1024 sed
238 973 318 1023 contra
339 974 389 1033 est,
404 968 465 1035 quod
482 968 551 1021 timor
571 967 662 1019 serviis
684 971 720 1020 est
738 969 825 1019 donum
849 969 949 1035 Spiritus

145 1045 226 1111 macti,
240 1048 265 1095 nt
281 1043 350 1107 sopri
363 1042 448 1094 dictum
461 1044 506 1092 eat.
515 1040 562 1091 Sed
573 1042 633 1093 dona
645 1041 746 1106 spiritua
755 1042 831 1091 macti
844 1054 894 1093 non
907 1043 948 1093 tol-

144 1117 221 1168 luntur
238 1116 372 1167 adveniente
395 1112 519 1177 charitate,
532 1125 575 1178 per
593 1126 662 1181 qnam
684 1112 783 1179 spiritua
804 1116 901 1165 sanctus
925 1114 949 1163 iu

145 1189 210 1240 nobis
228 1187 324 1241 inabitat.
345 1186 404 1249 Ergo
423 1184 559 1237 adveniente
577 1185 689 1238 charitate
708 1197 755 1236 non
771 1184 863 1237 toditur
882 1186 950 1237 timor

146 1258 243 1313 semim.

177 1332 333 1393 (cormacco.
350 1354 381 1367 -
398 1327 492 1395 Timor,
506 1329 550 1382 etsi
567 1332 593 1381 nt
609 1329 699 1381 cervilia
718 1341 765 1381 uon
782 1332 878 1381 maneat
896 1342 946 1379 cum

145 1400 270 1467 charitate,
285 1400 409 1458 secundum
418 1403 497 1459 umen
509 1401 660 1454 meantium
668 1412 734 1453 suam
745 1414 798 1456 cum
812 1413 842 1453 ea
856 1413 947 1454 manere

145 1472 250 1537 porat)
423 1490 431 1503 ·

175 1547 309 1612 despondeo
324 1544 454 1608 dicendum,
464 1546 525 1611 quod
536 1545 603 1600 timor
615 1544 706 1597 cardia
715 1558 745 1596 ex
755 1556 831 1598 amora
841 1544 878 1594 ani
891 1556 944 1594 cau-

145 1620 214 1684 uatnr;
225 1616 278 1684 quia
288 1620 322 1670 eat
331 1616 400 1669 timor
409 1630 492 1683 poena,
501 1630 554 1683 que
564 1620 600 1668 eat
606 1616 769 1674 tetamentum
780 1616 868 1683 proprii
879 1615 945 1667 boni.

144 1691 208 1742 Unda
218 1692 262 1742 hoc
276 1690 342 1742 modo
360 1684 426 1741 timor
438 1702 512 1755 poenae
525 1692 602 1758 potest
614 1692 674 1745 atara
684 1702 738 1739 cunr
750 1688 877 1755 charitate,
887 1688 947 1739 aiom

49 1820 54 1827 ,
146 1763 170 1811 ct
184 1774 247 1813 amor
263 1761 312 1827 ani,
329 1760 432 1825 ejusdem
450 1760 511 1811 enim
533 1760 627 1812 rationis
645 1762 685 1812 est*
698 1759 758 1824 quod
779 1759 851 1811 laonio
872 1759 947 1825 cupiat

145 1833 230 1884 honum
249 1848 316 1884 suum
325 1870 332 1896 ,
342 1835 367 1883 et
379 1830 440 1896 qudi
451 1832 533 1883 timeat
546 1845 573 1884 eo
582 1830 676 1896 privan'.
690 1832 759 1881 Amor
769 1833 850 1881 antem
860 1832 896 1883 cni
906 1831 944 1881 tri-

145 1904 235 1967 pliciter
249 1915 274 1953 se
284 1906 361 1965 potest
375 1902 457 1954 habere
470 1904 499 1953 ad
512 1902 647 1955 charitatem
657 1915 719 1953 :uno
727 1899 791 1952 enim
803 1903 884 1967 modo,
895 1915 947 1953 con-

144 1973 250 2023 trariatur
264 1974 386 2037 charitati,
401 1974 527 2029 secundnm
544 1977 605 2038 qnod
625 1973 708 2038 aionis
722 1973 747 2024 in
767 1985 845 2025 amore
859 1973 944 2039 proprii

145 2038 198 2097 oona
211 2046 280 2095 finam
293 2046 411 2097 constitnit
418 2061 426 2111 ;
435 2046 480 2098 aiio
493 2047 548 2099 nard
562 2048 644 2109 modo,
656 2046 683 2096 in
695 2045 806 2096 charitate
821 2046 943 2098 includitur

144 2117 266 2168 secundom
279 2120 338 2182 quod
348 2119 416 2169 homo
430 2122 559 2184 eapropter
569 2120 641 2169 ileum
652 2116 709 2168 etin
720 2118 767 2167 lleo
778 2115 865 2182 diligit;
879 2116 943 2169 tertii

145 2190 227 2254 modo,
246 2188 259 2238 i
281 2190 391 2241 charitate
414 2187 507 2254 quidem
532 2189 694 2255 distinguitur,
709 2188 750 2243 sed
771 2187 880 2244 cunctati
901 2201 944 2240 noa

145 2258 301 2325 contrariatur,
319 2260 375 2325 puta
384 2274 436 2313 cum
448 2261 531 2327 aliquia
545 2259 620 2326 diluit
628 2260 729 2324 seipsum
740 2259 870 2313 secundum
879 2259 945 2314 ratio-

145 2344 198 2383 nem
211 2330 298 2397 proprii
313 2332 384 2399 boui,
399 2332 430 2385 ita
449 2338 526 2385 tamen
538 2334 599 2399 quiid
614 2332 639 2385 in
656 2334 701 2385 troc
717 2332 809 2400 proprio
823 2332 885 2387 bono
903 2345 947 2383 non

145 2400 268 2453 constituat
277 2403 353 2455 fidem.
363 2404 428 2459 Sicut
438 2406 509 2457 etiam
519 2406 578 2461 etad
587 2405 715 2471 proximum
722 2407 798 2471 polest
808 2418 861 2461 osse
872 2405 945 2469 aliqum

144 2474 251 2539 specialis
262 2475 353 2529 dilectio
366 2481 447 2541 prater
457 2476 603 2531 dicationem
614 2476 731 2529 clamans
739 2490 790 2539 qua
803 2475 912 2530 tundatur
922 2474 944 2523 in

144 2546 199 2608 lieo,
212 2547 265 2597 duna
274 2549 391 2611 proximus
404 2548 505 2613 diligitur
517 2548 606 2599 ratione
618 2547 796 2611 commoditatis,
812 2545 944 2611 consangni-

144 2616 240 2680 nitrtic,
255 2620 293 2671 aci
305 2619 403 2685 alicuine
419 2620 515 2672 alteriue
525 2620 663 2672 conditionis
675 2621 793 2683 humana,
804 2632 856 2684 quc
870 2622 944 2672 tamen

144 2688 263 2741 rescribitis
273 2690 305 2741 cit
317 2690 346 2741 ad
355 2690 496 2743 claritatem.
506 2691 545 2742 iiic
558 2703 614 2763 argo
623 2695 647 2743 et
657 2690 725 2743 n'mor
736 2703 811 2756 poenae
823 2688 942 2741 includitur

145 2838 270 2958 ίΜιιὶωῗιιί
281 2849 305 2893 et
314 2844 459 2907 premittitur
471 2858 535 2899 uara.
550 2845 596 2912 li,
612 2845 675 2909 quod
690 2848 713 2897 ot
724 2846 845 2902 domim
857 2843 937 2913 Spiri-
