1992 3317
378 116 409 152 [tii
425 116 565 155 anastasie.

344 303 515 373 dometio
532 306 601 371 XII.

183 444 218 489 ne
234 446 377 502 apamea,
393 446 423 490 se
440 446 501 490 anos
517 448 634 493 artocem
651 450 740 495 aseae.

104 592 182 643 minoe
191 591 387 643 muddemndnn
398 595 435 642 est
447 594 475 643 de
488 595 616 658 Apostasia.

106 662 197 713 Etdam
209 665 256 712 hoo
265 665 403 725 queruntur
412 664 467 713 duo.
479 668 506 714 1ο
519 666 598 716 Utrum
609 668 724 732 apostasia
735 670 764 719 ad
775 670 872 721 iuddeti-

76 735 138 782 tatem
149 734 273 797 pertineat.
289 740 318 783 2⁰
331 734 413 783 Utrum
431 738 522 799 propter
539 738 675 801 apostasiam
688 739 702 789 a
715 740 771 802 tide,
786 741 875 791 subditi
979 746 980 749 ’

74 804 211 855 theotimus
224 804 239 853 i
252 803 358 854 dominio
370 805 543 868 presidentium
558 812 718 872 apostatarum.

374 966 537 1018 ARTICULUS
553 969 572 1018 1.

187 1073 273 1118 Utriem
287 1072 411 1129 ammeta
417 1073 537 1129 pertineat
546 1076 578 1121 ad
586 1076 762 1133 infidelitatem.

99 1179 132 1229 td
145 1179 244 1243 primum
260 1180 296 1230 sio
308 1178 447 1244 proceditur.
464 1180 556 1231 Videtur
568 1182 630 1246 quod
643 1182 758 1247 apostasia
775 1182 807 1248 (t)
825 1196 877 1234 non

72 1251 181 1313 pertineat
199 1252 229 1301 ad
245 1251 415 1301 infidelitatem.
430 1251 487 1301 titud
501 1253 562 1303 enim
577 1256 636 1317 quod
649 1258 684 1305 est
697 1254 771 1305 omnis
782 1252 875 1318 peccati

73 1320 214 1386 principium,
225 1335 275 1372 uon
287 1321 379 1371 ridetur
389 1322 420 1372 ad
430 1322 588 1375 intidelitatem
599 1325 713 1388 pertinere
721 1342 728 1388 3
737 1326 791 1389 quia
801 1327 873 1376 multa

72 1398 159 1453 petam
174 1394 226 1444 sine
239 1392 378 1443 infidelitate
392 1394 501 1443 existunt.
517 1396 562 1445 Sed
576 1396 690 1458 apostasia
709 1396 797 1447 ridetur
819 1409 872 1446 esse

75 1465 145 1515 omnm
161 1466 254 1529 peooati
270 1466 427 1529 principium3
443 1466 525 1516 dicitur
540 1467 602 1517 enim
614 1467 717 1524 tientes..
733 1469 753 1517 X
770 1484 775 1516 :
793 1484 806 1514 a
822 1468 874 1517 Ini-

70 1535 127 1584 tium
136 1536 248 1599 mpertie
257 1537 361 1587 hominis
374 1539 502 1600 apostatare
513 1536 590 1600 aDe03
602 1554 616 1585 o
627 1542 649 1587 et
657 1540 736 1602 postea
749 1538 853 1589 subditur
866 1555 872 1588 :

73 1622 88 1652 a
98 1604 189 1655 initum
201 1608 280 1658 omnis
292 1608 383 1672 peceati
396 1607 512 1672 superbia,
530 1626 543 1657 o
557 1611 618 1672 Ergo
633 1609 747 1673 apostasia
760 1621 807 1658 non
823 1622 876 1672 per-

72 1675 132 1725 tinet
144 1678 171 1727 ad
180 1677 349 1729 infidelitatem.

102 1753 125 1798 2.
139 1750 269 1813 Pretema,
280 1750 405 1802 infidelitas
416 1749 566 1799 inintellecta
580 1749 691 1801 consistit.
702 1751 749 1799 sed
759 1750 871 1813 apostasia

69 1820 139 1883 magis
151 1821 245 1871 videtur
262 1822 390 1871 oonsistere
402 1820 428 1869 iu
446 1820 553 1871 exteriori
569 1834 638 1884 opere
658 1822 694 1871 vet
717 1832 820 1871 sermone
835 1823 873 1871 aut

71 1891 136 1941 etiam
148 1891 255 1941 interiori
265 1892 393 1954 voluntate
405 1891 489 1942 dieitur
500 1890 700 1946 autumarent„
712 1892 759 1941 vt:
774 1908 788 1941 u
801 1892 874 1943 Homo

71 1966 187 2026 apostata,
202 1962 239 2012 sir
255 1962 359 2027 inutilis,
374 1962 480 2026 gradiens
495 1976 535 2018 ore
552 1976 672 2028 perverso,
687 1963 768 2013 annmt
784 1964 871 2025 oeulis,

70 2032 120 2082 terit
127 2035 202 2097 pede,
218 2033 291 2097 digito
303 2033 413 2097 loquitur,
423 2046 494 2096 pravo
506 2035 572 2085 corde
583 2035 725 2085 machinatur
737 2036 820 2085 matum
827 2073 836 2099 ,
849 2038 872 2085 et

70 2101 96 2151 in
109 2105 173 2155 omni
187 2108 292 2169 tempore
302 2105 380 2169 iurgia
391 2105 499 2155 seminat.
514 2119 527 2152 n
540 2106 564 2155 Si
577 2106 628 2169 quis
641 2106 700 2155 erim
716 2119 741 2156 se
754 2105 872 2157 circumci-

72 2174 145 2238 deret,
155 2177 195 2227 vet
209 2177 343 2239 sepulerum
353 2176 474 2227 mahometi
484 2176 600 2239 adoraret,
609 2178 711 2241 apostata
721 2180 873 2241 reputaretur.

70 2244 127 2309 Ergo
140 2247 260 2311 apostasia
271 2260 317 2297 non
330 2247 433 2311 pertinet
443 2247 528 2299 directe
545 2248 572 2297 ad
584 2248 748 2298 infidelitatem.

102 2322 123 2367 a
138 2321 267 2379 Praeterea,
285 2318 396 2381 heresis,
417 2318 470 2383 quia
488 2321 517 2369 ad
536 2318 691 2370 infidelitatem
714 2319 827 2384 pertinet,
841 2322 878 2368 est

73 2390 173 2449 amdam
190 2390 344 2441 detenainata
362 2388 452 2454 speeies
472 2390 623 2441 infidelitatis.
642 2390 668 2440 Si
687 2402 741 2453 ergo
762 2388 878 2453 apostasia

74 2458 101 2507 ad
112 2458 271 2513 infidelitatem
284 2461 424 2526 pertineret,
435 2468 566 2525 sequeretur
579 2460 639 2525 (ptdd
650 2464 712 2511 esset
721 2460 824 2524 quedam
838 2460 877 2509 de-

106 2566 136 2629 (lt
151 2574 187 2618 Ex
203 2585 280 2630 graeca
299 2584 360 2618 uoce
374 2569 520 2633 ἀποστασία,
545 2584 597 2628 qum
620 2572 691 2617 vetuti
710 2571 726 2615 d
746 2574 811 2616 stetu
834 2583 877 2615 suo

76 2638 354 2701 detectionemsiguitioat
361 2674 368 2700 ,
375 2642 457 2687 melitae
465 2649 488 2689 et
497 2642 588 2700 planitie
597 2642 666 2699 quim
678 2642 740 2699 apud
747 2642 875 2687 Ostiensem

72 2706 128 2756 poet
137 2709 224 2755 motus,
239 2707 263 2750 in
276 2706 372 2751 rubrica
386 2704 415 2749 de
425 2703 561 2763 apostate,
570 2705 607 2749 vet
619 2704 779 2761 retroprodoe
790 2707 876 2751 status,

74 2766 101 2805 ut
114 2764 196 2812 ibidem
209 2769 327 2826 explieat;
345 2768 390 2813 etsi
405 2768 448 2813 hoc
458 2768 508 2826 ipso
523 2767 584 2823 quod
599 2766 685 2812 aetatu
695 2764 786 2823 deficit,
799 2768 873 2807 retro-

76 2822 140 2876 predi
152 2830 239 2875 uidetur
253 2832 379 2888 Apostata.
