1992 3317
127 170 174 223 tto
238 174 349 224 osonum
366 164 496 231 nnnn1,'
509 172 605 225 enm.
620 161 697 229 maj
713 172 770 217 lan.
787 176 814 219 u.

126 260 154 313 nt
171 256 310 325 lupentinus
321 254 376 309 tint
390 254 566 322 aautmtt,
578 254 606 305 aa
622 255 695 307 aenea
708 253 774 307 Bane
786 258 934 325 autenm.

126 330 277 399 populuum
293 328 350 383 tant
365 328 464 381 munitm
469 327 541 393 ,quia
555 340 597 393 pen
606 327 682 393 ipsam
694 340 763 381 mens
778 330 826 383 lino
841 332 933 386 mitur.

128 404 158 455 st
169 402 221 455 ideo
234 404 263 454 ‹le
272 402 360 455 ssione
374 400 491 453 maritatis
504 400 547 452 vin
557 403 597 451 est
607 404 635 451 nt
645 400 721 465 possit
736 402 824 467 tageni
834 403 862 455 Si
869 404 936 458 anim

128 486 176 527 uon
186 477 267 539 posset
283 474 370 537 augeri,
380 472 431 537 jam
446 475 546 523 cessaret
558 471 603 523 vin
616 484 745 536 processus.
759 475 791 525 tlt
802 475 855 527 ideo
868 478 935 541 lpo-

131 544 203 598 stnlns
221 542 354 597 ohammtem
375 543 438 595 viam
453 543 573 609 seminat,
585 542 665 597 dicans
681 546 700 595 l.
719 544 756 596 nd
776 546 849 611 Con,
864 548 908 601 llll
925 568 932 603 ;

131 618 238 669 nldhns
253 615 438 669 excellentiorem
450 616 512 667 niam
525 616 591 668 nobis
606 617 747 669 demonstro.
762 632 776 665 u

161 690 193 741 lo
216 688 314 755 primum
331 700 385 754 erpo
401 688 545 751 limatum:
557 687 620 753 qnia
635 688 741 739 manieti
755 701 802 740 non
823 694 937 746 convenit

128 760 243 829 quantitas
260 760 400 827 dimensisa,
416 760 458 815 sed
468 761 541 811 solnm
554 758 671 824 quantitas
682 760 800 823 mutuatu,
813 773 866 826 quae
884 776 937 815 nou
988 801 990 810 .

128 834 202 885 solum
223 833 347 885 assentitur
362 831 488 884 seeundum
501 840 620 883 nnmerum
635 829 787 899 objectorum
800 834 827 883 ut
840 832 936 887 mitinet

129 906 194 971 plura
204 905 361 977 solpanniom
372 904 504 969 illigantur,
512 903 636 956 sed-etlam
647 903 770 955 amandum
777 903 936 959 mnunnnem

131 980 210 1041 antus,
219 980 245 1028 nt
254 978 327 1043 magis
336 978 374 1029 uel
385 976 461 1029 minus
475 975 561 1045 aliquid
575 974 681 1043 diligatur
695 991 700 1025 :
716 979 739 1027 et
750 976 795 1028 hoo
806 978 938 1033 medonis-

129 1050 197 1103 tualis
210 1048 324 1115 quantitas
337 1046 453 1101 clamatis
467 1051 571 1113 angetur.

163 1122 337 1175 sisenandum
353 1116 489 1184 dicendum,
508 1119 569 1184 qnid
587 1118 686 1172 thamim
702 1120 740 1173 est
756 1118 781 1169 in
800 1122 891 1174 summo
907 1134 939 1175 ex

131 1197 194 1259 parte
208 1192 291 1259 objecti
295 1230 304 1259 ,
315 1192 340 1242 in
353 1194 462 1257 mantum
474 1190 561 1245 seilicet
579 1192 631 1256 ejus
643 1188 759 1259 objectum
769 1193 806 1243 est
817 1205 937 1246 summum

130 1265 224 1317 honum.
244 1265 273 1315 lit
293 1276 322 1313 ex
341 1264 386 1315 hoe
401 1261 586 1328 seqnitur,an
602 1263 652 1327 ipsa
670 1262 700 1314 sit
720 1262 870 1316 exoelleutior
884 1266 940 1317 aliis

131 1335 261 1387 virtutihus.
276 1334 321 1385 Sed
340 1346 386 1386 non
408 1334 482 1387 omnis
502 1333 602 1389 thanas
618 1337 659 1402 nst
675 1334 702 1385 in
718 1348 807 1387 summo
822 1340 938 1401 penum

133 1406 161 1457 ad
175 1404 328 1458 intensionem
342 1409 414 1457 antus.

166 1480 200 1531 lid
212 1479 304 1541 testium
314 1479 443 1547 dicendum,
453 1474 514 1545 quil
525 1476 618 1543 quidam
627 1477 733 1529 dixerunt
741 1473 876 1532 thanatan
888 1490 939 1532 non

134 1548 213 1615 augeri
229 1550 351 1603 seeundum
364 1558 430 1602 snam
447 1548 585 1614 essentiam,
598 1548 724 1601 sedentum
740 1549 863 1602 mentium
874 1551 940 1601 raali-

134 1623 246 1678 eationem
255 1623 279 1674 in
292 1620 448 1689 subinnuat
458 1622 584 1673 seeundum
594 1620 717 1672 tonsorem.
728 1621 773 1672 Sel
782 1619 808 1671 m
817 1620 938 1686 propriam

134 1706 214 1749 vocem
232 1696 403 1762 ignoraverunt.
421 1692 478 1745 Cim
498 1692 562 1744 enim
579 1693 686 1745 annitens
700 1691 746 1761 sit,
762 1693 813 1759 ejus
832 1701 941 1749 esseest

135 1768 221 1820 inesse.
235 1768 300 1822 Unde
316 1766 375 1819 nihil
394 1768 429 1818 est
444 1764 505 1816 altum
523 1765 597 1830 ipsam
611 1765 738 1816 monadum
752 1765 878 1820 amatum
890 1778 938 1819 au-

134 1840 196 1905 geri,
208 1839 275 1905 quam
287 1851 338 1890 eam
352 1836 425 1905 magis
438 1837 515 1889 inesse
528 1837 647 1903 subjecto,
666 1836 729 1901 quoti
745 1840 781 1889 est
795 1837 869 1901 napis
882 1850 939 1891 eam

132 1912 229 1963 nadimri
247 1910 273 1959 in
290 1910 403 1977 subjecto.
417 1908 527 1959 Similiter
548 1907 632 1970 enam,
653 1908 704 1976 ipsa
725 1908 880 1961 essentialiter
901 1914 943 1963 est

133 1980 206 2033 virtus
220 1981 321 2033 uuonan
339 1982 367 2032 ai
385 1984 470 2033 notum.
490 1980 555 2031 tlule
573 1979 634 2031 taem
650 1984 687 2031 est
703 1979 778 2046 ipsam
799 1982 879 2047 angeri
896 1994 940 2035 se-

133 2054 232 2105 cundnm
249 2053 385 2116 essentiam,
400 2056 423 2105 et
439 2054 515 2119 ipsam
531 2053 616 2104 habere
628 2053 754 2108 efficaciam
767 2054 795 2105 ao
807 2055 942 2121 producen-

134 2126 187 2177 dum
201 2123 345 2185 ferventioris
358 2124 483 2177 dilectionis
493 2127 577 2177 aetum.
588 2125 690 2189 lugetur
704 2137 757 2189 ergo
771 2126 938 2191 essentialiter,

133 2210 180 2247 non
190 2196 281 2266 quidem
291 2196 323 2257 lta
335 2195 396 2263 quio
404 2209 454 2247 esse
465 2196 567 2263 incipiat²
578 2196 617 2247 ael
629 2209 682 2254 esse
693 2195 812 2248 desinatin
819 2197 937 2264 subjecto,

134 2266 194 2319 siout
211 2266 308 2332 objectio
321 2265 359 2319 iila
373 2266 491 2334 procedit,
507 2269 547 2321 seal
561 2265 593 2320 ita
612 2268 673 2333 quod
681 2269 756 2334 magis
777 2283 805 2322 an
816 2268 889 2335 magis
909 2272 939 2325 ia

136 2340 239 2407 subjecto
258 2354 309 2403 esse
325 2339 427 2411 incipiat.

432 2496 593 2561 inmotus
604 2500 633 2553 V.

268 2615 469 2666 Memno
477 2616 811 2678 seqeaterpeenataatoneon

166 2738 201 2801 ld
218 2738 322 2806 quintum
340 2738 373 2789 sie
390 2737 520 2811 proselitus
531 2737 575 2805 (l).
593 2737 687 2795 Videtur
700 2736 759 2808 quod
776 2736 875 2791 manns
892 2751 935 2794 au-

135 2812 214 2875 gestu
226 2823 268 2875 per
280 2808 428 2863 additionem.
444 2808 507 2869 Siout
520 2810 582 2861 enim
596 2813 632 2863 est
647 2812 794 2884 augmentum
806 2810 936 2882 mamalum

166 2917 198 2982 (n
210 2918 403 2983 nepessinus,
415 2921 443 2981 s,
454 2920 552 2984 pnes,
563 2926 605 2970 ne.
617 2920 648 2980 η
658 2922 726 2983 ean,
737 2918 879 2976 aasentias.
894 2921 936 2985 ta,
