1992 3317
393 207 425 243 DE
440 208 505 244 etot.
804 202 848 247 199

42 283 89 331 tum
100 287 124 332 et
138 286 310 334 eoummmatio
325 296 370 346 per
393 283 490 345 gloriam
504 286 530 332 tlt
543 284 611 333 etiam
623 299 664 349 per
682 286 766 335 donum
777 286 850 336 ohari-

46 355 102 415 tatis‚
121 356 182 418 quod
199 356 368 419 appropriatur
385 354 482 419 Spiritui
502 360 597 417 sendo,
612 360 637 407 et
654 370 694 421 per
712 358 795 407 dourrm
811 370 848 408 sa-

45 425 144 488 pientia,
161 427 225 489 quud
249 426 417 491 appropriatur
437 426 497 476 Filio
518 430 563 476 :el
579 426 629 479 ideo
650 433 769 492 utrumque
791 442 849 494 opus

43 497 168 556 pertiuetad
176 498 299 549 Filiumet
306 500 338 549 ad
349 497 461 563 Spiritum
473 502 575 548 sanetum
585 512 626 563 per
633 499 846 563 appropriationem,

43 567 159 618 erundum
173 570 280 620 rationes
294 570 411 621 diversas.

69 639 100 688 ld
114 643 204 691 nerium
219 641 363 704 dioenduru,
379 640 441 705 quod
454 642 478 691 in
487 647 628 694 sacramento
643 643 791 695 Eucharistiae
802 644 847 695 duo

47 716 134 771 possunt
146 712 295 766 considerari
310 728 317 761 :
330 725 405 762 uuum
419 713 509 763 seilicet
520 713 580 776 quod
596 718 790 765 Sacramentum
801 719 845 774 eet,

45 789 63 829 rt
81 784 122 833 troo
136 784 208 835 habet
226 784 338 835 eamdem
356 784 470 835 rationem
488 798 540 835 cum
559 786 609 837 eliis
626 786 744 837 effectibus
769 788 846 849 gretie

42 853 214 920 senodioautis3
233 857 300 907 alium
317 859 355 905 est
377 855 438 919 quod
461 856 594 909 miraculose
611 857 643 908 ibi
661 871 743 922 eorpus
764 859 847 909 Christi

44 926 172 991 rontinetur,
179 931 205 978 et
218 927 253 977 sie
265 927 415 977 concluditur
424 928 467 978 sub
478 928 657 993 omnipotentie,
666 928 724 979 ment
735 933 757 979 et
769 929 845 979 omnia
898 928 900 933 ’

42 996 80 1043 ¹elia
92 998 197 1049 muaeula
210 1013 263 1063 quee
276 999 454 1062 omnipotentie
467 999 629 1051 admouentur.

336 1159 498 1213 nnltcttltts
514 1162 553 1213 IX.

76 1274 156 1320 Utrum
165 1279 339 1323 eumveuietttor
347 1277 515 1334 articulifidei
525 1279 551 1323 in
561 1279 665 1334 symbolo
678 1281 807 1334 portamur:

73 1393 198 1445 ideonum
213 1396 250 1445 sie
264 1394 395 1458 proceditur
410 1394 454 1457 li).
470 1393 563 1445 l'idelur
577 1394 638 1459 quod
651 1396 841 1447 inconvenienter

47 1463 121 1513 nnimli
135 1466 190 1517 fidei
210 1467 239 1516 in
252 1467 358 1531 symbolo
374 1469 498 1530 ponentur.
516 1468 583 1517 Saura
596 1467 658 1517 euim
675 1468 792 1532 Scriptura
806 1474 841 1519 est

46 1535 111 1594 regula
120 1536 188 1600 idei,
203 1536 246 1587 oui
259 1550 303 1586 nee
316 1536 401 1586 addere
411 1548 455 1585 neu
464 1537 594 1588 subtrahere
606 1538 674 1602 lieet3
685 1538 767 1589 dieitur
776 1539 854 1612 teuiru¹

44 1605 142 1666 neuen,
155 1609 185 1658 lv
205 1625 245 1658 :u
259 1608 311 1657 Non
326 1607 417 1657 addetis
436 1608 465 1657 ad
483 1608 576 1659 verbnm
593 1610 655 1671 quod
671 1609 734 1659 eoois
752 1608 840 1673 loquor,

46 1691 111 1740 neque
124 1680 238 1732 auferetis
248 1680 277 1729 ab
286 1693 324 1731 eo.
334 1696 349 1727 »
362 1680 425 1743 Ergo
445 1678 547 1731 illicitum
560 1680 604 1731 luit
618 1680 708 1744 aliquod
718 1682 845 1744 symbolum

43 1748 170 1801 constituere
185 1752 256 1815 quasi
273 1750 377 1815 reguiam
391 1747 460 1812 fidei,
471 1754 522 1814 post
533 1764 620 1803 sauram
635 1750 776 1814 Scriptorum
796 1752 843 1801 edi-

45 1828 92 1871 tam.

73 1897 93 1941 2.
112 1894 245 1955 Praeterea,
262 1896 323 1944 sieut
340 1893 465 1957 apostolus
480 1892 535 1943 dieii
551 1894 586 1944 od
599 1896 700 1958 Epire„
715 1894 743 1943 ill
752 1931 761 1957 ,
774 1910 787 1942 u
799 1907 843 1945 noa

47 1967 76 2009 est
90 1964 151 2015 tides.
164 1982 177 2013 o
192 1965 240 2017 Sed
258 1964 389 2029 symbolum
407 1967 443 2013 est
457 1964 569 2026 professio
583 1964 644 2017 fidei.
657 1966 717 2027 llrpu
734 1964 841 2015 inconne-

47 2032 126 2085 tdenter
140 2037 240 2088 traditur
250 2035 370 2099 multiplex
384 2034 521 2099 symbolum.
656 2074 667 2103 ,

72 2112 92 2157 3.
110 2110 240 2171 Praeterea,
257 2109 374 2160 uonlessio
391 2107 447 2157 iidei
467 2123 519 2172 que
538 2111 562 2160 in
580 2111 680 2175 symbolo
702 2111 839 2171 continetur,

47 2179 133 2238 pertinet
142 2183 169 2231 ad
185 2193 269 2235 omnes
279 2180 368 2231 fideles.
383 2179 429 2229 Sed
439 2193 485 2230 non
496 2181 602 2233 omnibus
618 2182 720 2232 fidelibus
732 2182 840 2232 convenit

47 2250 126 2301 eredere
137 2251 163 2301 in
176 2254 267 2314 ileum
279 2252 319 2302 sed
332 2250 408 2301 soldnr
420 2249 465 2301 illis
477 2252 517 2315 qni
530 2253 615 2303 habent
629 2252 696 2303 iidem
709 2253 836 2303 formatem.

48 2319 98 2381 tneo
113 2323 306 2375 inconvenienter
322 2323 454 2387 symbolum
472 2323 527 2373 lidei
547 2324 642 2375 truditur
660 2326 703 2373 trae
726 2324 841 2376 lormubus

52 2393 175 2445 verborum:
191 2414 206 2443 u
216 2395 292 2445 Credo
304 2395 329 2443 in
339 2407 414 2445 onum
425 2393 528 2443 ileum.»

75 2468 95 2512 t.
113 2466 243 2529 mterea,
266 2466 394 2517 descensus
408 2466 438 2515 ad
461 2465 546 2517 inlutos
561 2473 595 2517 est
614 2481 673 2517 unus
694 2468 722 2518 de
739 2466 839 2517 urtieulis

51 2535 108 2597 illei,
122 2538 180 2589 siun
190 2538 261 2603 sopri
276 2538 363 2589 dietum
378 2539 424 2587 est.
436 2538 482 2589 sed
496 2538 521 2589 in
531 2538 638 2603 symbolo
655 2540 747 2589 Petrum
756 2552 803 2589 nou
817 2538 840 2587 lit

52 2608 126 2659 neutio
147 2611 175 2661 de
199 2611 311 2661 descensu
334 2609 363 2660 ad
380 2608 475 2659 interos.
494 2610 551 2672 Ergo
569 2610 657 2661 ridetur
677 2608 840 2662 insufficienter

51 2678 164 2731 collectum.
431 2729 434 2734 ⁴

81 2753 101 2799 5.
112 2752 237 2815 Pretmea,
251 2753 309 2804 siem
321 2751 462 2815 Augustinus
475 2752 542 2818 dieii,
556 2765 674 2819 exponens
688 2753 744 2805 iilud
757 2756 840 2811 deon„

83 2858 110 2918 U)
121 2863 151 2908 llo
165 2864 202 2910 tolo
219 2864 291 2910 etiam
303 2864 329 2908 iu
339 2862 383 2921 lli,
396 2862 473 2913 Sunt„
492 2862 603 2922 diseno,
619 2874 661 2920 qu.
681 2862 708 2921 l,
722 2866 764 2907 art.
776 2860 804 2914 23
818 2865 841 2903 et

57 2919 142 2977 ΟΜ,
153 2928 175 2971 V
186 2932 210 2971 et
223 2928 268 2971 vt.
779 2930 781 2942 ⁴
