1992 3317
307 141 339 178 DE
354 141 474 181 nlvrstomn
488 141 610 180 JUSTITIAE.
813 137 858 183 837

356 328 516 380 intremus
531 331 560 380 11.

67 450 148 497 iltrbm
157 452 261 497 mediam
269 454 347 499 mitem
354 455 421 498 mado
428 455 560 511 accipiatur
567 455 594 499 ia
598 455 695 511 justitia
702 456 857 501 distributiva

351 520 374 561 et
384 518 562 562 commutatico.

91 642 124 691 rid
146 641 270 692 scrinium
297 643 330 693 sic
352 644 480 707 proceditur
489 645 533 707 (t).
558 643 651 694 Videtur
674 646 733 709 qnid
753 646 856 696 medinm

60 715 137 764 eodem
147 715 213 764 modo
222 713 343 778 accipiatur
354 715 379 764 in
389 715 478 778 justitia
490 715 635 766 distributiva
648 719 671 766 et
680 717 853 768 commutativa.

61 785 158 848 Utraque
175 784 238 835 enim
255 786 297 835 sub
312 786 401 850 justitia
418 785 547 849 particulari
568 787 711 850 continetur,
726 792 751 838 nt
772 789 857 839 dictum

58 860 92 906 est
106 859 161 918 (art.
171 856 204 918 ii.
217 856 262 906 Sed
274 856 298 906 in
312 857 417 908 omnibns
430 858 586 921 temperantia
595 859 631 908 vei
644 858 785 909 fortitudinis
798 873 852 924 par-

56 927 119 977 tibus
132 927 241 990 accipitur
261 941 306 978 uno
325 929 391 980 modu
408 925 516 980 medium.
531 931 590 992 Ergo
607 929 676 980 etiam
697 931 777 980 eodem
789 933 856 982 modo

54 999 158 1050 medinm
172 1001 208 1048 est
224 998 379 1064 accipiendum
393 1000 524 1064 iniustitia
539 998 681 1051 distributiva
694 1004 717 1050 ct
731 1005 856 1052 eommuta-

54 1068 110 1122 tiva.

86 1147 110 1193 a.
128 1144 249 1204 Postume,
264 1141 335 1192 iorma
346 1143 437 1199 virtutis
448 1143 539 1194 moralis
549 1143 573 1194 in
582 1144 656 1194 medio
665 1143 782 1205 consistit,
796 1145 857 1208 quod

52 1213 181 1270 secantium
195 1215 306 1265 rationem
319 1215 488 1266 determinatur.
504 1216 561 1267 Cirm
579 1229 633 1280 ergo
643 1216 711 1266 nnius
720 1215 812 1266 virtutis
826 1217 857 1266 sit

51 1301 100 1338 nna
119 1287 193 1337 forma
202 1323 211 1350 ,
225 1285 313 1336 videtur
331 1285 390 1352 qnbd
408 1286 433 1336 in
451 1289 546 1351 utraque
566 1287 598 1337 sit
614 1288 695 1338 eodem
711 1287 778 1338 modo
794 1286 857 1337 acci·

50 1359 175 1423 piendum.

87 1435 112 1480 3.
129 1431 252 1492 Praeterea,
264 1427 385 1494 injustitia
394 1427 537 1480 distributiva
547 1430 655 1494 accipitur
664 1431 773 1494 medium,
784 1434 855 1481 atten-

51 1501 133 1552 dendo
152 1499 264 1550 diversum
278 1499 410 1563 dignitatem
424 1513 581 1564 personarum.
600 1501 644 1551 Sed
663 1501 761 1564 dignitas
779 1514 857 1564 perso·

48 1585 138 1623 narum
154 1570 276 1622 attenditur
290 1571 358 1622 etiam
369 1571 563 1622 incommutativa
571 1571 670 1635 justitia,
681 1573 740 1622 sicut
754 1572 778 1621 in
788 1572 857 1635 puni-

49 1644 173 1706 tionibns;
189 1643 241 1706 pins
253 1642 314 1692 enim
329 1643 421 1706 punitur
430 1641 470 1705 qui
481 1642 579 1706 percutit
591 1641 727 1706 principem,
740 1642 808 1704 quim
819 1642 859 1704 qui

48 1716 158 1779 percutit
173 1715 287 1778 privatam
299 1727 428 1778 personam.
444 1715 504 1776 Ergo
517 1714 597 1764 eodem
607 1713 674 1764 modo
687 1712 797 1777 accipitur
805 1726 859 1763 me·
879 1745 881 1748 -

46 1788 120 1838 dium
132 1787 264 1850 inutraque
276 1786 374 1849 justitia.

83 1859 133 1910 Sod
152 1861 231 1908 contra
248 1860 294 1919 est,
310 1859 369 1920 qnod
382 1857 535 1920 Philosophus
547 1857 602 1907 dicit
612 1856 637 1906 in
654 1856 780 1913 viiidie,
798 1855 858 1919 quon

47 1947 64 1980 a
80 1930 110 1980 in
124 1927 216 1993 justitia
230 1927 372 1978 distributiva
386 1928 496 1992 accipitur
512 1928 613 1978 medium
629 1926 753 1979 secundium
768 1940 859 1991 geome-

43 2003 138 2052 tricam
159 1999 405 2064 proportionalitatem,
420 2001 444 2050 in
460 2000 623 2051 commutatico
642 2003 719 2050 antem
733 1998 858 2050 sccundirm

42 2071 232 2124 arithmeticam.
244 2087 258 2118 »

82 2145 250 2210 (Coumusro.
260 2169 292 2180 -
303 2143 399 2193 biedinm
416 2142 440 2192 in
454 2142 544 2206 justitia
555 2142 699 2192 distributiva
711 2141 808 2191 sumitur
819 2154 858 2191 se-

39 2215 157 2267 eundivm
171 2213 332 2278 geometricam
347 2214 528 2278 proportionem,
542 2213 567 2265 in
580 2213 739 2265 commutativa
753 2211 808 2262 verb
821 2225 858 2262 se·

39 2285 157 2338 cumdium
174 2283 344 2348 pmportionem
354 2284 545 2348 arithmeticum.)

78 2357 227 2423 Respondes
250 2357 384 2420 dicendum,
397 2357 454 2420 quid
473 2357 533 2408 sieut
545 2357 631 2408 dictum
651 2357 817 2420 ostiarii),
835 2354 860 2405 in

35 2429 206 2484 distributiva
219 2427 307 2492 justitia
319 2429 384 2478 datur
395 2428 479 2494 aliquid
488 2428 582 2493 private
592 2440 704 2492 persona,
714 2426 740 2475 in
748 2430 860 2490 mantum

28 2505 63 2556 id
82 2503 152 2565 qnod
164 2503 199 2551 est
213 2499 282 2556 totius
295 2502 330 2550 est
346 2499 447 2550 debitum
459 2499 599 2564 partitioni
610 2499 700 2562 quidem
713 2497 860 2561 tantimeJns

29 2579 104 2636 est,
120 2570 211 2637 quanm
222 2571 272 2636 ipsa
284 2583 337 2635 pars
350 2571 458 2636 majorem
477 2569 667 2635 principalitatem
683 2569 753 2619 babet
764 2569 789 2618 in
801 2571 859 2619 toto.

79 2733 119 2799 (1)
138 2739 175 2782 De
183 2735 220 2780 his
228 2735 298 2781 etiarn
309 2736 333 2780 irr
346 2737 378 2794 ΙΙ,
389 2734 467 2784 Stat„
481 2734 536 2779 dist.
545 2733 585 2794 st,
596 2739 639 2780 art.
650 2732 679 2788 33
691 2733 765 2790 utili,
781 2731 859 2779 Stat-2

27 2804 107 2849 dist.
127 2797 177 2856 33,
192 2809 232 2854 qu.
246 2797 274 2860 1,
288 2804 330 2846 art.
350 2797 379 2858 3,
393 2798 530 2856 quartiano.
549 2797 579 2852 23
595 2801 619 2843 et
632 2809 672 2854 qn.
693 2795 717 2855 1,
731 2795 861 2851 deviant,

27 2870 96 2914 nrt.
109 2861 154 2922 ta,
174 2861 204 2908 ad
216 2860 239 2908 7.
