1992 3317
301 133 332 170 na
348 133 470 173 urvrsroun
485 133 606 175 susumrn.
807 125 852 172 atr

59 210 138 274 aliquis
153 209 227 260 aulert
240 211 322 260 lamam
338 222 411 273 suam,
422 213 444 260 et
457 223 498 274 per
512 211 556 260 alia
571 210 718 274 hujusmodi,
735 210 853 263 manifesti

58 286 131 334 autem
141 295 181 346 per
191 279 356 332 accusationem
364 282 494 347 injudicio,
505 295 546 333 seu
559 297 601 346 per
610 283 706 334 convicii
715 283 848 335 illationem.

58 358 167 415 Quantum
186 357 261 404 autem
281 353 310 402 ad
323 367 442 417 personam
457 354 618 419 conjunctam,
636 355 725 406 laeditur
737 355 818 419 aliquis
831 357 854 406 in

56 439 140 488 uxore,
154 430 179 475 ut
189 425 215 474 in
230 423 330 489 pluribus
340 425 428 477 occulto
442 439 483 489 per
499 426 646 490 adulterium,
655 427 681 478 in
690 440 758 477 servo
767 431 852 489 autem

57 497 108 546 cim
127 495 209 559 aliquis
231 509 320 546 servum
342 495 444 561 seducit,
459 501 484 547 ut
503 497 622 548 idomino
634 497 747 561 discedat,
763 501 786 548 et
803 500 854 549 bac

56 569 124 619 eliam
135 566 254 618 manilestt
263 566 311 616 deri
320 572 425 630 possunt.
445 569 474 618 ltt
484 569 563 619 eedem
577 567 633 619 ratio
645 571 682 618 est
695 569 722 619 de
737 569 789 619 aliis
802 581 853 633 per·
909 611 914 618 .

56 637 269 702 sonisconJ'nnclis,
280 637 371 700 inques
385 637 453 688 eliani
463 643 560 702 possunt
569 638 673 689 omnibus
681 637 753 689 modis
763 638 853 703 injuria

52 709 180 773 committi,
196 708 255 760 siout
271 713 294 760 et
314 710 338 759 in
359 721 479 774 personam
494 710 649 774 principalem.
661 711 706 761 Sed
719 711 852 762 adulterium

56 787 79 833 et
96 782 156 834 servi
178 781 280 833 seductio
298 783 351 832 sunt
373 781 469 846 propriae
486 783 576 847 injuria
593 782 652 833 circa
670 784 710 831 bas
725 795 851 846 personas,

55 857 133 904 tamen
152 853 206 918 quia
226 865 304 904 servus
322 855 357 903 est
383 853 497 916 possessio
518 854 636 918 quedam,
650 855 694 904 lroc
712 855 806 904 retertur
824 855 854 904 nd

56 925 150 976 furlum.

91 997 245 1048 Voluntarioe
254 1000 329 1047 autem
340 996 528 1048 commutationes
540 996 654 1058 dicuntur,
668 997 758 1059 mando
774 997 854 1060 aliquis

56 1067 182 1119 voluntarie
197 1069 305 1119 transfert
318 1081 365 1119 rem
380 1081 444 1118 suam
461 1067 484 1117 in
502 1068 607 1118 alterum.
620 1067 649 1117 lit
668 1068 687 1116 si
698 1067 789 1130 quidem
801 1069 855 1119 sim-

56 1139 146 1204 pliciter
153 1139 177 1187 in
193 1137 287 1189 alterum
301 1139 423 1190 transierat
433 1151 479 1190 rem
491 1151 554 1188 scam
566 1139 650 1204 absque
659 1138 745 1199 debito,
758 1140 816 1190 sicut
828 1140 852 1190 in

56 1209 192 1271 donatione,
203 1223 250 1260 non
264 1213 299 1261 est
312 1214 375 1261 aetus
386 1210 482 1274 justitie
493 1211 550 1272 ,sed
564 1208 713 1260 liberalitatis.
725 1211 752 1259 lu
766 1213 854 1260 tanturn

55 1286 133 1332 autem
143 1281 170 1331 ad
183 1281 295 1345 justitiam
309 1283 435 1333 voluntaria
448 1281 566 1332 translatio
582 1281 697 1346 pertinet,
710 1281 855 1346 inquantum

56 1355 91 1403 est
104 1351 137 1402 ibi
149 1352 234 1415 aliquid
247 1353 275 1403 de
289 1354 375 1404 rabone
386 1353 464 1404 debili.
479 1353 544 1412 Quod
553 1353 643 1416 quidem
654 1352 763 1416 contingit
776 1353 854 1403 multi-

55 1423 160 1488 pliciter:
172 1436 220 1475 uno
229 1425 304 1488 modo,
315 1426 405 1488 quando
414 1425 464 1488 quis
474 1425 581 1474 translert
589 1423 721 1488 simpliciter
734 1438 855 1475 rensuum

55 1497 80 1545 in
99 1495 195 1545 almrum
213 1508 255 1560 pro
273 1497 481 1559 recompensatione
500 1495 593 1546 alterius
604 1495 650 1558 rei,
665 1495 726 1546 siem
735 1495 818 1546 accidit
831 1497 855 1545 in

53 1565 188 1618 venditione
200 1568 223 1616 et
234 1566 361 1630 emptione3
374 1565 417 1616 alic
432 1565 508 1628 modo,
525 1566 616 1629 qnando
632 1566 714 1629 aliquis
729 1567 795 1616 tradit
808 1581 855 1618 rem

53 1649 119 1688 snam
133 1636 214 1701 alteri,
234 1638 360 1688 concedens
378 1636 401 1686 ei
414 1649 479 1686 usum
503 1636 537 1686 rei
550 1648 602 1684 cum
619 1636 695 1686 debito
708 1638 855 1699 recuperandi

52 1722 112 1759 rem.
128 1708 157 1758 lit
172 1708 294 1772 siquidem
313 1707 382 1772 gratis
401 1707 507 1758 concedit
526 1721 607 1771 usum,
622 1707 659 1757 vel
678 1711 772 1759 vocatur
785 1723 855 1757 usuc·

52 1782 169 1844 fruetus,
185 1781 209 1830 in
220 1780 288 1830 rebus
301 1793 351 1844 quae
361 1778 445 1842 aliquid
458 1779 602 1843 fructificant,
608 1777 645 1829 vel
652 1777 786 1842 simpliciter
800 1794 855 1828 mu-

53 1857 131 1902 tuom
149 1865 190 1903 seu
205 1852 440 1910 accommodatum,
456 1851 480 1900 iu
498 1851 567 1901 rebus
579 1865 629 1914 quae
647 1864 694 1901 non
712 1849 854 1914 fructificant,

52 1923 117 1974 sicut
133 1927 187 1974 snut
200 1923 300 1988 denarii,
315 1936 369 1974 vasa
382 1927 406 1974 ει
418 1921 564 1987 hujusmodi,
583 1922 603 1972 si
616 1921 670 1972 verb
686 1933 730 1971 nec
744 1923 794 1985 lpse
804 1934 858 1971 usus

51 1995 127 2058 gratis
140 1994 285 2058 conceditur,
297 1998 390 2046 vocatur
405 1995 496 2044 locutio
510 1997 533 2044 et
544 1993 683 2044 conductio.
697 1993 774 2044 lertio
790 1993 857 2043 modo

50 2065 138 2129 aliquis
154 2066 223 2116 tradit
235 2080 285 2116 revn
301 2079 364 2116 suam
376 2070 401 2117 ut
414 2067 604 2130 recuperandam,
619 2079 666 2117 non
682 2065 769 2116 ratione
787 2079 856 2126 usus,

50 2137 94 2186 sed
113 2136 153 2186 vel
163 2137 249 2188 ratiovre
265 2137 462 2200 conservationis,
474 2137 533 2188 sieut
548 2138 572 2186 in
583 2137 700 2202 deposito,
714 2137 752 2187 vel
770 2135 857 2187 ratione

50 2207 216 2273 obligationis,
231 2210 289 2260 sicut
307 2210 358 2260 cim
377 2210 430 2275 quis
445 2223 493 2260 rem
510 2222 573 2260 suam
594 2209 683 2276 pignori
703 2209 799 2274 obligat,
816 2222 857 2259 seu

48 2280 104 2331 edm
122 2281 207 2345 allqms
226 2283 326 2346 proelio
343 2283 458 2347 fidejubet.
474 2282 502 2332 ln
516 2282 623 2333 omnibus
639 2286 714 2337 autem
727 2281 858 2347 hujusmodl

48 2351 188 2402 actionibus
202 2353 251 2404 sive
262 2353 407 2416 voluntariis,
418 2354 467 2404 sive
479 2352 652 2414 involuntariis,
662 2357 698 2404 est
709 2354 788 2403 eadem
799 2351 856 2401 ratio

50 2423 187 2488 accipiendi
201 2423 313 2487 medium,
331 2425 452 2476 secundim
466 2425 618 2490 equalitatem
632 2422 856 2488 recompensationis.

48 2496 79 2544 Et
93 2495 151 2546 ideo
166 2507 245 2545 omnes
258 2495 307 2546 istae
329 2497 429 2546 actiones
441 2498 468 2547 ad
486 2510 555 2547 unam
568 2494 665 2560 speciem
674 2495 770 2560 justitia
788 2494 859 2558 perti-

47 2569 124 2627 nent,
140 2565 229 2616 scilioot
239 2567 266 2616 ad
280 2568 471 2618 commutativam.

81 2637 114 2687 lit
126 2649 170 2702 per
178 2638 222 2688 boc
233 2640 296 2702 patet
311 2640 427 2703 responsio
439 2641 466 2690 ad
476 2638 573 2703 objecta.
