1992 3317
170 137 175 144 '
249 146 281 198 br
295 158 431 202 rnunmrn
446 161 575 214 mennon!
590 155 627 202 sn.
792 147 837 204 aba

336 348 501 400 mulcatus
514 350 541 400 V.

201 470 287 516 Utrr'tm
293 473 425 530 mentia
433 475 466 520 eit
475 475 553 522 virtue
562 477 675 533 specialia

66 595 100 648 bd
112 596 219 660 quintum
233 596 267 648 sic
279 598 406 662 praeditur
417 599 463 667 (1).
476 600 569 651 Videtur
583 601 642 665 qubd
656 603 775 667 prudentia
792 616 839 655 non

32 667 64 716 sit
79 667 189 732 specialis
199 667 281 719 simus
289 670 357 721 Nulla
370 671 431 722 euim
440 671 544 736 specialis
556 672 627 722 virtus
638 672 728 736 ponitur
741 674 766 725 iu
777 688 839 725 oom-

31 737 99 788 muni
115 738 253 790 diffinitione
266 740 367 791 rimulis.
380 742 427 793 Sed
440 742 560 809 prudentia
574 743 666 806 ponitur
684 743 708 794 in
725 747 839 796 communi

30 807 171 862 diffinitione
180 809 279 874 uirtutis
292 811 345 876 quia
356 811 380 862 in
394 813 413 864 ll
425 813 507 864 Etbio.
519 813 631 864 diffluitur
642 813 714 864 virtus
724 832 737 862 ιι
746 815 838 868 babitus

29 881 144 932 eleotirus
157 882 181 931 in
198 881 353 934 mediocritate
365 884 482 949 existens,
492 885 644 936 'determinata
659 885 744 936 ratione
763 886 838 950 quoad
938 917 940 922 ,

28 968 84 1016 nos,
94 957 164 1018 prout
172 951 263 1018 sapiens
273 954 438 1006 determinabit.
448 974 462 1004 n
472 957 544 1007 lieeta
554 960 630 1007 autem
639 957 696 1006 ratio
704 957 838 1020 intelligitur

28 1024 160 1076 seeundum
176 1025 334 1090 prudentiam,
347 1031 372 1076 ut
386 1027 469 1078 dieitur
482 1025 507 1076 in
521 1029 551 1078 Vl
562 1029 646 1078 Etbr'c.
668 1027 722 1091 (ubi
738 1027 807 1092 supra
817 1029 836 1092 ).

27 1099 92 1159 Ergo
109 1095 233 1161 prudentia
247 1109 294 1148 non
307 1102 343 1148 est
357 1098 462 1162 specialis
471 1098 554 1150 rimus.

60 1173 87 1218 2.
101 1168 216 1219 Prmteree
226 1206 233 1231 ‚
245 1169 398 1234 Philosophus
407 1169 462 1220 dicit
473 1170 497 1220 in
507 1171 539 1220 VI
555 1171 649 1228 Editio,
663 1171 724 1235 qudd
740 1189 753 1220 (ι
762 1171 836 1224 virtus

25 1237 123 1290 moralis
135 1238 199 1290 reete
209 1238 263 1289 tacit
274 1241 363 1304 operari
373 1239 451 1306 dnem;
460 1240 580 1306 prudentia
593 1246 670 1292 autem
679 1253 706 1292 ea
721 1255 771 1306 que
782 1249 838 1295 sunt

26 1312 55 1359 ad
69 1310 150 1360 tinem.
161 1326 174 1356 o
186 1310 231 1360 Sed
240 1309 265 1360 in
275 1312 375 1375 qualibet
386 1312 469 1362 virtute
480 1313 616 1378 suntaliqua
625 1315 737 1378 operanda
747 1319 839 1379 propter

27 1382 111 1431 tinem.
135 1381 196 1444 Ergo
211 1382 331 1445 prudentia
343 1386 379 1434 est
399 1383 422 1433 in
440 1383 543 1448 qualibet
560 1386 657 1450 uirtute,
672 1399 717 1438 non
735 1380 774 1436 est'
784 1399 838 1450 ergo

26 1453 104 1502 virtus
116 1450 233 1517 specialis.

60 1529 86 1573 a.
103 1523 231 1587 Praeterea‚
251 1522 355 1590 specialis
366 1524 439 1576 virtus
456 1527 525 1576 babet
539 1528 638 1591 speciale
651 1527 777 1591 objectum.
795 1528 839 1580 Sed

26 1595 154 1660 prudentia
163 1609 211 1647 non
224 1597 292 1648 babet
301 1597 399 1666 speciale
414 1597 530 1662 objectum
539 1614 546 1662 3
556 1602 591 1648 est
603 1598 666 1648 enim
677 1615 690 1646 u
702 1601 764 1650 reeta
779 1599 838 1650 ratio

26 1666 164 1730 agibilium,
177 1683 191 1714 o
202 1671 229 1718 ut
241 1667 323 1718 dieitur
332 1668 355 1718 in
366 1667 395 1719 vt
406 1667 489 1719 Etbie.
504 1669 600 1736 tgr'bdia
609 1674 685 1719 autem
701 1673 754 1720 suut
763 1669 840 1720 omnia

26 1751 100 1804 opera
109 1738 230 1792 virtutum.
245 1739 304 1802 Ergo
319 1739 440 1804 prudentia
454 1751 502 1791 non
516 1743 551 1790 est
567 1739 672 1804 spetialis
685 1741 768 1790 uirtus.

59 1807 110 1860 Sed
123 1811 204 1860 eontra
212 1812 261 1872 eet,
275 1809 335 1874 qnbd
344 1810 498 1861 condividitnr
513 1813 536 1860 et
547 1814 721 1862 connumeratur
733 1811 784 1862 aliis
794 1810 840 1862 vir-

25 1881 137 1944 tutibus3
154 1876 238 1931 dieitur
256 1881 318 1932 enim
329 1883 404 1947 Sap„
416 1881 484 1931 llll:
503 1898 517 1930 ιι
536 1877 685 1934 sobrietatem
699 1885 723 1932 et
732 1883 838 1946 prudeu-

25 1954 84 2003 tiam
99 1951 182 2017 docet,
192 1951 306 2018 justitiam
320 1957 344 2004 et
355 1954 462 2004 virtutem
474 1949 518 2017 (a).
532 1969 546 2000 o
704 1965 708 1970 ’

59 2023 389 2088 (tommosam-Prudentia
409 2023 434 2074 in
451 2022 538 2075 ratione
563 2022 677 2086 existens,
693 2025 840 2078 materialiter

25 2097 124 2160 quidem
136 2093 284 2148 arirmttous
298 2094 491 2146 intellectualibus
502 2095 656 2158 distinguitur,
666 2095 719 2158 quia
732 2100 768 2146 est
777 2096 837 2148 cirea

25 2167 124 2230 agibilia
144 2166 316 2231 abolimentia,
331 2179 368 2217 ars
383 2167 443 2218 ebra
471 2165 595 2229 laodbilia,
615 2167 726 2229 sapientia
746 2165 800 2218 verb
816 2169 841 2218 et

25 2239 130 2289 seientia
142 2237 204 2289 eirea
217 2237 361 2303 neeessaria3
375 2237 389 2288 a
400 2237 524 2289 moralibus
536 2240 610 2288 numm
621 2237 743 2289 uirtutibus
753 2237 841 2291 lormali

24 2311 120 2361 ratione
131 2309 256 2376 prudentia
267 2307 441 2373 distinguitur.)

63 2472 97 2536 (l)
111 2477 146 2522 De
155 2472 275 2521 bisetium
287 2474 312 2520 in
323 2473 455 2534 III,Seret.',
466 2473 521 2519 diet.
532 2473 573 2534 38,
586 2485 625 2532 qu.
638 2470 662 2534 1,
672 2477 716 2520 art.
728 2473 751 2532 l,
765 2485 841 2532 qutee

24 2538 105 2585 tiuno.
115 2538 146 2593 ἲς
163 2542 187 2584 et
198 2549 238 2594 qu.
251 2536 276 2596 ἢ,
288 2541 333 2582 art.
343 2535 371 2598 1,
387 2535 525 2594 questione.
538 2535 566 2598 3,
581 2536 609 2582 ad
624 2537 648 2583 ι.

64 2608 97 2672 (ι)
111 2609 186 2656 Ideet
197 2607 572 2668 tortitudinem,1'uxtagreouna
587 2600 699 2676 ἀνδρίαν,
714 2607 780 2664 quari
793 2604 838 2654 ιιι-

22 2684 166 2735 raritatem
181 2681 243 2726 mont
261 2686 285 2725 et
301 2693 343 2738 pro
361 2680 515 2736 temperentia
528 2678 644 2724 eobo-detor
663 2677 757 2736 ponitur
766 2711 773 2737 ,
785 2689 839 2736 guo

22 2758 79 2790 non
89 2741 181 2791 tanturn
192 2755 236 2801 pro
244 2741 365 2789 moderata
376 2742 451 2789 rietus
460 2741 587 2800 paruitate,
598 2741 640 2787 sed
650 2741 776 2798 generatim
798 2752 841 2796 pro

22 2809 168 2865 passionum
182 2816 379 2864 germanorumque
393 2803 581 2862 eoncuptsoibilis
593 2803 667 2862 partis
679 2801 838 2850 moderatione

21 2870 175 2932 subintelligi
186 2867 267 2930 debet,
278 2879 308 2916 eo
323 2868 449 2940 οιφρωιγη
463 2867 600 2927 negebatur.
