1992 3317
349 177 379 220 nu
394 177 567 222 corrnurroas.
812 169 858 219 titt

85 263 111 308 2.
127 251 251 321 Preterei,
262 258 379 308 courteutio
387 272 438 308 cunr
450 259 547 309 clamore
557 258 654 321 quodam
667 259 763 310 est.Sed
771 259 857 309 ciamor

52 341 82 379 ex
95 328 132 379 ira
141 330 223 391 oritur,
232 332 257 378 ut
267 333 330 393 patet
338 343 379 394 per
388 331 529 393 Gregorium,
539 330 609 380 XXX}
618 329 710 379 Norat.
726 330 762 394 (ut
769 329 856 394 suprd).

52 403 114 466 Ergo
128 402 197 452 eiiam
213 402 330 453 eontentio
343 402 414 452 oritur
427 417 456 453 ex
471 402 514 452 ire.

85 479 109 524 3.
124 475 250 534 Praeteree,
269 473 329 524 inter
347 474 404 536 elia,
419 473 515 524 scientia
535 473 692 524 videturesse
711 472 803 523 materia
821 487 858 523 su-

52 543 140 609 perbie
158 547 181 594 et
196 543 270 594 inanis
291 545 380 608 moriae,
396 546 519 595 secundum
538 545 594 594 iliud
613 546 672 594 iud
693 546 764 604 Cor„
784 545 856 594 vili:

53 634 67 665 u
78 615 182 666 Suiontia
194 615 267 666 indat.
288 632 302 662 n
317 617 360 666 Sed
379 617 493 666 contentio
511 618 641 680 pierumque
657 617 763 680 prouenit
778 630 807 667 ex
818 617 858 667 de-

51 690 115 739 iectu
129 687 247 751 scientie,
257 701 299 752 per
317 701 384 753 quam
403 687 520 752 praecipue
537 689 621 739 veritas
634 688 796 752 cognoscitur,
811 702 857 740 nou

51 760 208 824 impugnatur.
224 761 284 824 Ergo
298 760 413 810 contentio
428 773 473 810 nou
486 764 521 810 est
538 760 583 809 iiiia
596 760 673 810 inanis
687 761 775 822 gloriae.

85 832 132 882 Sed
144 835 223 882 eontra
237 833 285 894 est,
300 831 421 882 auctoritas
435 831 546 895 Gregorii,
559 832 630 881 XXXi
645 831 736 881 dierat.

87 903 251 970 (Coresusro.
267 929 298 942 -
314 904 433 954 contentio
451 903 525 954 inanis
545 904 622 967 glorie
637 904 747 967 diisset,
762 905 858 956 sicutet

54 977 106 1041 ipsa
118 975 239 1026 discordia.
252 976 261 1039 )

86 1047 224 1109 Respondes
238 1046 370 1109 dicendum,
385 1045 443 1110 qndd
458 1051 483 1096 ut
496 1046 565 1110 sopri
577 1046 662 1096 dictum
678 1048 730 1108 est,
745 1047 857 1097 discordia

54 1121 90 1170 est
101 1117 148 1168 iilia
164 1117 240 1168 inanis
248 1117 339 1181 gloriar,
349 1131 377 1169 eo
390 1117 449 1182 qudd
459 1117 636 1168 discordantium
646 1121 741 1182 uterque
752 1117 776 1167 in
789 1131 858 1168 sensu

53 1189 149 1253 proprio
167 1192 225 1252 stat,
236 1193 260 1239 et
273 1203 331 1238 uuus
345 1190 408 1240 elteri
430 1203 474 1239 non
489 1189 629 1254 requiescit,
645 1189 761 1254 proprium
781 1192 857 1240 auteur

54 1260 169 1324 superbie
182 1263 217 1310 est
231 1263 255 1310 et
268 1258 344 1310 inanis
361 1259 437 1322 gioria
450 1261 565 1325 propriam
579 1261 737 1311 excedentium
750 1273 856 1325 querere.

52 1331 120 1381 Sicut
134 1335 209 1381 arutem
223 1331 376 1382 discordantes
388 1331 456 1396 aliqui
468 1335 522 1382 sunt
534 1345 563 1381 ex
575 1333 619 1383 hoc
631 1331 691 1395 qudd
708 1336 772 1382 stant
787 1331 858 1382 corde

53 1402 78 1452 in
88 1402 188 1466 propriis
198 1419 204 1464 ;
214 1401 245 1451 ita
255 1401 419 1452 contendentes
430 1405 483 1453 sunt
491 1402 562 1467 aiiqui
572 1417 600 1454 ex
611 1406 655 1454 troc
665 1403 725 1466 qudd
733 1402 857 1468 euomuis-

50 1487 100 1538 que
111 1475 182 1524 uerbo
196 1473 219 1523 id
237 1473 298 1536 quod
312 1472 356 1522 sibi
369 1472 468 1534 ridetur,
488 1475 599 1525 defendit.
616 1476 644 1524 nt
657 1474 709 1525 ideo
723 1475 803 1524 eadem
818 1487 856 1523 ra·

53 1546 117 1596 tione
131 1545 224 1609 ponitur
233 1543 351 1595 contentio
366 1544 410 1594 iiiia
423 1545 497 1595 inanis
511 1546 603 1608 gioriae,
617 1547 678 1595 sicut
693 1549 716 1595 et
730 1546 854 1596 discordia.

86 1619 121 1669 Ad
134 1619 232 1682 primum
249 1630 302 1680 ergo
314 1615 447 1682 dicendum,
462 1616 521 1681 quod
535 1618 651 1667 contentio
665 1617 725 1667 sicut
734 1620 758 1667 et
772 1618 858 1667 discor·

51 1693 90 1747 dia
103 1691 173 1746 habet
190 1689 324 1739 affinitatem
343 1703 396 1740 cnm
408 1689 494 1738 inuidia
503 1727 510 1752 ,
520 1692 629 1752 aprantum
642 1689 669 1738 ad
683 1701 797 1738 recessum
808 1687 859 1750 ejus

50 1768 65 1817 a
84 1778 131 1830 qno
147 1760 229 1826 aliquis
240 1761 362 1824 discordat,
375 1762 412 1811 rei
423 1774 476 1811 curn
492 1773 538 1824 quo
555 1759 680 1810 contendit.
692 1759 737 1808 Sed
748 1762 858 1821 quantuni

54 1836 117 1889 adid
131 1835 156 1886 in
169 1846 215 1898 quo
226 1832 286 1884 sistit
294 1833 332 1884 iiie
342 1833 381 1897 qui
392 1831 519 1894 contendit,
532 1831 601 1880 habet
612 1829 792 1880 convenientiam
806 1841 857 1877 cum

53 1905 162 1973 superbia
176 1913 200 1954 et
211 1904 274 1955 inani
291 1904 375 1968 gloria,
385 1903 410 1953 in
421 1907 530 1968 quantuor
545 1902 634 1952 seilicet
646 1901 669 1951 in
683 1900 774 1966 proprio
788 1912 859 1950 sensu

52 1981 144 2044 statur,
164 1980 189 2025 ut
205 1975 369 2040 supradictum
385 1978 428 2026 est.

88 2051 122 2102 Ad
137 2050 261 2100 secundum
273 2049 403 2111 dicendum,
419 2045 476 2112 qudd
491 2049 575 2098 clamor
588 2043 710 2097 assumitur
722 2044 746 2096 in
756 2048 856 2097 conten-

53 2124 130 2184 tione,
143 2121 171 2170 de
182 2133 226 2183 qua
240 2119 352 2184 loquimur
368 2121 395 2170 ad
407 2121 474 2170 tinem
489 2119 647 2184 impugnando
658 2115 761 2167 ueritatis
779 2134 785 2167 :
798 2118 858 2168 unde

54 2207 103 2244 non
117 2195 152 2242 est
166 2189 289 2254 principale
307 2191 331 2239 in
343 2190 498 2241 contentione.
517 2191 546 2240 iit
565 2190 616 2240 ideo
633 2200 679 2239 uon
697 2191 785 2253 oportet
798 2187 858 2252 qndd

53 2263 175 2315 eontentio
196 2275 225 2312 ex
241 2263 319 2312 eodem
338 2263 465 2324 derivetur,
478 2273 506 2312 ex
528 2275 573 2325 quio
591 2260 705 2311 derivatur
718 2261 810 2310 elamor.

89 2336 123 2385 Ad
136 2333 230 2384 tertium
244 2334 374 2398 dicendum,
393 2333 452 2397 qudd
466 2333 572 2398 superbia
585 2337 608 2383 ei
620 2333 696 2382 inanis
707 2331 777 2396 glorie
794 2343 860 2382 occa-

50 2407 147 2457 ‘sioncm
165 2409 258 2456 surmont
273 2404 387 2469 precipue
405 2404 498 2468 abonis,
516 2406 584 2454 etiam
599 2403 641 2454 sihi
656 2403 790 2467 contrariis,
803 2404 860 2468 pntd

54 2489 108 2527 cum
120 2479 149 2526 de
167 2476 295 2527 hnmilitate
309 2477 390 2540 aliquis
403 2477 513 2542 superbit.
524 2478 565 2527 [ist
579 2475 639 2526 enim
650 2475 784 2540 hujusmodi
799 2475 858 2526 deri·

54 2548 120 2598 ustio
134 2561 180 2598 non
189 2561 231 2612 per
244 2561 268 2599 se
275 2585 283 2611 ,
298 2549 337 2598 sed
354 2562 395 2612 per
408 2548 527 2613 accidens,
544 2548 667 2598 secundum
685 2561 753 2610 quem
767 2549 859 2597 modurn

53 2617 117 2668 nihii
126 2618 232 2681 prohibet
247 2619 383 2669 contrarium
400 2619 541 2670 econtrario
552 2618 614 2670 oriri.
629 2620 657 2668 nt
670 2618 720 2669 ideo
736 2618 793 2668 uitril
805 2629 859 2682 pro·

55 2689 122 2740 hinet
142 2701 236 2762 eaque
250 2703 278 2740 ex
292 2691 396 2755 superbia
418 2692 456 2742 rei
470 2691 533 2741 inani
554 2690 625 2754 gioria
639 2703 681 2754 per
695 2703 720 2739 so
733 2693 756 2739 et
775 2687 859 2740 directe

54 2760 170 2824 oriuntur,
180 2761 270 2811 causari
279 2773 308 2812 ex
317 2762 436 2814 contrariis
447 2775 541 2825 eorum,
552 2767 581 2811 ex
596 2762 679 2824 quinus
689 2759 860 2812 occasionaliter

54 2833 165 2900 superbia
178 2833 259 2884 oritur.
