1992 3317
356 137 388 176 lt!
403 137 568 176 sinuosus.
817 133 863 179 5³³

7 165 8 212 ἶ
62 215 221 282 pensationem
234 214 248 266 la
262 213 355 280 prelato
379 215 525 266 oommissem
537 216 586 281 (l),
611 218 687 280 potest
705 217 864 284 eleemosynas

62 289 134 339 tamne
146 289 175 338 de
190 287 257 338 rebus
271 286 414 349 monasterii,
429 289 555 337 seeundum
568 288 628 351 qnod
645 289 689 340 sibi
702 293 738 341 est
751 291 858 342 sommis·

7 389 8 410 t
63 374 120 412 snm.
135 359 161 411 Si
177 357 290 410 veronen
304 359 373 409 hahet
386 358 657 424 dispensationemque
671 361 734 412 nihil
747 362 863 426 proprium

7 415 9 476 l

7 515 8 568 l
55 559 59 572 .

62 433 139 495 habet,
148 434 207 482 tuno
217 434 344 494 nonpoteet
353 431 429 481 lasese
437 432 605 496 eleemosynam
611 432 661 482 eine
669 431 762 483 tinentia
770 433 859 486 aunam

61 504 97 554 uel
111 501 221 568 expresse
234 503 324 566 habita,
336 503 373 554 uel
385 502 529 567 probabiliter
545 506 690 568 preisunnpta,
705 503 750 554 nisi
762 505 821 557 torte
833 506 859 556 in

63 575 156 626 ertioulo
174 577 282 625 extremm
296 573 452 638 necessitatis,
465 576 489 626 in
510 589 555 639 quo
574 575 660 626 linitum
673 580 734 628 esset
747 578 770 627 ei
781 578 860 642 tareni,

63 650 87 696 ut
96 649 268 710 eleemosynam
282 646 353 696 daret.
364 645 411 697 Neo
425 649 516 712 propter
531 648 575 697 lroe
591 647 688 697 ellinitor
701 648 788 714 pejoris
805 663 861 701 eon·

62 718 168 781 ditionis;
184 718 238 781 qula
252 720 311 768 stunt
324 717 405 768 dieitur
424 718 449 767 in
468 719 525 768 libro
546 719 582 767 De
602 719 694 770 diocles.
715 721 831 784 dopmni.
852 738 858 771 :

63 807 77 838 o
89 791 177 840 Bonum
191 791 228 840 est
242 790 358 840 facultates
367 803 418 840 num
428 789 595 853 dispensatione
606 790 742 854 pauperibus
750 805 859 857 erogare,

61 863 98 913 sed
111 863 195 913 melius
214 865 261 924 est,
280 875 321 926 pro
340 862 466 914 intentione
488 862 598 925 sequendi
616 864 754 927 Dominum,
767 865 859 917 insimul

61 934 134 986 omnia
145 935 241 997 donare,
252 937 276 984 et
283 933 410 984 absolutum
422 933 574 984 sollieitudine
583 973 590 996 ‚
598 947 666 996 egere
674 949 726 985 enm
733 937 833 988 Christo.
846 957 857 984 s

89 1007 122 1057 ald
135 1006 263 1058 seeundum
276 1005 409 1066 dinendurn,
419 1005 478 1069 qudd
489 1006 511 1055 si
520 1020 578 1058 uxor
587 1007 657 1057 ualet
665 1007 720 1058 olias
733 1020 770 1058 res
778 1013 860 1072 preter

60 1079 146 1143 dotem,
162 1093 215 1144 ques
229 1077 345 1128 ordinetur
359 1079 386 1127 ed
405 1080 553 1129 sustentanda
567 1092 636 1130 onera
651 1079 805 1142 matrimonii,
821 1081 860 1131 vet

61 1164 87 1202 er
98 1151 189 1216 proprio
200 1152 277 1210 luero,
288 1150 326 1200 vel
339 1163 480 1213 quocumque
495 1149 540 1201 etio
550 1151 613 1202 linito
625 1151 705 1213 modo,
718 1154 795 1214 potest
807 1152 859 1202 dare

60 1223 217 1288 eleemosynas
229 1221 297 1272 etiam
314 1220 443 1284 irrequisito
455 1222 618 1284 assensurum,
633 1222 761 1273 moderates
771 1226 858 1285 manen,

59 1307 87 1344 ne
106 1309 134 1346 ex
147 1307 228 1344 eemm
239 1292 395 1356 superfluitate
408 1292 443 1342 vir
456 1294 630 1358 depauperetur.
646 1293 707 1344 Alias
721 1296 796 1345 eutem
810 1305 858 1344 non

61 1366 123 1416 debet
136 1367 190 1416 dere
204 1365 362 1430 eleemosynas
374 1363 423 1414 sine
440 1377 553 1416 mnsensu
568 1366 627 1426 viri,
645 1365 683 1416 rel
697 1378 806 1430 expresso
820 1366 858 1417 vel

60 1442 213 1503 presumpte,
227 1437 272 1487 nisi
291 1437 315 1486 in
335 1436 428 1487 ertioulo
443 1436 600 1499 necessitatis,
618 1437 679 1486 sieut
698 1437 725 1487 de
746 1439 858 1488 monacho

61 1509 141 1559 dietum
155 1513 200 1560 est.
215 1508 323 1568 Quamvis
336 1508 396 1558 enirn
410 1507 490 1558 mulier
502 1508 535 1557 sit
545 1507 638 1570 equalis
652 1508 701 1557 viro
714 1508 737 1557 in
749 1513 801 1558 eetn
812 1522 859 1560 nse·

60 1580 165 1646 trimonii,
183 1585 263 1632 temen
272 1579 296 1628 in
309 1579 345 1629 his
356 1591 406 1642 que
421 1579 449 1628 ed
464 1577 634 1642 dispositionem
643 1580 723 1629 domus
732 1579 856 1643 pertinent,

62 1652 117 1702 uum
126 1657 195 1716 eaput
203 1654 241 1702 est
248 1651 358 1712 mulieris,
367 1667 380 1698 n
390 1650 516 1701 seeundum
524 1650 676 1715 Apostolnml
688 1650 724 1699 od
738 1651 807 1710 Gor„
816 1652 857 1701 xl.

60 1724 123 1774 Beate
143 1728 221 1775 eutem
232 1723 301 1792 Lucia
310 1735 418 1786 sponsum
428 1722 536 1784 habebat,
550 1735 596 1771 non
605 1720 679 1770 nisum
692 1720 727 1785 (2)
740 1723 817 1772 :unde
830 1722 858 1772 de

61 1807 169 1848 consensu
181 1793 262 1845 matris
277 1797 364 1857 poterat
380 1793 548 1857 eleemosynam
561 1792 645 1842 fecere.

90 1868 123 1918 td
133 1866 229 1918 tertium
240 1865 376 1926 dicendum,
387 1863 446 1926 quod
461 1877 488 1914 ea
502 1877 552 1926 que
563 1866 617 1912 sunt
630 1861 669 1911 filli
682 1861 789 1928 familias,
805 1868 859 1914 sunt

61 1939 138 2002 petris;
154 1943 178 1990 et
191 1939 243 1988 iden
256 1949 302 1988 non
316 1937 391 2000 potest
401 1936 569 1999 eleemosynam
583 1935 671 1997 tenere,
687 1933 730 1984 nisi
742 1933 802 1985 sorte
815 1934 857 1985 ali-

63 2023 126 2072 quam
140 2009 263 2069 medicem,
278 2009 305 2058 de
317 2021 362 2072 que
376 2009 450 2070 potest
463 2019 599 2070 presumere
608 2005 668 2069 quod
681 2005 740 2070 patri
750 2007 856 2069 placeat:

62 2079 105 2130 nisi
113 2081 170 2134 torte
184 2081 281 2145 alicujus
294 2079 328 2130 rei
344 2082 404 2129 esset
415 2077 458 2128 sibi
469 2079 481 2128 t
491 2082 553 2143 petre
564 2078 705 2142 dispensatio
719 2077 850 2128 commissa.

63 2152 90 2202 m
105 2152 163 2204 idem
178 2153 299 2204 dicendum
315 2155 349 2202 est
362 2152 390 2202 de
405 2150 486 2200 servis.

92 2225 154 2276 Unde
166 2227 231 2290 petet
243 2222 325 2274 solutio
339 2223 368 2285 ud
380 2227 493 2288 quartum.

95 2375 124 2440 (1)
139 2379 165 2424 1d
176 2384 213 2426 est
226 2379 378 2424 moouomiem
392 2378 440 2423 sive
450 2388 530 2422 eonem
546 2375 719 2423 administrandi
730 2376 795 2422 bone
806 2387 859 2434 quoe

64 2442 92 2486 nd
102 2442 266 2488 monesterium
281 2445 396 2498 spectent.

94 2507 124 2573 (t)
135 2515 207 2558 Immo
218 2519 241 2558 et
250 2525 360 2570 sponsum
369 2513 406 2557 eui
415 2515 495 2557 eontre
507 2511 773 2568 proprlemroluntatem
784 2509 866 2556 lueret

63 2572 215 2636 desponsata,
236 2576 288 2622 edm
308 2576 431 2632 depasente
445 2574 611 2621 instantissime.
629 2579 725 2620 matrem
744 2578 807 2620 esset
835 2585 865 2618 ne

64 2639 190 2686 nominaret
199 2639 243 2685 sibi
255 2649 375 2700 sponsum.
