1992 3317
149 71 195 127 tto
274 84 385 125 sacerna
400 80 531 148 securlus,
548 75 642 126 onear.
659 79 714 130 aur,
731 77 786 118 aar.
806 77 826 118 t.

147 162 194 226 ipsi
205 161 330 227 prudentie
345 173 391 209 non
407 157 520 209 temeritas
538 156 576 207 rel
592 155 758 220 imprudentia,
773 157 818 208 sed
836 155 942 206 mutan

146 232 223 284 Primo
237 244 289 290 ergo
301 219 536 279 considerandum'est
547 227 575 276 de
591 225 713 290 dtiisqua
725 226 853 278 manifeste
868 231 945 278 contu·
984 201 985 242 ¹

148 303 251 353 rientem
260 299 344 350 habeut
357 300 386 350 ad
398 299 555 363 prudentiam,
569 310 619 362 que
638 295 727 349 scilieet
746 298 802 348 uitia
816 297 946 362 proueniunt
984 351 985 356 ἵ

150 387 179 425 er
190 373 278 422 delectu
288 371 425 433 pmdenllle‚
435 369 473 420 rel
486 381 622 432 eorumque
636 369 664 420 ad
677 369 825 432 prudentiam
836 369 950 434 requiran-

149 448 195 494 tur.
219 440 322 493 &eundo
346 441 374 492 de
391 440 456 491 viliis
472 455 523 506 quaa
540 440 625 492 habeut
640 441 762 504 quamdam
778 441 950 492 similitudinem

149 513 229 567 lalsam
239 525 290 563 orm
302 512 438 575 prudentia,
447 527 497 578 que
507 511 593 564 scilicet
605 513 739 574 contingunt
750 525 791 576 per
804 513 908 563 abusum
921 522 951 560 eo·

146 597 198 635 rum
214 596 264 647 quas
274 583 303 634 ad
317 582 462 647 prudentiam
472 583 627 646 requiruntur.
642 583 700 642 Quia
709 583 765 634 uerd
781 581 918 634 sollicitudo
930 581 951 629 al
984 633 985 640 χ

146 655 290 721 prudentiam
303 656 418 720 pertinet,
430 656 491 707 circa
507 654 606 720 primum
626 654 793 708 consideranda
812 659 874 706 suut
890 655 951 703 duo:
984 651 985 680 l

146 727 326 792 primoquidem
339 729 367 778 de
382 728 549 795 impmdeutia;
564 725 681 790 secundo,
695 727 724 778 de
740 725 888 792 negligentia
907 735 952 788 pue

148 797 297 849 sollicitudini
309 801 440 864 opponitur.

180 870 244 921 Circa
262 871 359 935 primum
375 875 507 936 queruntur
525 884 582 922 sex:
599 873 626 920 1⁰
641 871 672 922 lle
687 869 861 932 imprudentia,
881 867 953 919 utmrr

150 943 181 992 sit
192 948 320 1007 peccatum.
334 947 362 992 2⁰
372 942 451 993 lltrdm
466 942 495 994 sit
505 941 603 1006 speciale
617 944 747 1005 peccatum.
763 945 790 988 3⁰
801 943 834 994 lle
848 939 951 1004 praecipi-

150 1017 236 1066 tulione
251 1015 299 1066 siue
317 1015 453 1066 temeritate.
469 1018 495 1063 l⁰
509 1015 540 1064 lle
552 1011 771 1064 inconsideratione.
784 1017 811 1062 5⁰
825 1011 858 1064 lle
871 1009 953 1062 incon-

150 1087 241 1138 stantia.
258 1094 284 1135 60
297 1086 328 1137 lle
341 1087 428 1152 origine
438 1087 519 1137 luorum
530 1083 646 1136 viliorum.

451 1263 612 1316 ARTIGULUS
627 1261 646 1314 Ι.

329 1389 415 1434 vorem
424 1388 588 1446 imprudentia
603 1388 636 1432 ait
645 1389 778 1445 peccatum.

148 1517 151 1524 '
185 1514 218 1565 ad
231 1514 329 1578 primum
345 1513 380 1564 sic
396 1513 531 1578 proceditur.
548 1511 641 1564 llidelnr
657 1511 718 1576 quod
737 1513 898 1578 imprudentia
912 1523 953 1562 non

154 1587 184 1639 sil
195 1590 323 1652 peccatum.
338 1587 410 1638 Omne
426 1584 488 1635 enim
508 1587 625 1650 peccalum
638 1589 675 1635 est
688 1585 859 1652 voluntarium,
876 1591 902 1638 at
914 1591 953 1635 au

154 1659 258 1722 gmdnns
270 1658 333 1709 dicit.
341 1656 495 1721 Imprudentia
505 1659 581 1706 autem
590 1669 636 1706 non
645 1660 681 1706 esi
695 1655 782 1720 aliquid
792 1659 953 1714 voluntarium,

154 1731 231 1782 nullus
246 1730 307 1782 enim
326 1727 377 1779 vult
388 1741 438 1778 esse
462 1728 602 1792 imprudens,
617 1727 676 1792 Ergo
690 1727 847 1793 imprudentia
861 1743 909 1782 non
925 1730 954 1777 est

154 1805 281 1865 peccatum.

186 1875 210 1922 a.
229 1869 453 1932 Praetereundum
466 1871 585 1933 peceatum
601 1866 701 1919 nascitur
721 1882 774 1918 cum
791 1869 904 1933 homiueg
916 1865 956 1918 uisi

155 1941 275 2005 originale.
289 1943 332 1992 Sed
347 1939 501 2006 imprudentia
511 1939 610 1990 nascitur
621 1953 672 1990 cum
690 1939 799 2004 domne,
814 1942 877 1992 unde
892 1945 915 1991 et
923 1939 953 2002 ju·

154 2025 226 2062 renes
244 2012 399 2076 imprudentes
417 2015 486 2075 suul3
508 2023 551 2061 nec
572 2014 606 2060 est
624 2008 732 2074 originale
754 2017 877 2074 peccatum
900 2010 952 2074 quel

154 2081 277 2145 opponitur
288 2082 394 2146 originali
409 2082 514 2147 justitie.
532 2083 591 2145 Ergo
611 2080 765 2145 imprudentia
785 2095 832 2134 nou
852 2087 889 2134 cst
902 2096 951 2147 pec·

155 2156 240 2204 calum.

187 2229 210 2274 a.
224 2226 351 2288 Praeterea,
366 2238 432 2276 omne
446 2227 565 2289 peecatum
579 2237 620 2289 per
630 2223 787 2289 paenitentiam
799 2225 893 2280 tollitur.
910 2225 949 2276 Sed

154 2295 307 2360 imprudentia
321 2309 367 2346 non
379 2295 467 2346 tollitur
481 2309 523 2359 per
534 2296 701 2364 poenitentiam.
719 2297 779 2360 Ergo
798 2297 948 2362 imprudentia

153 2366 200 2418 'tion
215 2370 386 2431 eslpeocatum.

185 2438 229 2490 Sed
238 2442 317 2489 contra
327 2452 333 2487 ι
344 2435 469 2502 spiritualis
478 2438 600 2488 thesaurus
608 2439 687 2502 gratiae
698 2452 745 2491 non
756 2439 844 2490 tollitur
859 2440 902 2490 nisi
911 2453 950 2504 per

153 2512 278 2580 peccatum
294 2509 388 2561 l'ollitnr
403 2513 480 2560 autem
493 2522 535 2573 per
549 2509 737 2574 imprudentiam,
752 2510 879 2572 secundem
898 2512 947 2562 illul

153 2579 281 2639 Proceri„
297 2582 349 2632 lllll
367 2597 373 2630 :
390 2581 546 2632 «ducemus
558 2580 727 2644 desiderabilis,
743 2585 766 2634 el
780 2583 855 2634 oleum
869 2583 893 2634 iu
909 2585 944 2632 ha·

153 2648 252 2705 dilaculo
263 2653 334 2717 justi,
344 2656 367 2704 et
375 2653 444 2704 homo
453 2651 585 2716 imprudens
600 2651 720 2718 dissipabit
731 2654 796 2706 illud.
812 2671 827 2703 u
841 2655 898 2720 Ergo
908 2655 946 2705 im·

153 2725 274 2786 pmdentia
284 2728 321 2773 est
332 2727 459 2788 peccatum.

186 2796 347 2877 (Icorocusro.
357 2821 389 2866 ·,·
403 2792 574 2863 imprudentia,
589 2793 715 2864 privative,
727 2801 847 2864 peccatum
862 2803 896 2852 est
912 2812 945 2874 se3
