1992 3317
96 151 141 199 tto
209 158 317 200 sscuuul
332 160 459 213 sucorum,
472 160 567 207 ouasu.
584 160 655 211 xxm,
667 159 723 199 aur.
739 162 775 199 ru.

94 240 181 299 ileum,
191 241 227 287 ost
239 239 308 303 prior,
319 241 343 289 ot
355 250 423 289 causa
433 238 586 289 similitudinis
598 250 668 303 quam
680 238 793 288 babemus
804 238 833 287 ad
843 252 908 303 pro-

95 308 189 359 ximum.
200 310 236 359 Er
243 312 286 361 boc
295 310 355 361 onim
364 310 425 375 qudd
434 310 595 375 participamus
607 308 621 359 i
631 310 690 374 ilco,
700 308 724 359 id
736 310 796 372 quod
806 309 836 359 ab
848 310 908 375 ipso

96 378 164 431 stiam
171 380 288 444 proximus
295 382 467 444 habot,similes
475 382 579 445 proximo
586 380 705 431 efficimur.
712 381 743 430 lit
751 379 804 432 ideo
811 381 909 433 rationo

96 450 251 501 similitudinis
267 452 340 515 magis
355 453 462 503 debemus
478 454 549 503 ileum
566 451 634 517 quim
647 451 776 516 proximum
790 451 903 516 diligero.

128 522 163 571 dd
179 523 272 573 tertium
291 524 424 587 muudum,
445 524 507 587 quod
524 525 585 575 licus
603 524 728 574 secundum
748 523 909 573 substantiam

97 604 161 642 suam
174 592 329 645 consideratus
344 595 369 644 iu
385 608 528 659 quocumque
548 596 594 659 sit,
610 594 702 659 aequalis
714 597 766 658 cst3
787 594 909 658 quianon

98 662 207 713 minuitur
219 666 312 727 porboo
325 666 386 729 quod
396 669 431 716 est
440 666 465 717 iu
479 667 565 730 aliquo.
580 666 625 717 Sed
635 670 714 716 tamon
723 677 770 715 uon
781 666 909 729 aequalitor

98 735 166 784 habet
176 736 291 797 proximus
303 735 427 787 bonitatum
445 738 500 801 liei,
516 738 576 788 sicut
587 739 657 788 babet
669 736 745 801 ipsam
757 738 830 801 lleus3
847 750 907 789 nam

97 806 162 859 Deus
171 805 240 857 babet
250 807 323 872 ipsam
338 808 498 871 essentialiter,
508 810 627 874 proximus
640 811 716 859 autom
729 808 906 873 participatiud.

390 979 553 1031 marculus
569 979 609 1029 111.

104 1096 190 1143 virium
204 1098 272 1142 bomo
285 1096 367 1141 debeat
376 1108 406 1141 oc
415 1096 533 1168 charitate
548 1096 603 1152 plats
615 1096 694 1141 Deum
708 1094 820 1152 diligere,
830 1110 909 1154 guam

442 1170 554 1213 seipsum.

131 1278 164 1327 ld
178 1276 270 1327 tertium
286 1276 319 1325 sic
332 1275 459 1341 proceditur
474 1278 519 1341 (l).
536 1277 628 1327 Videtur
641 1276 702 1339 qubd
719 1278 788 1327 homo
802 1290 848 1328 uou
862 1278 906 1328 do·

99 1348 152 1399 bsai
173 1360 202 1396 ox
217 1346 325 1397 charitato
345 1348 396 1411 plus
414 1348 487 1398 Deum
505 1347 613 1412 diligere,
630 1346 698 1411 mum
714 1347 824 1411 scipsum.
845 1348 907 1400 llicit

99 1418 160 1469 euim
176 1418 326 1484 Philosophus
343 1418 368 1469 iu
381 1420 420 1471 Ili.
433 1420 526 1479 litiis,
539 1419 600 1485 qubd
611 1436 626 1467 u
641 1419 768 1469 amicabilia
781 1433 833 1483 qua
847 1426 905 1472 suut

100 1490 127 1540 ad
142 1492 235 1543 altouum
241 1528 250 1555 ,
263 1491 359 1541 veniunt
372 1506 402 1542 ex
416 1491 570 1545 amicabilibus
590 1505 641 1556 quae
656 1495 708 1541 suut
721 1492 749 1541 ad
761 1491 871 1554 seipsum.
886 1510 903 1541 s

100 1560 144 1613 Sed
157 1576 225 1613 causa
239 1564 273 1614 est
287 1562 361 1627 potior
373 1563 463 1614 ellectu.
480 1564 541 1627 Ergo
555 1564 628 1628 major
640 1567 677 1613 cst
689 1560 786 1613 amicitia
799 1562 904 1616 bominis

102 1638 129 1689 ad
144 1635 257 1701 scipsum,
272 1636 379 1699 quomod
393 1647 558 1701 quemcumque
570 1636 640 1687 ulium
655 1650 661 1683 :
680 1645 734 1698 orgo
748 1632 821 1697 magis
834 1634 905 1688 (lohet

103 1706 196 1771 diligere
210 1720 234 1759 se
248 1720 315 1771 quam
326 1708 405 1757 Deum.

135 1780 285 1843 aristeus,
291 1778 467 1843 unumquodque
477 1778 578 1843 diligitur
588 1778 613 1828 iu
622 1781 734 1841 quantum
743 1780 779 1827 ost
787 1777 903 1841 proprium

104 1852 195 1903 bonum.
207 1852 251 1901 Sed
263 1851 285 1900 id
297 1851 355 1913 quod
366 1853 402 1900 est
413 1849 469 1900 rutiu
479 1850 598 1913 diligendi,
609 1848 681 1913 magis
692 1847 794 1909 diligitur
803 1860 871 1911 quam
879 1848 903 1901 id

103 1919 163 1985 quod
174 1924 266 1985 propter
277 1922 337 1971 hanc
349 1920 459 1971 rationum
474 1919 584 1985 diligitur;
594 1920 653 1971 sicut
665 1918 778 1983 principia
787 1932 838 1982 qua
851 1924 905 1971 suut

103 1992 160 2041 ratio
177 1990 339 2055 cognoscendi,
349 1992 422 2055 magis
433 1994 599 2055 cognoscuntur
613 1988 656 2054 (a).
671 1990 730 2053 Ergo
751 1991 819 2040 homo
828 1986 905 2054 diligit

103 2060 175 2126 magis
185 2060 298 2125 seipsum,
311 2062 378 2125 quim
390 2063 548 2127 quodcumque
559 2062 620 2113 aliud
632 2062 718 2112 bonum
726 2059 845 2112 dilectum.
853 2062 903 2115 lton

103 2129 156 2197 orgo
170 2132 243 2195 magis
257 2131 329 2197 diligit
342 2133 413 2183 ileum
429 2148 498 2198 quam
513 2134 624 2199 scipsum.

136 2208 158 2253 3.
173 2204 298 2265 stateres,
313 2207 423 2267 quantum
442 2205 525 2269 aliquis
538 2206 614 2270 diligit
625 2206 716 2267 licum,
727 2206 816 2254 tautum
831 2204 903 2268 diligit

103 2276 148 2325 irui
163 2288 199 2326 eo.
214 2275 257 2325 Sed
273 2277 382 2339 quiantum
397 2276 478 2340 abquis
494 2275 568 2341 diligit
585 2277 629 2328 lmi
649 2278 709 2339 lico,
723 2277 810 2325 tantum
829 2274 902 2340 diligit

104 2348 221 2411 seipsum
236 2347 288 2411 quia
302 2349 345 2399 boc
358 2352 394 2400 est
407 2363 521 2400 summum
530 2351 614 2402 bouum
627 2350 688 2415 quod
697 2348 781 2414 aliquis
792 2348 835 2400 sibi
845 2349 901 2403 rollo

103 2422 187 2487 potest.
206 2420 264 2483 Ergo
283 2420 352 2472 humo
373 2434 419 2471 uou
436 2420 488 2485 plus
505 2422 572 2473 debet
590 2436 620 2473 ox
639 2420 749 2474 charitato
769 2422 842 2473 ileum
856 2422 903 2474 dili-

103 2502 168 2556 gore‚
185 2503 253 2556 quam
268 2490 376 2555 seipsum.

138 2614 172 2680 (1)
187 2622 218 2665 De
229 2620 266 2665 bis
284 2620 354 2666 otiam
373 2622 447 2681 iniri,
466 2634 507 2678 qu.
522 2620 568 2680 st,
581 2628 625 2667 art.
644 2620 673 2675 83
688 2627 716 2668 ut
726 2626 751 2668 ot
763 2623 798 2668 111
809 2655 816 2679 ,
827 2622 902 2675 Seni„

105 2680 212 2791 ἐξῇρε),
226 2688 269 2729 art.
280 2683 309 2743 33
325 2688 349 2729 et
364 2696 403 2741 qu.
416 2684 488 2745 2,ds
501 2685 591 2745 virtut,
607 2691 651 2731 art.
661 2684 689 2744 t,
701 2684 730 2731 ud
742 2683 771 2743 ἢ,
786 2691 810 2731 ot
824 2691 865 2733 art
878 2686 901 2747 9,

141 2813 171 2877 (b)
188 2818 223 2863 lix
236 2818 277 2864 lib.
288 2820 308 2864 Ι.
320 2820 465 2869 Posterior„
477 2823 535 2865 sext.
545 2818 570 2876 5,
584 2832 626 2865 sou
635 2832 689 2877 cap.
699 2820 725 2877 2,
739 2818 819 2866 vorsis
828 2820 899 2877 duom

108 2890 152 2930 uuo
162 2880 236 2941 prima
248 2880 336 2941 tautum
343 2915 353 2945 ,¹
362 2882 404 2933 uod
416 2882 528 2943 quoties
538 2883 694 2947 commumoni!
704 2883 829 2954 primitias
