1992 3317
126 75 172 122 stt
237 85 345 130 sucum
360 85 487 132 sueonum,
504 84 599 128 ounsr.
612 85 678 132 urm,
695 85 753 121 rur.
768 85 804 122 nr.

125 161 195 220 tutis,
213 163 239 210 et
251 165 278 210 ut
289 159 348 210 vitet
360 163 484 222 peocntum.
499 159 543 209 Sed
554 158 617 222 oudd
629 157 919 224 dmusutnindiutcrrt

125 235 222 280 mortem
235 234 262 280 nt
273 231 329 280 ritet
341 230 399 280 mein
411 231 514 293 *nonam
519 266 530 292 ,
542 231 612 280 uano
628 231 723 293 quidem
734 231 858 294 quurdu
868 241 918 291 me-

124 301 183 352 ciem
194 301 345 362 sonituum,
359 305 452 364 propter
469 302 531 365 qnod
543 300 635 364 quiden
644 301 737 364 seipsos
749 301 917 358 interfecerunt,

125 371 264 424 munaum
279 385 304 422 eo
319 371 408 422 fortiter
416 385 496 435 agere,
511 373 644 435 deonorum
656 385 753 422 numero
764 373 851 422 Rarius
863 369 919 430 iuit;

124 455 171 492 non
190 447 268 493 temen
287 445 323 492 eet
334 454 388 492 uere
406 442 531 504 tortitudo,
545 443 586 493 eod
607 442 682 506 magis
693 443 802 506 quedem
817 441 921 492 mollities

124 513 195 564 enimi
207 513 358 564 convalentis
372 513 431 564 mele
443 512 800 577 omuniinmtinero,ntndtet
812 525 856 577 nor
868 511 920 560 Piri·

123 583 240 648 loeopdum
254 583 279 632 in
289 583 319 634 111
335 585 420 636 Ettic.
433 586 503 648 (cen.
514 587 545 634 tn
557 585 596 636 rei
609 583 656 648 tt)
665 621 672 645 ,
681 589 757 648 etone
771 583 923 649 nugusdmu

124 653 167 704 inl
180 654 218 704 De
232 653 312 704 civit.
325 655 374 706 Dei
384 655 446 720 (can.
457 656 508 720 m).

415 833 579 886 numenius
593 835 633 882 vt.

180 957 267 1003 Utrum
281 958 352 1003 licent
365 959 393 1002 tn
405 958 486 1015 atio-eo
495 970 554 1002 eoru
566 958 699 1014 interficere
712 958 873 1002 innocentem

156 1083 189 1134 td
198 1087 286 1134 neutum
299 1084 334 1134 nic
343 1083 480 1148 proceditur.
490 1083 586 1134 Videtur
595 1082 656 1146 quod
663 1082 731 1132 liceat
743 1082 770 1132 iu
778 1082 857 1146 aliquo
869 1094 920 1132 casu

122 1153 249 1206 interficere
262 1155 420 1206 innocentem.
432 1155 527 1204 bivinus
539 1155 601 1205 enim
617 1154 685 1204 timor
700 1167 750 1204 uon
763 1153 919 1204 manifestatur

123 1237 164 1288 per
179 1229 312 1289 peccatum,
323 1227 431 1290 quonum
444 1225 517 1289 magis
528 1241 544 1273 e
552 1225 621 1276 timor
632 1224 724 1275 domini
733 1225 830 1289 expetiit
840 1237 918 1288 pencr-

122 1299 185 1354 tum,
198 1310 213 1342 o
227 1299 253 1346 nt
269 1297 352 1348 dieitur
367 1297 472 1352 diocles„
484 1296 505 1346 1.
518 1297 563 1348 Sod
576 1297 689 1346 brenam
702 1296 878 1350 commendatus
888 1297 919 1345 cot

124 1357 266 1430 mddtimnit
273 1368 402 1425 Dominum,
410 1369 464 1432 qnia
476 1367 551 1419 uoluit
558 1367 685 1418 interdicere
693 1366 767 1418 titium
777 1382 846 1418 suum
858 1370 921 1418 inuo-

125 1441 223 1488 centem.
230 1439 289 1502 Ergo
295 1443 370 1506 potest
379 1439 459 1504 diorum
467 1440 612 1490 innocentem
623 1439 753 1491 interficere
761 1439 919 1504 sinopeocnto.

154 1513 178 1560 t.
192 1508 316 1574 Preteren,
328 1511 353 1560 iu
368 1523 452 1574 genere
468 1515 614 1575 pennatorum
629 1524 681 1574 qun
695 1513 777 1560 contra
789 1510 916 1574 proximum

122 1578 306 1645 committuntur,
320 1581 383 1632 tento
403 1581 478 1644 majus
493 1582 582 1633 videtur
603 1581 693 1644 adquod
709 1594 762 1632 esec
780 1584 910 1644 peccatum.

122 1655 208 1716 quanto
221 1653 295 1718 majus
308 1656 468 1704 nocumentum
480 1651 577 1702 inicrtur
588 1653 610 1702 ei
622 1653 648 1702 in
660 1666 730 1715 quem
741 1656 861 1716 peccatur.
876 1652 917 1702 Sed

123 1724 208 1778 occisio
226 1725 279 1790 pius
292 1727 361 1774 nocet
373 1722 486 1786 peccatori
501 1722 571 1787 quim
586 1723 720 1783 innocenti,
731 1724 774 1787 qui
787 1725 817 1774 de
830 1721 918 1773 miseria

121 1794 190 1856 hujm
198 1797 252 1848 vite
262 1796 290 1845 nd
300 1795 416 1848 coelestem
426 1794 521 1858 gloriam
533 1793 617 1846 nonsit
627 1806 668 1856 per
678 1797 787 1844 mortem.
801 1794 860 1845 Cdm
867 1807 918 1856 ergo

122 1863 191 1916 liccat
203 1865 228 1916 in
238 1866 314 1930 aliquo
326 1879 380 1916 casn
396 1868 539 1928 peccatorem
555 1864 672 1926 oceidere‚
691 1864 765 1916 multo
780 1865 856 1928 magis
866 1865 918 1914 ticet

121 1935 224 1988 occidere
238 1937 383 1988 innocentem
397 1935 434 1986 vei
444 1936 543 2000 justum.

154 2011 177 2058 e.
192 2009 314 2070 Promona,
329 2008 385 2060 illud
399 2007 459 2070 quod
472 2005 498 2056 iit
512 2005 637 2056 secrmddm
651 2007 752 2057 ordinem
759 2006 865 2070 justitio,
875 2019 917 2056 non

123 2081 158 2128 eet
168 2081 294 2140 peccatum.
305 2079 350 2129 Sed
357 2079 492 2142 quandoque
499 2077 587 2141 cogitm
595 2076 677 2140 adonis
685 2076 811 2128 secuuddm
819 2078 919 2128 ordinem

119 2146 214 2210 justitie
229 2149 329 2198 occidere
348 2149 508 2208 innocentem,
522 2147 577 2211 nuti
590 2146 641 2196 edm
653 2147 726 2211 judex
741 2145 784 2210 qui
798 2149 867 2199 debet
881 2160 916 2196 se·

122 2216 220 2268 cundum
227 2218 323 2282 alienate
332 2219 444 2284 judicare,
452 2218 623 2270 condemnetad
631 2220 726 2269 mortem
734 2229 789 2267 euru
797 2231 868 2282 quem
877 2217 918 2266 scit

122 2289 278 2354 innocentem,
294 2303 335 2354 per
346 2291 417 2342 inlnos
429 2295 500 2342 testes
507 2291 654 2352 convictum
668 2291 691 2338 et
699 2287 806 2341 similiter
817 2288 918 2338 minister

122 2359 162 2422 qni
172 2358 258 2424 injuste
269 2362 443 2412 condemnatum
457 2360 548 2420 occidit,
555 2359 665 2410 obediens
676 2358 756 2423 iudici.
765 2359 826 2422 Ergo
834 2361 917 2422 absquo

122 2435 214 2494 peccato
226 2435 302 2495 potest
310 2431 393 2496 aliquis
406 2431 511 2483 occidere.
518 2430 672 2481 innocentem.

154 2501 200 2552 sed
210 2505 288 2554 contre
298 2507 346 2564 est,
360 2503 421 2566 quod
434 2502 516 2554 dicitur
529 2501 625 2560 Ecod„
639 2502 710 2552 xxti!
720 2517 725 2550 :
737 2508 752 2549 ·«
763 2503 882 2553 insontem
894 2503 915 2550 et

122 2573 208 2635 justum
221 2587 268 2626 non
283 2575 380 2626 occides.
392 2591 407 2622 n
544 2569 551 2584 ⁹

156 2644 319 2708 (Conouusro.
332 2672 363 2682 -
374 2647 450 2696 iustos
463 2647 487 2694 ct
502 2643 651 2705 innocentes,
666 2644 718 2695 cdm
730 2657 809 2695 eorum
819 2644 864 2692 rite
876 2643 914 2692 ho·

122 2725 177 2831 gum
190 2727 309 2846 iciomtmtune
323 2719 441 2767 conservet
457 2717 527 2778 etque
541 2721 688 2779 promovent,
702 2716 765 2766 nulio
779 2719 846 2778 pacto
859 2713 915 2764 occi·

137 2794 175 2830 ere
207 2798 232 2833 oe
246 2822 252 2834 .

854 2931 868 2968 δ
