1992 3317
369 105 400 148 DE
416 104 556 144 SCHlfflffl·
818 95 864 142 603

95 182 129 232 Ad
141 182 264 238 secundom
278 181 410 241 dicendum,
421 180 481 244 qudd
495 180 555 230 sicut
566 180 652 230 honum
666 179 815 231 multitudinis
828 186 864 233 εει
919 215 923 222 -

62 253 138 316 majus
149 252 217 316 quim
227 253 309 302 honum
321 253 388 302 unius
397 251 436 316 qui
448 255 483 302 cst
493 253 521 302 dc
532 252 690 315 multitudiue,
701 252 733 301 ita
742 254 777 301 cst
787 253 864 304 minus

61 325 132 392 quam
141 325 225 374 honum
240 324 402 386 extrinsecum,
417 324 445 374 ad
462 325 521 388 quod
532 323 654 373 multitudo
667 323 793 386 ordinatur,
804 325 865 374 sicut

61 397 148 446 honum
163 395 248 446 ordinis
260 395 371 446 exercitus
381 397 414 446 est
428 395 503 446 minus
512 395 582 462 quam
595 397 679 446 honum
693 393 756 446 ducis
772 413 778 445 :
792 399 815 445 ει
830 394 862 444 si-

62 469 149 518 militer
168 467 252 519 bunum
267 466 429 518 Ecclesiastico
443 467 550 530 unitatis,
564 467 602 516 cui
615 467 735 532 opponitur
752 466 859 527 schisma,

60 541 99 590 cst
113 539 189 588 miuus
203 553 270 603 quam
284 543 369 589 honum
388 537 491 592 ueritatis
511 537 609 602 divina,
624 537 660 588 cni
675 537 797 605 opponitur
810 537 861 588 infi-

61 611 154 663 delitas.
443 611 445 614 ’

94 683 129 732 ad
143 679 236 731 tertium
257 679 387 742 dicendum,
403 679 464 744 qudd
478 677 577 730 charitas
596 679 666 735 hahet
685 679 730 729 duo
747 678 860 743 obiecta:

60 769 133 804 uuum
153 751 295 816 principale,
308 751 393 802 scilicet
406 750 530 801 honitatem
541 751 654 813 divmam3
671 754 694 800 ει
705 751 766 801 aliud
780 765 861 803 recun-

60 825 171 884 darium,
187 823 273 874 scilicet
286 823 369 874 honam
386 822 495 888 proximi.
508 823 610 873 Schisma
628 825 704 872 autem
719 826 742 872 ct
753 821 797 871 alia
807 835 862 886 pec-

60 899 112 947 cata
126 909 178 959 qua
195 894 252 944 fiunt
265 895 288 944 in
305 893 431 960 proximum
450 895 598 958 opponuntur
613 892 731 952 charitati,
752 897 862 956 quantum

60 969 88 1018 ad
101 965 259 1018 secundarium
271 966 368 1026 honum,
379 966 438 1029 quod
452 969 488 1014 est
499 964 575 1014 minus
589 963 656 1028 quim
669 963 783 1027 objectum
793 963 861 1026 fidei,

33 1099 37 1107 .
60 1039 124 1105 quod
137 1043 174 1090 εει
189 1035 238 1101 ipse
255 1039 322 1088 Deus.
338 1039 366 1087 ιιι
383 1038 434 1088 idco
452 1036 497 1088 ista
510 1041 603 1100 peccata
620 1040 674 1087 sunt
696 1035 781 1085 minora
796 1035 864 1098 qutm

59 1109 192 1162 infidelitas.
208 1109 251 1160 Sed
266 1109 341 1160 odium
354 1109 408 1173 liei,
422 1111 482 1173 quod
495 1108 618 1175 opponitur
628 1108 740 1171 charitati,
752 1111 863 1172 quantum

60 1184 88 1232 ad
103 1181 233 1247 principale
247 1181 373 1245 objectum,
388 1194 435 1232 non
448 1186 483 1232 εει
497 1181 582 1231 minus.
596 1180 682 1230 Tamen
695 1180 755 1230 inter
769 1182 863 1244 peccata

59 1267 111 1319 quae
131 1255 185 1304 suut
207 1251 231 1302 in
251 1252 395 1318 proximum,
415 1253 533 1316 peccalum
555 1251 683 1303 schismatis
701 1251 790 1301 uidetur
810 1264 862 1302 esse

59 1324 202 1388 maximum,
217 1323 269 1388 quia
282 1327 317 1377 εει
328 1327 405 1374 εεειεε
418 1323 536 1388 spirituale
549 1324 634 1376 honum
648 1321 806 1375 multitudinis.

351 1503 508 1555 th'lCULliS
524 1503 564 1554 ill.

147 1628 233 1674 altram
242 1627 387 1680 catamerica
401 1628 503 1674 tuorum
511 1627 619 1685 aliquam
629 1630 778 1684 ροιεειειοεε.

91 1758 128 1810 nd
142 1755 233 1807 tertium
252 1755 284 1806 sic
299 1753 427 1818 proceditur
440 1753 482 1817 (1).
493 1753 587 1804 Videtur
599 1752 658 1817 qudd
670 1753 808 1804 schismatici
821 1756 863 1805 ha·

58 1831 131 1880 heaut
152 1827 250 1891 aliquam
272 1828 418 1890 potestatem.
443 1824 502 1874 llicit
523 1825 585 1874 enim
603 1823 742 1888 Augustinus
757 1824 781 1874 in
803 1825 862 1876 libro

59 1901 159 1954 Contra
174 1895 320 1948 Donatistae
333 1896 342 1961 (
353 1897 392 1947 lih.
408 1897 435 1957 l,
451 1909 502 1958 cap.
522 1895 555 1960 1)
571 1912 576 1944 :
591 1895 679 1946 «Sicut
690 1896 821 1947 redeuntes
834 1897 863 1947 ad

58 1971 203 2031 Ecclesiam,
217 1969 256 2034 qui
273 1969 404 2034 priusquam
419 1969 551 2018 recederent
559 1968 667 2033 baptizati
682 1972 750 2032 sunt,
763 1982 810 2020 uon
824 1983 861 2021 re·

58 2043 215 2107 baptizantur,
229 2040 261 2090 ita
273 2041 408 2101 redeuutes,
419 2038 459 2103 qui
475 2040 606 2104 priusquam
619 2040 749 2090 recederent
763 2039 865 2091 ordinati

60 2120 132 2178 sunt,
148 2125 195 2162 non
208 2111 287 2176 utique
304 2124 380 2160 rursus
396 2109 564 2160 ordinantur.»
585 2108 630 2161 Sed
647 2110 702 2162 ordo
715 2115 751 2161 εει
763 2115 863 2176 potestas

59 2186 175 2250 quedam.
193 2183 251 2244 Ergo
265 2181 403 2234 schismatici
418 2181 503 2232 hahent
519 2180 619 2245 aliquam
638 2184 793 2246 potestatem,
807 2183 864 2247 quia

58 2257 162 2308 retinent
176 2253 287 2305 ordinem.

93 2331 119 2377 l.
132 2327 257 2384 Praetcrea,
268 2323 406 2387 Augustinus
415 2322 503 2374 dicitin
513 2323 570 2374 libro
579 2323 616 2373 Dc
625 2324 698 2374 unico
710 2326 861 2390 Baptismo:

62 2417 76 2447 u
90 2399 173 2448 Potest
187 2400 350 2447 sacramentum
360 2397 448 2446 tradere
465 2398 595 2458 separatus,
609 2394 667 2446 sicut
686 2399 763 2460 potest
777 2397 863 2449 hahere

60 2473 190 2534 separatus.
209 2484 223 2516 u
236 2467 280 2518 Sed
299 2470 399 2532 potestas
416 2467 520 2518 tradendi
531 2470 693 2517 sacramentum
706 2470 751 2518 εει·
764 2467 870 2534 nmina,

60 2647 85 2680 r.
108 2631 149 2691 lo,
170 2632 193 2676 id
209 2630 344 2680 antidoto,
357 2631 424 2687 juxta
442 2629 596 2688 significatum
614 2631 749 2676 hebraicum
765 2630 865 2676 nominis

62 2695 225 2828 Baffihehis
242 2766 313 2826 ctiam
324 2766 367 2812 111.
386 2769 457 2824 pach,
471 2777 512 2822 qu.
525 2764 566 2823 64,
584 2769 628 2811 art.
641 2763 665 2821 9,
677 2765 708 2810 ad
725 2763 742 2808 Ξ
761 2768 786 2810 ει
796 2762 822 2817 33
839 2766 866 2808 ut

62 2835 88 2878 et
97 2831 142 2891 IV,
152 2829 230 2880 Satri„
240 2829 293 2878 diat.
304 2826 344 2890 ιι,
357 2841 397 2890 qu.
410 2829 434 2889 t,
447 2827 527 2884 amr
544 2834 570 2876 et
583 2826 756 2891 Qoodla'l.,11‚
769 2830 814 2874 art.
826 2823 866 2875 ta.

988 2907 991 3000 l
