1992 3317
130 160 176 206 278
253 170 358 206 sacouna
375 169 503 217 secunus,
520 169 612 213 oonsr.
630 171 686 217 xiv,
702 170 757 207 aar.
775 168 802 206 ιι.

130 251 165 294 est
175 248 291 309 percnum
308 244 334 293 in'
341 244 449 307 Spiritum
461 247 571 293 sanctum.
585 262 598 292 a
610 246 639 295 Et
650 246 675 293 in
690 244 729 295 rio.
742 247 760 293 1.
772 246 937 296 Decernuntur

131 317 234 364 Domini
249 316 275 364 in
288 318 378 373 monte,
390 315 457 373 dicit,
466 314 527 377 qnod
542 315 655 365 «invidio
665 316 752 366 facibus
761 316 932 367 fraternitatem

130 385 273 448 impugnare,
291 388 325 435 est
339 396 433 449 peccare
450 385 474 434 iu
488 384 598 448 Spiritum
614 389 726 435 sanctum.
737 386 792 435 »Et
806 386 832 435 in
841 387 884 437 uu.
897 390 937 437 De

132 458 217 519 Bopt„
229 455 364 519 dicit‚·qudd
374 474 387 503 n
401 455 441 519 qui
450 456 570 506 ueritatem
579 456 711 519 contemnit,
727 459 766 505 ant
777 456 838 507 circa
849 457 938 509 iratres

134 529 245 591 rnoiignus
260 531 304 589 est,
316 528 398 591 quibus
411 527 495 577 ucritm
506 529 633 589 revelator,
642 533 682 576 aut
698 527 758 577 circa
771 529 844 578 Deum
855 531 937 593 iugra-

131 605 184 662 tus‚
203 599 269 663 cujus
285 597 429 662 inspiratione
451 599 553 649 Ecclesia
569 599 702 661 instruitur3
717 614 732 645 o
751 599 822 650 etsie
839 602 935 653 videtur

128 670 187 733 quid
201 674 279 734 peccet
292 670 316 719 in
331 669 441 733 Spiritum
458 673 569 719 sanctum.

162 743 321 799 (Concuusro.
330 742 412 791 -Ser
431 744 484 791 sunt
498 742 585 805 peccati
599 742 624 791 in
641 742 749 805 Spiritum
764 749 868 793 noctem
881 758 936 809 spe·

130 814 177 863 cies
192 830 198 862 ι
211 813 355 877 desperatio,
368 812 529 877 presumptio,
546 812 724 877 irnpoenitentia,
739 813 879 877 obstinatio,
889 815 934 865 irn-

129 886 240 948 pugnatio
251 884 354 935 veritatis
368 883 459 947 agnitae,
473 884 600 933 invidentia
615 883 720 936 fraterno
734 883 844 946 gratiae.)

162 957 298 1019 Respondes
318 954 529 1017 dicendum,un
551 956 674 1006 secundun
692 958 750 1019 quod
767 960 889 1019 peccatum
909 959 935 1008 in

131 1027 238 1091 Spiritum
251 1031 352 1078 sanctum
365 1026 431 1076 tertio
442 1026 510 1075 ruodo
517 1026 633 1089 accipitur,
644 1025 807 1077 conuenienter
816 1028 936 1089 praerlictn

131 1099 219 1163 species
232 1100 254 1149 ei
266 1098 420 1161 assignantur,
436 1110 486 1160 quae
503 1096 675 1161 distinguuntur
685 1099 810 1147 secundnm
824 1099 937 1149 renuntio·

132 1185 184 1221 nem
198 1172 234 1221 vai
245 1172 399 1233 contemptum
410 1182 488 1219 eorum
497 1182 539 1232 per
547 1183 599 1233 qna
612 1172 688 1233 potest
696 1172 764 1219 nonu
774 1168 803 1218 ab
817 1170 936 1222 electione

132 1242 218 1305 peccari
231 1239 343 1304 impediri.
361 1240 415 1297 Quae
428 1240 519 1302 quidem
531 1244 584 1291 sunt
593 1242 630 1290 uei
643 1246 746 1305 exparte
760 1240 935 1305 divinijudieii,

131 1314 168 1363 rel
180 1326 207 1361 ex
221 1314 284 1374 parte
292 1312 400 1361 donorum
413 1310 491 1375 ipsius,
504 1312 541 1361 uel
556 1312 625 1362 etiam
635 1324 664 1361 er
674 1317 739 1377 purte
751 1311 825 1375 ipsios
834 1314 935 1375 peceati.

132 1384 246 1433 Auertitur
260 1382 321 1432 enirn
337 1384 405 1433 homo
419 1384 447 1432 ab
466 1384 578 1435 electione
597 1383 686 1447 peccati
701 1398 731 1434 ex
750 1382 938 1436 consideratione

132 1454 203 1503 diuini
216 1451 295 1518 judicii
311 1454 388 1519 (quod
403 1454 472 1504 hahet
483 1454 655 1517 justitiamcuro
669 1454 841 1511 misericordia)
854 1459 878 1504 ot
891 1468 939 1519 per

133 1538 205 1587 spem,
216 1539 266 1589 quaa
274 1526 390 1587 consurgit
400 1538 429 1575 ex
436 1524 617 1575 consideratione
625 1524 785 1576 misericordie
795 1525 939 1576 remittentis

133 1602 224 1661 peccata
232 1635 240 1662 ,
260 1601 282 1648 et
299 1597 441 1662 praniantis
456 1596 515 1647 bona
533 1612 539 1645 z
554 1599 578 1646 et
591 1598 637 1647 hoc
656 1597 742 1647 totlitur
759 1610 801 1661 per
816 1596 939 1658 despero-
990 1619 992 1622 ·

134 1670 235 1719 tionem.
247 1672 276 1719 Ei
288 1669 370 1720 iterum
380 1682 421 1733 per
433 1668 550 1729 timorem,
565 1668 605 1731 qni
625 1668 744 1731 consurgit
755 1680 784 1717 ex
802 1667 937 1719 manders-

133 1742 196 1792 tione
215 1742 297 1792 diuinae
316 1740 411 1805 justitio
426 1738 542 1803 punientis
559 1742 653 1802 peccata
674 1754 680 1787 :
698 1742 722 1789 et
736 1739 774 1788 hic
786 1738 874 1787 totlitur
890 1753 938 1803 per

134 1814 371 1876 presumptionem,
388 1810 441 1860 dom
461 1809 546 1859 seilicet
563 1809 644 1873 aliquis
661 1809 780 1873 presumit
798 1823 823 1860 se
838 1811 937 1872 gloriam

134 1898 202 1945 posse
216 1882 312 1946 adipisci
321 1883 371 1932 sine
384 1880 485 1945 meritis,
500 1881 537 1930 uel
550 1880 639 1931 reniam
650 1880 700 1931 sine
708 1880 854 1945 peonitentia.
870 1883 938 1933 Dona
990 1943 992 1946 Ι

135 1959 210 2003 antero
227 1954 270 2003 Dei
287 1954 368 2017 quihus
382 1952 518 2003 retrahimur
531 1952 545 2002 d
558 1960 668 2017 peccato,
686 1957 740 2004 sont
756 1954 800 2003 doc
815 1968 823 2003 r
836 1967 938 2017 qnorum

136 2038 206 2073 unum
224 2028 259 2073 est
271 2024 356 2087 agnitio
366 2024 484 2087 ueritatis,
495 2028 574 2074 contra
590 2026 650 2087 quod
666 2025 758 2088 ponitur
770 2027 938 2089 impupootio

136 2098 255 2145 ueritatis
274 2100 381 2160 apciton,
397 2096 450 2145 dour
468 2095 556 2146 scilicet
568 2095 650 2159 niquis
663 2095 782 2145 unitatem
795 2096 847 2146 fidei
865 2097 937 2158 agni-

135 2170 181 2215 tam
191 2166 310 2231 impugnat
318 2171 344 2217 ut
356 2167 459 2218 licentius
469 2170 565 2231 peccet3
575 2166 636 2217 aliud
646 2169 682 2217 est
695 2166 804 2216 auritium
816 2166 937 2218 interioris

135 2236 231 2300 gratia,
245 2241 323 2287 contra
341 2238 401 2301 quiod
418 2237 510 2301 ponitur
525 2237 665 2287 invidentia
681 2238 804 2300 frniemoe
822 2238 936 2300 protum,

135 2310 188 2358 doru
205 2307 292 2359 scilicet
310 2310 391 2373 aliquis
406 2322 452 2359 nou
468 2308 541 2359 sotrum
554 2309 644 2359 inuidet
663 2322 767 2373 persona
785 2309 877 2373 fratris,
892 2313 937 2361 sed

134 2379 203 2429 etiarn
217 2380 304 2431 inridet
318 2381 395 2444 gratia
412 2380 453 2431 [tei
472 2380 586 2431 crescenti
602 2381 628 2430 in
642 2382 735 2431 mundo.
747 2382 783 2430 Ex
799 2386 864 2444 parte
879 2396 938 2435 uero

30 2470 33 2475 ¹
93 2469 96 2474 ·
134 2452 222 2514 peccati
240 2453 284 2503 duo
300 2457 417 2517 suntque
430 2450 681 2516 dominentpeccato
694 2452 811 2503 retrahere
829 2458 937 2516 possunt.

134 2522 235 2579 Quorum
246 2536 316 2574 unuru
334 2526 370 2575 est
386 2522 523 2574 inordinatio
536 2527 561 2573 et
578 2524 695 2587 torpitudo
708 2525 786 2584 actos,
798 2524 864 2587 cujus
880 2538 939 2575 con·

133 2594 240 2645 sideratio
257 2594 364 2646 inducere
387 2596 445 2646 solet
464 2594 600 2646 innomine
619 2594 777 2659 paenitentiam
794 2595 823 2645 de
842 2600 940 2659 peccato

134 2665 255 2716 commisso
267 2683 272 2716 :
286 2670 309 2716 et
319 2669 395 2717 contra
410 2668 453 2715 hoc
466 2665 558 2729 ponitur
572 2666 773 2729 impoenitentia,
785 2678 832 2715 oon
841 2665 940 2729 quidem

133 2748 160 2787 co
173 2738 240 2787 modo
249 2752 295 2801 quo
304 2738 358 2795 dicit
370 2736 550 2801 permanentiam
562 2738 588 2787 in
597 2740 693 2802 peccato
703 2750 776 2800 usque
787 2738 818 2791 ad
827 2741 938 2802 mortem,

133 2806 192 2857 sicud
204 2808 271 2873 supra
287 2808 471 2872 impoeciieuiio
493 2808 645 2872 accipiebatur
658 2807 707 2872 (sie
721 2808 791 2858 etiarn
808 2822 856 2860 uon
875 2815 942 2859 osset

133 2878 230 2941 speciale
244 2883 373 2943 peccatum,
389 2878 427 2928 scd
442 2880 544 2940 quartam
559 2880 647 2943 peceati
666 2879 854 2943 circumstantia)
867 2898 874 2945 ;
892 2882 936 2931 sed
