1992 3317
164 173 210 220 aad
272 183 380 236 amount
396 179 526 230 sammon,
542 179 634 225 pussr.
651 179 724 227 sarx,
742 179 798 215 m.
817 177 854 215 ιιι.

164 257 261 322 proprio
278 257 404 310 electionis.
418 257 463 307 Sed
481 255 541 306 siem
562 253 644 317 legitur
656 255 682 313 1,
696 267 738 316 qu.
750 258 776 317 o,
791 271 807 301 u
825 253 839 303 i
847 254 961 319 judicibus

164 343 221 392 qnos
235 329 362 380 communis
375 339 502 379 consensus
511 325 661 388 elegeritnou
669 325 724 375 licet
734 337 895 389 prouocare.»
906 327 960 388 Ergo

163 399 234 451 molti
247 399 321 450 minis
338 399 391 449 licet
405 398 522 462 appellare
538 395 681 461 ljndicibns
698 395 833 446 ordinariis.

196 475 220 520 t.
237 473 362 531 matema,
376 470 432 520 illud
448 471 509 533 quod
524 468 596 520 semel
613 470 650 517 est
661 466 762 529 licitum
779 478 876 532 semper
888 473 922 518 est
933 468 958 516 li·

163 542 241 593 oiturn.
249 543 294 594 Sed
302 555 347 593 non
358 545 393 592 est
403 541 494 591 licitam
501 539 617 604 appellare
623 541 675 602 post
683 536 802 588 decimum
814 540 889 602 diem,
897 551 959 600 neque

164 615 231 666 tertio
244 627 313 678 super
327 614 418 664 eodem.
432 613 491 676 drgo
505 613 596 663 videtur
606 609 668 673 quod
684 609 812 672 appellatio
829 624 880 661 non
895 611 924 662 sit
934 623 959 658 se-

107 737 112 748 ,
164 684 262 736 cundim
274 697 299 736 se
315 684 388 735 licita.

194 755 238 806 Sed
246 761 325 806 contra
334 760 378 817 est,
388 753 449 819 qudd
461 753 548 804 Paulus
559 752 674 802 cesarem
688 749 832 814 appellavit,
841 750 958 800 utdabetur

195 898 353 962 (Goumusro.
366 923 398 935 -
408 896 552 960 Superiorem
570 894 686 958 appellare
704 893 730 942 in
751 904 827 943 causa
841 896 918 956 justa,
930 890 957 940 uli

164 970 216 1034 quis
236 970 331 1021 nimiim
350 969 453 1034 lindice
470 971 589 1032 gmvatar,
610 979 650 1016 reo
666 965 735 1028 licet3
750 965 875 1028 appellare
896 969 957 1014 auten

163 1041 259 1106 injuste,
273 1042 341 1093 causa
359 1041 479 1094 afferendo
499 1053 584 1101 more,
597 1051 628 1088 ne
641 1036 757 1088 renuntia
769 1035 912 1099 proferatur,
925 1035 957 1084 ni·

164 1113 226 1165 nimd
240 1115 323 1176 licet.)

195 1187 330 1251 despondeo
346 1185 481 1244 dicendum,
495 1182 556 1246 quod
574 1180 661 1245 duplici
671 1181 700 1230 de
713 1192 785 1231 musa
798 1180 916 1243 contingit
925 1180 956 1227 ai-

163 1269 230 1320 qnem
241 1255 363 1321 appellare.
378 1255 428 1307 Uno
445 1255 536 1320 quiden
548 1255 633 1314 modo,
646 1249 784 1302 confidentia
795 1251 872 1313 justae
882 1265 956 1305 rausey

163 1327 216 1390 quia
236 1327 344 1378 videlicet
358 1325 444 1392 injustd
458 1326 471 1376 d
487 1325 564 1390 jndice
586 1328 706 1388 grauatum
720 1328 744 1373 et
766 1322 803 1372 sic
826 1322 916 1372 licitum
930 1327 956 1370 ed

163 1397 285 1462 appellare.
301 1399 349 1448 Hoc
361 1399 423 1448 enim
440 1402 476 1448 est
490 1397 613 1462 prudenter
630 1395 736 1445 evadere.
749 1394 828 1457 Unde,
843 1395 874 1454 ll,
888 1408 926 1458 qu.
938 1399 955 1452 e,

163 1468 265 1518 dicitur:
283 1470 390 1520 romnis
408 1481 531 1533 oppressus
552 1465 622 1516 littere
644 1466 789 1515 sacerdotum
804 1465 843 1531 (si
856 1465 954 1518 soluerit

164 1539 260 1605 appellet
271 1541 392 1607 judiciam,
406 1544 430 1590 et
441 1539 526 1590 trullo
536 1537 693 1602 prohibeatur.
706 1553 721 1583 ιι
736 1537 788 1586 llio
800 1538 872 1588 modo
885 1535 956 1598 aliquis

164 1613 264 1677 appellat
279 1612 348 1664 causl
361 1613 482 1664 afferendae
493 1608 844 1674 moro‚necontraeum1'usta
852 1606 956 1658 mctenm

164 1686 303 1750 proiemtur3
319 1689 342 1737 et
349 1687 394 1735 hoc
408 1688 442 1736 eet
451 1681 593 1734 calumnioso
602 1695 628 1732 se
645 1682 778 1740 defendere,
793 1683 856 1745 qnod
871 1685 907 1731 est
918 1679 956 1728 ilt'r

164 1755 251 1818 citum,
270 1757 330 1808 sicot
350 1757 435 1806 dictum
456 1759 492 1806 est
508 1755 570 1818 (art.
593 1756 634 1815 a).
649 1752 712 1804 Facit
735 1753 801 1802 enirn
816 1751 922 1818 injuriam
938 1755 955 1796 et

161 1827 248 1892 judici,
259 1829 324 1893 cujus
339 1828 439 1878 cilicium
449 1827 561 1891 impedit3
576 1830 601 1876 et
613 1823 744 1875 adversario
761 1837 824 1885 suo,
838 1824 906 1886 cujus
914 1822 955 1884 jus-

164 1897 239 1948 titiam
255 1902 365 1963 quantum
383 1903 473 1963 potest,
486 1897 612 1962 perturbat.
625 1897 656 1946 at
674 1895 746 1956 ideo,
759 1895 824 1945 sicut
837 1895 918 1945 dicitur
928 1893 954 1949 ll,

164 1983 203 2032 qu.
224 1975 238 2019 6
255 1971 322 2035 (cap.
339 1971 462 2030 Omnino,
480 1968 610 2031 exlegibus
633 1967 771 2030 Theodosii,
787 1967 826 2016 tit.
849 1965 953 2018 xxlttl.

164 2040 268 2105 capt),
285 2057 298 2089 o
306 2042 368 2092 omni
386 2044 453 2094 ruodo
463 2041 594 2107 puniendus
607 2043 643 2089 est
655 2039 721 2103 cujus
739 2038 868 2104 appellatio
879 2037 953 2098 injusta

164 2117 329 2178 pronuntiatur.
342 2129 356 2161 ι

196 2185 231 2234 tid
252 2186 350 2250 primum
374 2199 428 2250 ergo
451 2185 587 2247 dicendum,
601 2183 662 2250 quod
683 2182 793 2247 potestati
814 2181 953 2234 interioriir

164 2259 252 2306 tautum
264 2257 347 2321 aliquis
363 2257 444 2320 subjici
457 2259 541 2318 debet,
554 2257 579 2307 in
592 2259 702 2320 qnantum
714 2254 820 2304 ordinem
843 2253 953 2319 superori<

163 2331 252 2392 eerrat3
268 2327 282 2378 a
299 2341 345 2392 quo
360 2329 381 2380 si
394 2329 570 2389 exorbitaverit,
587 2329 609 2378 ei
625 2326 708 2388 subjici
723 2338 772 2375 non
783 2330 892 2390 oportet,
907 2322 952 2387 puli

164 2399 183 2448 si
197 2397 257 2448 aliud
275 2401 372 2462 jusserit
391 2402 512 2464 proconsul
529 2405 554 2451 et
574 2400 635 2450 aliud
647 2397 785 2462 imperator,
805 2403 833 2448 ut
845 2400 906 2461 patet
921 2407 953 2458 pe·

165 2469 245 2521 Glosc.
260 2473 342 2531 Rom„
358 2472 417 2523 Xlll.
427 2472 485 2522 Cium
500 2475 576 2522 antem
586 2472 658 2531 juder
670 2469 866 2531 adqueminjmtd
875 2471 952 2531 gramm

163 2545 273 2604 qnantum
293 2544 321 2593 ad
335 2545 379 2594 hoc
392 2545 498 2608 relinquit
520 2544 623 2595 ordinem
641 2540 764 2605 superioris
777 2540 910 2605 potestatis,
923 2551 954 2584 se·

197 2648 229 2712 (1)
244 2651 299 2698 crim
317 2654 377 2710 apud
390 2657 483 2700 Festum
495 2653 660 2700 Proconsulem
680 2658 830 2696 accusaretur
841 2650 853 2695 d
866 2647 952 2696 Iudeis.

163 2719 251 2757 etcum
266 2713 310 2771 ipsi
322 2716 408 2760 vellent
421 2716 608 2774 Hierosolymam
622 2714 687 2769 duci,
702 2714 792 2770 paratis
805 2725 886 2768 nempe
900 2709 954 2753 insi-

162 2773 206 2844 diis
217 2775 246 2818 ad
256 2777 405 2821 occidendum
414 2779 500 2836 ipsum,
510 2785 537 2822 ut
549 2777 695 2834 promittitur
702 2776 747 2835 ibi;
754 2778 824 2822 Festo
833 2775 891 2820 enim
903 2783 951 2815 eum

163 2840 317 2892 interrogante
332 2851 360 2882 on
377 2839 399 2886 id
416 2841 502 2895 veliet,
523 2840 660 2896 respondit:
678 2837 716 2882 Ad
732 2837 845 2882 trideroni
859 2833 953 2881 Coeoort't

162 2899 213 2945 ⁸¹⁰.
230 2897 345 2944 Censorem
359 2902 470 2959 appello,
488 2915 549 2948 vers.
563 2901 592 2947 lo
605 2915 632 2946 ac
651 2901 770 2956 deinceps.
