1992 3317
325 173 571 229 osrusnsrrromi
799 179 844 231 att

60 268 102 321 Ad
115 263 215 323 tertium
227 255 360 330 dicendum,
376 265 438 331 qndd
450 265 599 332 presumptio
609 264 759 319 immutator
769 265 847 319 timei

31 338 203 392 communesne
220 336 330 401 geneum
348 337 426 391 vetuti
442 342 520 391 auem
536 338 587 405 spei
603 339 763 393 mummulo
780 340 846 394 dide-

33 412 123 463 rentie.
141 410 197 461 ldeo
211 408 360 474 presumptio
379 409 479 462 totaliter
495 411 595 463 excludit
606 411 712 464 umorem
726 412 796 463 etiem
809 424 847 463 se·

33 485 136 535 eundum
155 494 248 545 genum
264 482 417 545 spernentem
434 494 480 533 non
497 482 598 535 excludit
613 483 659 536 nisi
677 483 765 541 ratione
777 482 846 537 dite-

35 554 131 619 rentie‚
147 552 291 607 excludendo
304 552 356 616 ejus
372 550 547 607 ordinationem.

336 722 495 775 leudulis
510 724 549 775 lv.

153 841 242 886 Utrum
247 841 402 898 presumptio
409 845 524 888 causetur
532 854 561 886 ee
569 842 639 887 iuuet
645 844 735 899 pluria.

72 960 109 1011 sd
119 960 225 1021 wantum
235 958 271 1009 sie
278 958 406 1024 prunedum
416 958 457 1023 (l).
468 958 562 1011 Videtur
570 958 632 1023 qudd
639 962 787 1025 praesumptio
797 975 844 1013 non

39 1032 152 1081 causetur
168 1042 197 1079 en
215 1029 279 1080 inuni
298 1030 376 1093 glorie.
392 1030 542 1095 Praesumptio
554 1031 615 1082 enim
635 1028 735 1082 maixime
755 1032 845 1083 uidetur
865 1074 869 1079 .

40 1100 112 1151 inniti
130 1100 214 1153 divine
226 1100 395 1153 misericordie.
410 1102 564 1153 Misericordia
577 1106 652 1154 autem
668 1102 762 1167 respicit
771 1104 845 1153 mise-

41 1173 115 1235 riam,
131 1186 184 1237 qne
198 1172 322 1237 opponitur
336 1173 420 1236 glorie.
435 1174 494 1238 Ergo
512 1174 660 1238 presumptio
673 1188 720 1226 uon
733 1173 804 1225 oritur
817 1187 846 1225 ex

41 1244 102 1295 innui
112 1245 196 1309 morie.

71 1320 95 1365 t.
106 1317 222 1367 eruerer
227 1351 236 1377 ,
245 1314 394 1380 presumptio
406 1316 530 1381 opponitur
539 1317 700 1382 desperationi.
707 1317 751 1368 Sed
761 1318 843 1384 despe-

44 1386 97 1437 ratio
110 1388 185 1438 oritur
200 1399 232 1438 ex
241 1385 343 1449 tristitie,
359 1389 385 1434 ut
398 1385 482 1436 dietum
495 1390 531 1436 est
540 1387 590 1451 (qu.
602 1392 646 1450 td,
657 1392 700 1439 art.
715 1390 757 1439 ult.
768 1391 798 1441 ad
808 1390 844 1455 i).

44 1457 96 1508 Cum
109 1472 164 1523 ergo
178 1456 338 1523 oppositorum
344 1456 456 1521 opposite
467 1457 515 1507 sint
524 1470 608 1521 onum,
616 1458 707 1510 ridetur
716 1461 776 1525 qnod
784 1461 844 1511 orin-

45 1531 79 1577 tnr
102 1542 132 1579 ex
154 1529 319 1581 delectatione.
340 1528 368 1578 Et
389 1528 422 1578 ite
440 1527 533 1578 uidetur
551 1528 611 1592 qudd
631 1529 716 1587 omniur
735 1544 765 1581 ex
783 1532 846 1583 uitiis

43 1602 182 1663 mulidus,
196 1613 296 1665 qnorum
307 1600 469 1651 delectationes
480 1603 534 1651 sunt
546 1601 735 1653 uehementiores.

73 1678 98 1723 3.
111 1674 241 1737 Preterea,
261 1670 344 1721 vitium
357 1670 541 1736 presumptionis
560 1671 664 1723 minuet
682 1672 708 1721 in
723 1674 768 1723 lroe
785 1677 848 1737 quod

42 1743 127 1808 aliquis
142 1746 213 1795 tendit
227 1745 253 1795 in
267 1742 360 1808 aliquod
372 1744 456 1803 bonum
470 1743 531 1808 qnod
542 1756 589 1795 non
600 1747 636 1795 est
646 1743 768 1809 possibile,
780 1745 846 1809 quasi

41 1814 159 1878 possibile.
174 1817 219 1867 Sed
236 1814 299 1880 qudd
312 1814 395 1877 niquis
408 1814 506 1865 estimet
519 1815 626 1879 possibile
641 1814 701 1879 quod
711 1819 747 1866 est
761 1815 848 1881 impos·

42 1888 116 1952 sibile,
124 1888 232 1952 prouenit
241 1900 272 1937 ex
279 1886 416 1951 ignorantia.
426 1888 486 1950 drgo
497 1887 643 1952 presumptio
652 1887 727 1951 magu
734 1888 842 1953 prouenit

42 1972 69 2011 er
82 1961 225 2025 ignorantia,
238 1959 307 2025 quim
318 1972 348 2009 en
360 1958 424 2009 innui
437 1959 516 2024 glorie.
529 1982 534 1992 ·

72 2032 116 2082 Sed
126 2032 205 2083 sonui
214 2037 263 2095 est,
274 2031 335 2095 quod
342 2030 462 2094 Gregorius
475 2030 529 2081 dieit
540 2031 619 2083 xxxi.
630 2031 720 2085 ltorot.
733 2034 791 2098 (sep.
801 2036 841 2095 lu,

42 2103 78 2152 rel
88 2102 139 2166 tl),
151 2103 212 2167 qndd
223 2121 237 2152 u
246 2101 397 2168 presumptio
404 2101 531 2153 novitatum
545 2106 581 2153 est
591 2102 719 2154 filiaiuanis
732 2104 843 2168 glorie.»

75 2174 236 2239 (emensio.
251 2200 284 2212 -
301 2172 465 2239 Praesumptio,
486 2186 537 2238 que
555 2174 653 2239 proprie
674 2175 781 2227 innititur
800 2175 846 2225 nir-

45 2246 97 2310 luti,
114 2246 218 2297 exinani
237 2244 311 2310 gloria
323 2244 437 2309 nescitum
454 2258 505 2311 qne
520 2244 576 2296 uerd
587 2245 671 2297 divine
687 2246 846 2297 miserioordie

44 2318 77 2365 nel
91 2318 199 2380 potentie
215 2314 347 2367 inordinate
360 2315 474 2379 inuititur,
485 2330 515 2367 en
527 2316 634 2380 superbie
644 2316 698 2368 rite
710 2317 809 2381 oritur.)

72 2390 208 2453 Respondes
222 2388 359 2451 dicendum,
372 2386 433 2451 qudd
445 2389 507 2439 siout
518 2387 587 2452 suprt
596 2387 682 2439 dictum
696 2392 732 2440 est
745 2390 798 2455 (art.
810 2388 843 2452 i),

43 2458 126 2523 duplex
141 2464 176 2513 est
191 2458 351 2525 presumptio.
373 2458 423 2509 Una
441 2458 534 2523 quidem
550 2472 603 2523 que
622 2459 729 2510 innidtur
749 2459 846 2524 proprie

43 2530 128 2591 uirtuti,
139 2535 255 2584 ntentans
269 2531 360 2581 scilieet
378 2530 462 2596 aliquid
475 2534 502 2581 nt
521 2531 567 2582 sibi
583 2531 707 2595 possibile,
716 2533 778 2597 qnod
789 2546 846 2597 pro-

14 2650 15 2655 ,
42 2603 115 2664 priam
123 2602 232 2655 nminem
241 2603 342 2655 excedit.
353 2602 382 2653 st
393 2602 446 2655 telis
453 2604 602 2669 presumptio
613 2604 733 2657 muniiestd
745 2604 846 2657 exinani

43 2675 115 2736 gloria
123 2678 223 2739 prooedit
237 2677 279 2741 (2).
290 2676 326 2726 lix
335 2676 379 2726 hoe
389 2676 451 2727 enim
461 2678 522 2741 qnod
534 2676 617 2743 adque
626 2678 723 2729 multum
733 2676 847 2729 desiderat

65 2782 110 2895 n(¹¹)
125 2786 209 2896 mah?
222 2787 295 2833 etiem
309 2786 383 2848 iniri,
395 2798 436 2845 qn.
447 2785 513 2849 1³2,
525 2793 568 2835 ert.
580 2786 595 2833 5
607 2793 631 2835 et
643 2787 673 2846 ῦς
688 2793 714 2835 et
725 2801 767 2847 qu.
779 2786 804 2849 9,
817 2787 846 2833 de

45 2860 62 2892 m
87 2859 177 2910 o,ar.
203 2884 210 2897 .

71 2918 105 2985 (2)
122 2923 172 2978 dno
192 2934 266 2973 wiltu
282 2922 439 2986 tumemus,
456 2923 498 2971 llo.
520 2923 560 2974 11.
582 2924 618 2972 Do
636 2924 723 2973 amat
740 2921 773 2969 od
794 2922 845 3006 m'f

835 3033 850 3075 5
