1992 3317
306 153 342 192 aa
354 152 411 192 rosa
425 151 490 193 rrorr
503 146 627 195 oraora
817 136 861 197 'tat

79 228 123 280 Sed
137 233 221 282 centra
233 234 281 295 est,
291 230 358 296 quod
373 234 552 297 unumquodque
564 239 668 299 operatur
682 249 722 300 per
736 248 801 285 suam
817 238 862 287 ioa-

52 313 119 351 mam.
137 300 210 352 Fides
227 307 309 353 autem
330 316 376 367 per
395 303 541 356 ditectionem
561 311 674 371 operatur.
693 308 750 372 Ergo
770 307 862 360 ditectio

54 371 171 423 charietis
189 377 226 424 cst
240 373 298 427 tidei
312 375 398 425 torma.
827 434 833 443 ,

83 446 244 509 (cormesio.
258 448 409 498 -Ciaaritas
424 451 460 499 est
473 449 545 501 torma
557 448 609 502 tidai
621 453 734 517 quaterias
746 462 787 519 per
800 452 860 503 iliam

54 520 118 566 actos
130 517 181 568 idei
200 519 317 570 formator
329 533 357 570 ae
369 518 508 584 perficitor.)

85 588 218 653 Rependeo
242 591 385 655 dicendam,
398 590 460 657 qudd
484 593 543 645 sicut
564 608 593 645 er
613 595 766 660 superioribus
785 601 861 663 patet,

57 664 118 711 actm
132 662 256 714 volontarii
275 664 383 729 speciem
398 664 514 729 recipiant
528 666 541 716 d
555 666 610 731 doe,
626 667 666 731 qai
684 672 720 721 est
737 670 861 721 voluntatis

54 733 174 797 objectura.
190 735 217 785 id
231 738 314 786 autem
329 736 344 785 d
357 748 404 799 qao
417 736 504 799 aliquid
519 737 618 801 speciem
633 738 741 801 sortitur,
755 742 862 793 sehabet

52 806 79 854 ad
91 806 185 856 modum
194 806 277 859 tormae
287 807 314 857 ira
325 808 398 858 rebus
408 808 555 859 naturatibus.
568 808 595 860 tt
605 810 657 861 ideo
665 810 788 875 cujuslibet
797 815 862 863 actus

49 878 175 929 rotanarii
183 880 257 930 torma
266 876 439 943 quodammodo
447 883 482 933 est
491 880 552 945 finis,
562 882 590 932 ad
599 895 667 946 pem
676 882 801 946 ordinatura
813 887 862 933 turn

47 949 106 1013 quia
123 963 152 999 er
169 949 221 1014 ipso
232 950 320 1015 recipit
331 950 440 1013 formam,
459 954 508 1003 tam
519 952 588 1003 etiarn
602 951 655 1015 qaia
669 952 748 1003 modus
765 949 861 1005 actionis

46 1021 212 1085 oportetquod
222 1023 366 1087 respondeat
377 1023 599 1088 proportionabiliter
609 1018 657 1075 fini.
671 1023 813 1075 Manifestum
827 1029 863 1077 est

44 1098 126 1145 autem
139 1106 168 1143 ex
184 1094 307 1159 predictis
322 1094 387 1158 (art.
407 1091 421 1143 t'
428 1132 438 1158 ‚
452 1097 476 1145 et
494 1109 534 1160 qu.
546 1099 562 1145 2
571 1133 580 1159 ,
596 1098 639 1145 art.
655 1092 703 1158 t),
720 1095 780 1159 qaod
799 1098 862 1145 actus

42 1165 99 1216 fidei
112 1164 235 1217 ordinator
251 1166 282 1217 ad
296 1166 417 1231 objectum
427 1165 559 1231 voiuntatis,
571 1167 631 1231 quod
642 1168 677 1216 est
687 1164 787 1223 bonum,
801 1165 860 1216 sicat

41 1241 70 1287 ad
83 1238 171 1304 tinem3
187 1240 235 1289 hoc
248 1242 330 1300 artem
346 1238 432 1289 bonam
443 1239 504 1303 quod
519 1241 555 1289 cst
571 1236 623 1289 dots
638 1237 704 1302 fidei,
721 1236 863 1289 seilicetba-

42 1325 101 1360 nom
122 1311 249 1373 divinum,
270 1312 309 1361 est
329 1308 447 1375 propriam
469 1309 582 1373 objectum
608 1308 726 1360 eharitatis
745 1325 751 1359 ε
767 1314 791 1360 at
811 1309 862 1361 ideo

45 1382 145 1433 charitas
156 1382 249 1434 dicitur
263 1383 340 1445 torma
352 1381 419 1445 fidei,
433 1380 459 1433 io
473 1384 583 1447 quartum
596 1395 636 1447 per
649 1380 783 1433 charitatem
797 1384 863 1433 actas

46 1456 94 1504 tide
104 1455 223 1519 perficitur
241 1458 267 1515 et
285 1454 405 1506 formatur.
489 1451 493 1455 ”

75 1526 111 1581 td
121 1527 229 1593 primam
239 1540 299 1591 ergo
311 1525 440 1590 dicendum,
449 1523 510 1589 qaod
522 1526 619 1576 charitas
631 1524 714 1576 dicitur
722 1538 773 1577 esse
786 1524 860 1577 torma

40 1601 95 1650 tiatei
105 1600 133 1651 in
147 1606 269 1665 quantum
284 1596 396 1650 informat
408 1599 485 1647 ectum
496 1595 577 1661 ipsius
590 1595 652 1647 Nihil
665 1599 744 1661 ¹autem
758 1597 863 1663 prohihet

38 1678 206 1725 ademarium
223 1672 238 1723 a
252 1670 356 1724 dirersis
370 1670 486 1721 habitibus
497 1667 631 1733 informari,
646 1673 670 1720 et
683 1670 805 1721 secandam
818 1670 863 1720 hoe

36 1747 63 1796 od
80 1746 191 1797 dismas
209 1742 306 1809 species
323 1740 403 1793 reduci
422 1741 501 1793 ardiae
520 1740 631 1807 quadem,
644 1744 670 1790 ut
692 1738 761 1803 supr'a
778 1738 862 1789 dietum

36 1824 84 1883 est,
110 1832 168 1869 cum
194 1817 227 1867 de
245 1815 339 1867 actibus
356 1812 455 1865 hominis
473 1812 498 1863 ir
519 1812 634 1865 commatri
652 1816 756 1875 ageretur
769 1814 775 1877 t
787 1815 811 1875 t,
832 1815 860 1873 2,

35 1905 72 1953 qu.
88 1894 140 1955 te,
162 1892 213 1940 art.
228 1892 254 1951 7,
273 1900 315 1950 qu.
332 1889 372 1948 56,
387 1888 429 1935 art.
442 1883 485 1949 Ξ).

63 1963 98 2013 td
109 1960 253 2013 secundm
261 1956 400 2020 dicendum,
409 1954 470 2021 qaod
479 1954 578 2021 objectio
591 1954 628 2007 ilia
638 1954 740 2020 procedit
752 1952 779 2005 de
790 1953 860 2005 iornra

35 2035 179 2097 intrinseca3
197 2031 236 2081 sic
250 2032 334 2080 autem
346 2026 505 2078 chariassati
521 2030 556 2078 est
570 2026 641 2078 torma
657 2024 725 2089 tidei,
741 2026 781 2077 sed
795 2030 862 2091 prout

34 2107 145 2157 roformat
157 2107 244 2156 actum
254 2100 326 2165 ejus,
339 2103 366 2149 ut
380 2098 542 2163 supatdtctum
556 2102 600 2149 est.

63 2178 98 2228 td
111 2176 220 2229 tertium
233 2172 379 2232 dicendum,
393 2168 453 2234 qudd
465 2166 533 2221 etiam
545 2170 595 2235 ipsa
608 2168 752 2231 obedientia,
768 2172 791 2219 et
801 2166 863 2219 simi-

35 2251 82 2300 'oter
96 2263 158 2315 spes
172 2250 202 2299 et
217 2256 379 2309 quaecumque
393 2242 437 2292 alia
450 2238 523 2293 virtus
530 2277 539 2305 ,
552 2244 629 2307 posset
647 2241 774 2307 praecedere
787 2243 862 2291 ectum

35 2323 84 2372 odei
96 2316 286 2375 rationabiliter
301 2314 427 2366 formatum
445 2312 582 2367 actoritate
588 2350 597 2379 ,
608 2312 667 2365 sieut
680 2312 739 2363 iniri
753 2310 839 2377 patebit
855 2326 861 2361 ι

35 2398 56 2441 et
68 2394 118 2448 ideo
137 2392 194 2461 ipsa
213 2386 323 2442 charitas
339 2383 432 2450 ponitur
445 2384 517 2438 torma
531 2385 592 2436 fidei.
