1992 3317
354 206 385 242 ns
401 205 514 243 snsrnrrn.
787 201 830 248 8⁰1

70 281 95 330 nd
114 279 181 329 bonon
194 278 288 330 divium
304 295 310 330 ε
328 279 359 329 iic
379 281 447 330 eiiam
463 281 554 345 justitia
571 282 662 348 legalis,
681 284 707 334 in
723 290 832 348 panium

69 350 145 402 ordiner
161 351 212 401 coins
227 351 326 402 omniurn
345 352 452 402 siricium
473 355 502 403 ad
516 353 601 403 bonum
617 367 744 406 commune.
769 357 832 408 Sinni

71 435 118 485 ergo
129 422 216 483 charitas,
227 435 276 485 qne
295 423 389 486 respicit
404 425 488 475 bonnm
503 425 605 476 divinum
618 430 643 476 ui
663 428 779 492 proprium
792 431 833 480 ob·

64 495 152 560 jectum,
167 493 240 558 justitio
258 498 293 544 est
306 496 406 558 qnsdnrn
423 497 530 560 specialis
542 496 613 547 cirins
627 500 751 549 secundnm
768 514 832 552 sunm

65 567 184 629 essentiam,
195 568 311 617 scendum
327 569 387 632 qnod
404 567 498 632 respicit
508 581 627 620 commune
636 570 722 620 bonnm
740 574 765 620 nt
777 565 844 636 pro?

62 640 127 704 prium
145 639 254 702 oijccinnr.
269 639 297 688 Ei
306 639 342 688 sie
362 644 397 690 esi
410 641 433 689 in
446 639 547 704 principe
559 640 714 706 principaliter
726 647 750 693 ei
766 645 832 708 qnasi

58 708 227 773 orchiiecionioi3
242 711 266 760 in
280 711 376 761 subditis
390 715 466 762 aciem
481 711 630 776 secundario,
642 717 666 763 ci
678 715 743 776 qnasi
759 716 833 766 adrni-

57 781 260 832 cisternicensis
280 786 357 832 iernen
376 783 482 846 quelibet
503 784 578 833 virius
598 786 720 836 &cundum
737 789 797 851 qnod
818 789 832 839 i

55 854 252 919 prodiaconus,
265 855 358 921 speciali
377 854 468 919 quidem
486 853 511 905 in
525 855 634 918 essentia,
647 859 746 920 generali
755 863 831 910 antem

56 926 167 976 secundnm
181 924 290 986 nnuiern,
301 925 415 976 ordinatur
428 927 455 975 sd
466 927 551 976 bonum
569 939 703 990 commune,
722 929 766 979 dici
775 931 831 994 jus-

52 999 97 1047 ntia
111 997 191 1060 legalis.
208 997 236 1046 Ei
248 999 292 1047 hoc
312 997 380 1047 modo
400 997 507 1060 loquendi
520 997 610 1061 justitia
627 998 705 1060 legalis
717 1003 754 1050 est
771 1001 831 1051 idern

48 1072 70 1120 in
84 1067 176 1120 essentie
188 1078 235 1117 cnm
249 1067 310 1118 omni
324 1067 421 1132 virtuto,
435 1069 511 1118 differi
526 1074 602 1119 antem
624 1070 719 1121 ratione.
737 1071 767 1120 Ei
787 1073 831 1122 ison

47 1143 110 1192 inodo
125 1140 217 1204 ioqniinr
228 1139 388 1204 Philosophus.

73 1213 133 1262 Unde
148 1214 207 1274 porei
219 1211 334 1275 responsio
349 1213 376 1262 nd
397 1212 493 1277 primurn
511 1217 534 1264 ei
549 1213 682 1264 secundnm.

70 1286 104 1334 An
118 1283 205 1334 teriiunn
218 1283 350 1346 dicendum,
362 1283 421 1350 qnod
436 1283 504 1335 eiiam
516 1285 554 1336 ilic
567 1283 623 1337 ratio
634 1286 756 1336 secundum
770 1287 831 1336 hunc

41 1359 127 1407 orodnrn
140 1355 238 1420 procedit
251 1356 278 1406 de
288 1355 377 1420 justitia
387 1356 472 1422 legali,
487 1359 610 1408 secundum
625 1357 684 1422 quod
701 1359 773 1410 einins
786 1358 830 1411 im·

40 1433 111 1491 pernis
124 1427 136 1476 i
143 1425 231 1491 justitia
244 1427 323 1492 legalis
335 1427 423 1478 dicitnr.

66 1502 98 1550 Ad
112 1502 214 1563 quartum
227 1499 354 1561 dicendum,
365 1499 425 1562 qnod
438 1499 544 1564 quelibet
555 1500 627 1552 cirins
640 1501 762 1552 wonndnrn
777 1515 829 1568 pro-

42 1574 103 1621 riam
117 1571 226 1621 rationem
240 1570 327 1620 ordinat
341 1575 415 1620 acirim
429 1585 494 1620 sunm
507 1572 534 1620 sd
549 1572 664 1636 proprium
681 1572 751 1622 inem
769 1573 830 1625 illius

40 1643 129 1692 iniciis
146 1641 210 1702 Quod
223 1643 297 1692 aniene
312 1640 426 1692 ordinetur
434 1643 462 1691 ad
481 1641 609 1693 ulteriorem
619 1643 697 1707 iners,
709 1645 758 1694 sine
769 1658 829 1694 sem·

41 1729 82 1775 nr,
98 1711 297 1775 sincerissimo,
315 1713 359 1762 hoc
372 1725 419 1762 non
435 1713 505 1764 habet
517 1727 545 1764 er
560 1713 648 1778 propria
668 1714 767 1774 rationc3
789 1716 829 1766 scd

43 1788 118 1847 porici
130 1795 182 1835 esse
201 1783 269 1832 arian
283 1782 422 1846 superiorem
437 1783 571 1834 siriniensi
586 1797 630 1846 qna
643 1784 667 1832 in
681 1784 745 1834 iilum
761 1785 829 1835 inem

41 1857 153 1905 niineiur.
169 1853 199 1904 Ei
215 1853 248 1904 sie
260 1857 348 1918 oporiet
361 1867 411 1905 esse
425 1867 492 1904 unam
509 1855 615 1905 virtutem
627 1855 764 1918 superiorem
780 1871 830 1919 qne

43 1927 115 1976 *dinei
129 1939 211 1977 omnes
225 1923 322 1976 virtutes
337 1926 362 1976 in
375 1926 459 1976 bonnm
477 1938 612 1986 commune,
627 1939 678 1989 qun
694 1930 730 1976 esi
739 1926 831 1991 justitia

42 1997 118 2060 galis,
134 2003 159 2048 ei
176 2001 213 2048 esi
227 1997 269 2047 niis
281 2009 322 2062 per
334 1996 458 2048 essentiam
471 1998 498 2047 ab
515 1995 577 2048 omni
590 1995 682 2048 rirtnie.

316 2179 472 2230 sisinnius
487 2179 536 2229 Vll.

42 2303 136 2350 Ulrr'sm
152 2302 188 2348 sit
206 2303 291 2362 aliquo
301 2302 401 2360 justitio
415 2303 573 2410 pnrltr'cnicnris
585 2306 670 2360 prater
681 2303 803 2359 iustitiam

363 2378 450 2421 peoora
461 2378 505 2410 ero.

43 2495 73 2543 id
87 2492 231 2558 septimum
241 2489 408 2556 sicprocenliinr
419 2491 565 2554 (Minois
580 2491 694 2556 pnonnon
711 2495 742 2543 sii
755 2493 831 2558 niiqoc

43 2566 98 2616 iiiia
115 2564 274 2630 particularis
289 2567 370 2628 proies
381 2563 494 2629 justitiam
513 2565 649 2628 generalem.
665 2567 691 2615 ln
705 2565 830 2616 virtutibus

47 2653 63 2686 n
83 2637 151 2688 nihii
168 2641 209 2688 esi
224 2637 381 2702 superfluum,
398 2635 457 2686 sicut
473 2637 553 2686 necin
571 2640 659 2686 nrinrn
679 2637 723 2687 Sed
739 2637 831 2701 justitia

43 2711 126 2761 ernlis
151 2708 304 2761 sufficienter
319 2710 412 2761 ordinat.
427 2708 545 2760 hominem
564 2707 625 2759 circs
641 2709 784 2772 omniaque
801 2709 831 2759 ad

43 2864 63 2926 Ι)
87 2867 128 2911 De
146 2865 192 2910 his
203 2867 279 2912 etiarn
291 2863 359 2924 iniri,
374 2877 415 2922 qn.
427 2861 467 2922 59,
482 2869 527 2909 ori.
539 2863 569 2919 13
585 2870 611 2911 ιιι
621 2869 645 2911 ci
658 2864 670 2911 1
682 2897 688 2926 ‚
698 2864 722 2926 ἢ,
738 2877 778 2922 qn.
789 2863 829 2925 60,

51 2932 67 2975 3
79 2946 87 2983 ς
109 2933 140 2974 et
157 2930 183 2976 V
200 2929 298 2979 liiiio„
312 2929 366 2975 ieci.
378 2928 406 2990 1,
418 2927 448 2989 s,
468 2934 491 2974 er
504 2927 528 2973 ³.
