1992 3317
307 144 496 185 cursuscursus
513 147 616 187 oum.
829 144 859 191 tt

55 224 251 287 peristomium
263 220 307 285 qui
316 220 369 273 siue
376 221 459 273 timore
470 225 506 274 est
515 237 560 274 uou
572 225 791 290 poteritjustitioeri
808 244 821 276 e
833 229 862 279 Et

54 293 142 357 iterum,
155 306 198 359 pttr
209 291 350 345 emmaum
356 330 366 356 ‚
377 294 504 345 secundum
516 294 574 346 iilud
582 297 650 354 Luc,
663 298 706 347 Vll
717 314 723 348 ι
737 314 753 347 α
761 298 862 351 Dimissa

53 365 240 430 surreptorum
251 366 344 426 muita,
360 366 477 429 quonism·
486 367 567 419 ditexit
580 367 688 419 multtum.
701 371 755 421 »ut
766 371 858 433 iterum,

54 450 87 499 per
99 436 267 499 humilitatem,
284 437 414 489 secuudum
432 438 488 489 iilud
504 440 568 496 lac,
584 440 636 490 iv:
653 456 668 488 u
686 442 746 492 Deus
757 443 860 507 superbis

54 510 143 571 resistit,
157 509 291 561 humilibus
305 513 385 561 autem
401 510 440 560 dat
452 510 553 572 qratiam.
568 528 582 559 u
597 513 627 563 us
643 511 726 563 iterum
736 526 778 579 per
790 516 860 567 mise·

54 582 176 645 ficuum,
195 581 330 633 secuudum
349 581 406 631 iliud
417 581 545 637 crocco..
562 584 601 633 XV
617 600 629 635 r,
644 601 659 632 u
673 585 717 636 Per
733 586 860 639 misricor-

52 655 216 708 tisuctfideru
227 658 360 719 purgantur
373 656 476 719 peccata.
488 670 503 701 u
512 656 563 706 Nou
572 669 628 719 ergo
639 657 713 721 magis
723 661 799 709 motus
808 659 860 712 coer

53 727 163 789 requiritur
182 726 214 777 ad
233 724 428 791 justificationem
445 724 508 791 impii
529 727 595 791 quim
611 732 688 779 motus
701 730 859 793 predictarum

54 796 161 849 uirtutum.

79 873 100 919 2
114 870 251 934 Preterea,
266 872 335 921 actus
348 869 404 919 fidei
415 881 462 921 uec
482 870 603 935 requiritur
619 872 650 922 ud
661 872 857 936 justificationem,

52 942 129 993 uisi'us
144 947 258 1006 quantum
277 955 320 1007 per
337 942 408 993 fidem
420 942 488 993 homo
501 943 617 1005 cognoscit
625 941 713 995 ceum.
725 946 770 997 Sed
789 946 858 997 etiam

51 1013 99 1065 uiis
108 1014 178 1065 modis
189 1018 271 1079 potest
285 1016 356 1065 humo
371 1014 449 1065 Deum
460 1027 615 1077 cognoscere,
629 1013 717 1065 scilicet
725 1029 768 1080 per
780 1016 859 1081 coqui·

51 1086 131 1137 tionem
146 1086 279 1137 naturalem
295 1089 319 1135 et
335 1098 378 1149 per
396 1086 481 1135 durium
493 1085 623 1149 sapientie.
639 1085 699 1149 Ergo
716 1098 763 1137 uou
784 1087 859 1152 requi·

51 1155 103 1205 ritur
115 1161 180 1209 actus
200 1156 256 1207 fidei
270 1157 299 1207 ad
310 1155 503 1219 iustificationum
515 1156 590 1220 impii.

80 1232 101 1278 3.
118 1229 251 1291 Praeterea,
274 1227 361 1280 diuersi
385 1229 440 1278 suut
460 1227 547 1277 articuli
565 1228 620 1281 ficei
638 1244 645 1277 r
666 1227 688 1279 si
708 1228 779 1292 igitur
793 1234 859 1283 totos

51 1301 99 1351 iicet
110 1301 243 1365 requiratur
254 1300 284 1351 ad
293 1296 484 1362 iustificationum
492 1299 569 1363 impii,
578 1300 668 1352 ridetur
675 1301 736 1365 quot
743 1305 860 1365 oporteret

53 1372 162 1425 homiuem
173 1372 270 1436 quaudo
284 1370 358 1435 primo
368 1369 521 1433 instituatur,
530 1372 557 1421 de
571 1371 677 1423 omuibus
688 1370 789 1421 articulis
806 1372 860 1424 iidsi

51 1444 154 1506 cogitare.
170 1444 220 1495 Sed
238 1443 284 1493 hoc
306 1440 398 1493 videtur
418 1440 598 1504 inconvenieus,
614 1442 666 1494 oiim
682 1442 736 1493 tatis
753 1442 861 1507 cogitatio

54 1516 136 1578 largam
154 1514 271 1579 temporis
295 1526 383 1564 moram
404 1512 514 1576 requirat,
531 1514 590 1578 Ergo
609 1514 702 1565 videtur
718 1514 779 1579 quid
795 1517 868 1565 actus·

52 1586 100 1636 idei
120 1600 168 1638 uou
183 1584 317 1650 requiratur
329 1586 358 1635 ad
369 1582 558 1649 justificationem
572 1584 646 1649 impii.

78 1659 121 1711 Sci
134 1661 217 1710 contra
233 1662 270 1709 est
276 1694 286 1721 ,
301 1654 361 1720 qu'cd
374 1655 460 1706 dicitur
473 1657 554 1716 Rom„
566 1658 585 1705 V
601 1672 607 1705 :
624 1672 640 1704 o
652 1655 776 1707 iustificati
789 1657 857 1720 igitur

51 1744 77 1779 rr
91 1727 134 1781 ide
145 1729 192 1794 (1),
206 1740 292 1793 pacem
304 1728 431 1779 habeamus
444 1727 472 1776 ad
485 1726 565 1778 Deum.
579 1744 594 1775 u

80 1800 248 1863 (Cosmusro.
263 1826 297 1837 -
308 1797 368 1849 Cium
384 1798 413 1847 ad
430 1795 496 1860 impii
514 1798 713 1861 justificationem,
735 1798 817 1851 mentis
834 1798 859 1851 iu

51 1876 120 1924 ceum
138 1871 264 1925 ccurcrsio
284 1870 429 1935 requiratur,
443 1868 519 1933 prima
535 1873 612 1921 autem
632 1870 683 1934 eJ'us
698 1870 817 1921 conversio
830 1872 857 1923 iu

52 1947 117 1995 ticum
133 1947 173 1995 irat
189 1956 233 2009 per
251 1942 337 2003 iidem,
357 1940 410 1992 iidci
435 1942 521 1991 motum
540 1942 568 1991 ad
589 1940 656 2005 impii
671 1940 857 2005 justificationem

51 2017 133 2079 requiri
146 2014 300 2065 manifestum
314 2012 376 2077 est.)

80 2088 216 2153 Rerpcudeo
226 2086 364 2149 dicendum,
380 2082 442 2148 quid
453 2082 514 2133 sicut
527 2083 612 2135 dietum
624 2088 661 2135 est
672 2085 723 2149 (art.
737 2086 772 2149 t),
783 2088 858 2136 motus

53 2159 114 2209 ,iteri
132 2157 226 2210 arbitrii
243 2156 368 2221 requiritur
386 2156 416 2205 au
429 2154 618 2217 Justiiicatiouem
635 2153 714 2220 impii,
733 2157 857 2207 secuudum

52 2230 108 2292 quod
128 2243 196 2281 meus
209 2227 313 2280 hominis
325 2229 430 2279 moretur
446 2224 458 2275 i
474 2226 529 2275 Dec.
544 2226 608 2277 Deus
622 2229 793 2279 autemmovet
807 2226 858 2278 aui·

54 2314 110 2351 uram
117 2301 220 2352 hominis
230 2300 386 2351 convertendo
392 2310 445 2349 eam
455 2297 484 2346 ad
489 2297 598 2362 seipsum,
609 2297 857 2349 utdioituriuPsulm.

57 2371 321 2435 tumtt‚sccuur1um
336 2370 405 2421 aliam
418 2368 526 2419 Litteram
537 2370 573 2434 (e)
589 2386 594 2419 :
609 2370 710 2433 «Deus,
728 2373 755 2419 tu
767 2382 860 2421 ocurrer*

86 2479 116 2544 (ii
130 2484 195 2537 Quod
214 2482 249 2529 ric
264 2481 426 2527 Theodoretue
443 2484 610 2525 commentatur
625 2499 630 2525 :
647 2480 721 2525 Fides
738 2482 859 2526 remissio-

54 2558 105 2590 nem
122 2550 283 2605 pcccatorum
307 2543 374 2589 vobis
396 2540 504 2591 tribuit,
523 2555 609 2600 cosque
630 2542 796 2588 immoraturos
813 2555 860 2601 per

54 2606 197 2665 captiuorum
216 2610 239 2653 et
251 2608 334 2665 justet
352 2606 424 2665 [ectu
440 2606 552 2650 corruenti
567 2609 647 2651 actem
664 2604 731 2650 uobis
744 2617 799 2651 orem
814 2605 859 2649 r‘tto

51 2682 132 2726 pacem
143 2682 294 2717 conservare
305 2680 377 2726 quom
387 2667 493 2713 irritetis.
511 2670 541 2713 Ut
551 2672 575 2713 et
587 2668 650 2713 Beda
665 2665 709 2729 (ex
719 2667 857 2727 Augustino,

55 2731 203 2793 opuscul)
217 2750 224 2777 ε
241 2731 317 2779 Fides
330 2732 447 2790 impetrat
456 2730 669 2789 justificationem,
682 2734 726 2775 ets.

87 2801 116 2863 (ἰ)
135 2804 249 2851 Nimirum
268 2804 337 2859 Juxta
357 2801 483 2847 editionem
506 2799 538 2845 70
555 2803 725 2859 interpretum,
743 2812 772 2844 ex
785 2810 861 2856 prroco

53 2864 189 2939 imqpiqag,
200 2866 245 2915 uhi
258 2864 361 2925 Vulgata
376 2864 441 2925 legit,
460 2874 523 2909 rere.
537 2862 552 2908 't
566 2879 572 2909 r
594 2863 630 2908 Ta
643 2872 782 2909 conuersus.
879 2882 883 2887 ·
