1992 3317
153 179 199 226 tit
258 185 367 224 succum
383 183 507 232 sucorum,
521 183 616 229 comer.
633 182 722 232 mvl,
736 181 793 220 aar.
812 183 848 221 rr.

153 275 235 327 genere
252 260 339 326 peccati
354 259 455 311 mortalis
475 260 623 310 inueniuntur
635 257 705 322 aliqui
717 257 851 322 imperfecti
864 263 949 318 molus,

153 332 334 384 insensualitate
348 331 487 394 existentes,
502 330 542 394 qui
552 333 606 380 snut
620 333 712 393 peccata
725 328 842 391 venialia,
857 330 950 381 montio

153 418 234 468 genere
248 401 367 465 adulterii,
382 403 469 466 primus
483 407 559 453 motus
572 400 776 466 concupiscentiae,
792 405 818 450 et
839 401 864 452 in
876 414 953 465 genere

152 473 268 526 homicidii
280 473 366 537 primus
380 478 454 524 motos
467 473 516 524 irae.
535 476 568 524 lta
583 473 652 524 etiam
667 473 692 522 iu
708 485 792 535 genere
807 471 905 524 invidias
922 473 952 522 io·

153 546 275 595 veniuntur
287 543 357 608 aliqui
372 543 438 609 primi
452 546 544 605 motus,
558 545 693 609 quandoque
707 543 778 594 eliam
794 543 822 611 iu
836 544 895 595 uiris
907 559 952 609 per·

153 615 226 674 tectis,
240 615 279 680 qui
294 620 347 665 sunt
361 620 453 680 peccata
467 615 572 667 venialia.

184 687 218 738 nd
232 687 328 752 primum
343 699 397 752 ergo
411 688 539 748 dicendum,
551 686 611 750 qudd
626 691 701 739 motus
715 686 822 748 inuidiae,
833 687 953 738 secunddn

153 759 213 824 quod
227 762 262 810 est
271 758 346 823 passio
362 757 523 818 sensualitatis,
534 763 569 808 est
582 757 688 821 quiddam
700 758 866 822 imperfectum
879 760 905 810 iu
918 773 952 822 ge·

154 843 207 880 nere
222 835 313 880 actuum
329 831 492 890 humanorum,
505 842 600 892 quorum
614 829 750 894 principium
766 833 804 880 est
817 832 888 881 ratio.
897 831 953 881 Unde

153 901 205 952 talis
220 901 303 952 invidia
315 914 361 952 non
375 903 410 950 est
422 904 539 964 peccatum
554 901 657 951 mortale.
672 901 701 950 ut
716 901 799 951 similis
811 905 849 952 cst
861 903 951 953 ratiode

154 973 238 1024 invidia
250 971 404 1037 paruulorum,
415 971 438 1022 iu
450 969 534 1034 quibus
547 986 592 1022 nou
607 975 642 1022 est
652 985 706 1022 usus
716 973 821 1024 rationis

185 1045 248 1096 Unde
264 1046 325 1109 patet
338 1041 457 1107 responsio
474 1043 502 1092 ad
516 1044 649 1094 secundum.

185 1115 317 1166 ddtertium
330 1114 460 1178 dicendum,
468 1113 528 1176 qudd
536 1114 630 1171 inuidia,
640 1115 766 1165 secundum
777 1115 952 1180 Philosophum,

154 1186 177 1236 in
196 1187 217 1238 ll
232 1187 301 1235 litet.
317 1185 381 1250 (cap.
398 1187 440 1246 9),
457 1186 580 1248 opponitur
593 1189 617 1236 et
634 1186 720 1236 nemesi
736 1190 760 1235 et
780 1187 951 1247 misericordia,

154 1258 192 1307 sed
212 1255 335 1306 secundirm
354 1255 452 1305 diversa.
471 1257 528 1304 Nam
551 1255 711 1307 misericordiae
728 1258 856 1321 opponitur
875 1258 952 1309 diredi

153 1328 278 1377 secuudum
287 1325 469 1376 contrarietatem
481 1326 614 1392 principalis
623 1327 720 1393 objecli3
730 1327 823 1379 invidus
834 1330 899 1379 enim
910 1330 953 1380 tris·

154 1401 215 1448 tatur
235 1397 262 1447 de
281 1397 341 1448 bono
358 1397 468 1462 proximi,
484 1399 611 1450 misericors
629 1404 705 1450 alitem
727 1399 830 1450 tristatur
852 1403 881 1451 de
902 1402 953 1451 malo

154 1469 259 1534 proximi.
273 1469 337 1520 Unde
351 1469 423 1520 invidi
441 1483 486 1520 non
497 1474 550 1520 sunt
566 1471 738 1533 misericordes,
749 1470 811 1521 sicui
823 1471 913 1523 ibidem
924 1473 952 1522 di·

154 1543 221 1603 citrrr,
236 1555 279 1593 nec
293 1540 306 1594 d
321 1555 440 1592 conuerso.
455 1542 488 1590 En
501 1545 565 1608 parte
578 1556 633 1593 vero
648 1543 736 1607 ejusde
756 1543 895 1606 cujusbono
908 1544 953 1593 tris-

150 1617 214 1665 'tatur
225 1615 329 1676 invidos,
341 1614 462 1678 opponitur
472 1613 558 1664 inuidia
568 1614 665 1677 nemesi;
678 1615 776 1665 nemesis
783 1613 847 1664 enim
858 1616 954 1666 tristatur

155 1687 183 1738 de
200 1689 258 1739 bono
273 1686 365 1750 indigne
378 1686 509 1748 agentium,
520 1685 645 1736 seouodirm
665 1686 720 1736 illud
739 1686 836 1735 Psalm.
856 1688 952 1737 Llillll:

156 1776 170 1805 «
181 1759 257 1810 zelari
274 1772 342 1822 super
358 1757 448 1822 iniquos
459 1795 465 1818 ‚
477 1768 556 1820 pacem
574 1760 717 1820 ilementorum
732 1755 811 1806 ridens
824 1754 877 1822 (t);
892 1775 906 1806 n
923 1757 955 1806 in-

156 1829 220 1880 vidus
236 1835 310 1880 arrtem
327 1827 429 1879 tristatur
451 1828 479 1876 de
494 1827 554 1878 bono
573 1840 651 1878 eorum
671 1829 711 1892 qui
730 1832 783 1878 suut
799 1829 879 1893 digni:
899 1832 956 1880 nuda

155 1903 218 1964 patet
231 1901 290 1964 quod
300 1900 371 1963 prima
382 1899 528 1949 contrarietas
538 1901 574 1949 est
583 1898 655 1962 magis
667 1900 751 1950 directa
762 1912 832 1962 quam
847 1903 954 1952 secunda.

156 1969 308 2020 Misericordia
322 1974 396 2022 autem
409 1971 511 2034 quaedam
524 1970 596 2019 uirtus
614 1974 665 2031 est,
679 1974 702 2020 et
720 1969 840 2021 charitatis
853 1973 956 2036 proprius

157 2039 269 2092 effectus:
285 2043 343 2093 uude
357 2041 443 2093 invidia
461 2039 620 2092 misericordia
634 2041 756 2108 opponitur
769 2045 793 2092 et
807 2043 927 2095 charitati.

452 2219 614 2272 indicentis
622 2221 663 2271 lv,

335 2346 420 2390 Utrum
430 2345 524 2390 anemio
532 2345 564 2390 sit
574 2345 659 2390 vitium
669 2344 779 2401 capitote.

187 2473 219 2522 dd
234 2475 336 2536 quartum
348 2471 382 2522 sic
391 2471 520 2536 proceditur
529 2470 573 2537 (Ξ).
591 2469 686 2520 Videtur
697 2469 757 2535 qudd
768 2469 858 2522 invidia
871 2485 919 2524 non
929 2475 956 2523 sit

157 2543 235 2597 ritinm
248 2543 353 2608 capitale.
366 2543 427 2592 llitia
437 2541 497 2592 euim
507 2542 612 2607 capitalia
625 2542 796 2607 distinguuntur
809 2547 891 2596 eontra
904 2546 958 2595 filias
983 2552 985 2555 ·

191 2705 220 2768 (ll
236 2709 405 2765 Temporalem,
420 2712 545 2763 terrenam,
557 2705 642 2750 liuram
654 2712 678 2752 et
691 2707 813 2763 caducam,
824 2708 857 2753 ait
872 2709 958 2754 ibidem

157 2771 310 2826 herminum
326 2771 394 2816 aliurn
410 2769 495 2824 quippe
510 2767 596 2812 nullom
610 2768 698 2814 habere
711 2775 819 2826 possunt.

191 2835 221 2900 (Ξ)
237 2843 269 2887 lle
280 2838 316 2884 luis
325 2839 394 2896 etiam
407 2837 489 2895 sopri,
504 2850 545 2892 qe.
558 2834 602 2894 34,
615 2844 659 2901 art.
669 2839 698 2900 ὃς
713 2840 774 2886 etde
788 2842 863 2900 mele,
877 2854 920 2899 qu.
932 2841 955 2900 8,

158 2907 202 2945 art.
214 2900 237 2959 1,
248 2913 312 2957 corp.
325 2906 349 2946 et
363 2901 392 2946 ad
401 2899 431 2954 5;
447 2904 473 2944 et
482 2911 523 2956 qu.
535 2896 579 2958 10,
595 2903 641 2944 art.
653 2900 685 2952 3„
983 2904 985 2963 i
