1992 3317
131 194 161 241 86
265 200 342 239 ΡΙΙΙΔ
356 198 483 248 SECUNDAE,
497 197 589 244 QUAEST.
608 197 680 249 cxiv,
695 195 751 237 ΛΠ.
769 199 787 235 t.

384 374 552 446 UUmsuio
569 374 671 439 dxlv.

131 523 165 568 De
179 521 277 571 mrito,
290 517 355 577 quod
368 521 401 565 ert
416 517 511 576 effectur
525 518 612 575 oratio
626 516 791 575 cooperantia,
806 518 834 563 to
852 518 932 565 doceor
975 534 976 597 g

421 589 540 635 anicetus
552 590 642 635 dicito.
976 625 977 683 1

163 740 253 792 Deinde
270 738 458 791 considerandum
478 742 514 789 est
538 740 564 789 de
580 738 677 800 nerito,
699 738 759 800 quud
781 740 820 787 est
836 738 936 789 eiectus
977 717 978 749 ¹

132 812 211 876 gratie
224 811 376 875 cooperantis.
978 808 979 833 ¹

165 886 193 935 iit
208 883 269 933 circa
284 885 328 933 hoc
338 885 470 946 queruntur
480 882 558 935 decem
570 898 574 908 ·
588 885 614 931 κ’
628 883 707 931 Utrnrn
721 882 789 933 humo
806 881 882 945 possit
896 883 937 932 ali·
979 901 980 913 ¹

134 956 188 1019 quid
205 956 288 1005 mereri
300 955 315 1005 ir
326 956 385 1005 Deo.
396 959 423 1003 2⁰
435 955 513 1004 Utrum
527 952 608 1016 aliquis
623 952 673 1003 sine
685 950 758 1015 gratia
768 952 842 1015 possit
850 953 937 1004 mereri
980 993 981 1001 ,

134 1027 204 1077 vitam
226 1029 341 1078 aternam.
358 1032 384 1076 ³⁰
400 1026 480 1076 Utrum
493 1024 575 1087 aliquis
592 1038 634 1089 per
653 1024 747 1089 gratiam
767 1025 841 1088 possit
854 1026 939 1077 mereri
981 1085 982 1095 ἶ

134 1098 204 1149 uitam
220 1099 328 1148 eternam
344 1111 374 1148 cx
389 1096 511 1159 condigno.
530 1099 555 1145 t⁰
572 1098 651 1146 Utrum
669 1094 741 1158 gratia
755 1094 787 1145 sit
799 1094 939 1160 principium

134 1168 250 1230 merendi,
269 1168 383 1219 mediante
403 1165 513 1217 charitate
535 1164 697 1229 principaliter.
723 1169 748 1214 go
768 1166 850 1215 Utrum
868 1166 940 1217 homo
982 1174 983 1199 ¹

134 1238 207 1302 possit
221 1238 264 1289 sibi
277 1239 358 1291 merari
372 1238 468 1302 primam
482 1238 586 1300 gratiam.
598 1242 625 1285 6⁰
640 1237 719 1287 Utrum
732 1237 809 1301 possit
821 1248 872 1289 mm
891 1253 942 1290 me·
983 1266 984 1289 t

136 1310 179 1361 reri
190 1310 236 1359 aiii.
249 1312 276 1357 ‘tv
286 1310 368 1359 Utrum
380 1309 455 1375 possit
465 1309 510 1359 sibi
520 1308 601 1373 aliquis
615 1308 698 1359 mereri
707 1307 876 1371 raparationem
889 1314 942 1374 post
984 1359 985 1371 g

135 1383 231 1445 lapsum.
250 1386 277 1430 8⁰
287 1382 365 1432 Utrum
379 1380 452 1444 possit
460 1380 504 1430 siti
515 1382 597 1445 aliquis
607 1380 688 1431 mereri
699 1384 848 1443 augmentum
857 1382 938 1444 gratia

138 1452 175 1503 ret
190 1451 317 1502 charitatis.
337 1457 364 1501 90
379 1452 459 1501 Utrum
476 1450 546 1515 possit
563 1450 606 1502 sibi
626 1451 707 1502 mereri
726 1450 817 1501 finalem
832 1464 944 1515 perseue-
985 1451 986 1466 ¹

136 1523 240 1575 rautium.
255 1526 296 1573 10⁰
311 1524 391 1574 Utrum
404 1524 462 1575 bona
481 1522 614 1586 temporalia
629 1523 710 1573 cadant
727 1523 769 1573 sab
782 1522 875 1573 merito.

440 1690 601 1744 anachLUs
616 1694 634 1742 1.

272 1810 356 1854 Utrdrm
365 1812 432 1855 tremo
440 1810 515 1867 possit
524 1808 617 1866 aliquid
626 1808 713 1853 mereri
723 1806 737 1852 ὰ
747 1808 804 1853 Deo.

170 1928 202 1976 dd
215 1926 311 1989 priorum
326 1927 360 1976 sic
378 1926 514 1990 proceditur.
534 1925 629 1977 Videtur·
647 1925 707 1989 quod
723 1926 791 1975 homo
806 1937 854 1976 non
867 1929 945 1991 possit

138 1997 224 2061 aliquid
237 1996 320 2047 mereri
334 1996 347 2047 i
360 1998 419 2047 Deo.
430 1997 510 2048 Nutlus
527 1996 587 2048 enim
603 1997 694 2047 ridetur
709 1996 838 2047 mercedem
855 2000 944 2051 mereri

138 2084 167 2120 ex
180 2071 224 2119 troc
233 2068 293 2132 quod
303 2068 376 2118 reddit
388 2067 451 2119 alteri
464 2068 525 2133 qnod
538 2069 612 2119 debet.
622 2068 667 2119 Scd
680 2066 803 2133 peremnia
814 2068 877 2119 hona
890 2084 945 2133 qum

139 2139 250 2203 tacimus,
265 2152 310 2190 non
330 2152 451 2203 possumus
471 2139 609 2191 sufficienter
626 2152 798 2204 recompensare
817 2140 868 2191 Deo
882 2144 947 2206 quod

139 2211 262 2272 debemus,
275 2209 331 2274 qrrin
347 2224 439 2275 semper
449 2211 547 2277 amplius
561 2212 692 2271 debeamus,
707 2212 733 2259 ut
744 2209 814 2261 etiam
833 2211 949 2263 Philoso-

139 2284 198 2346 phus
212 2281 265 2331 dicit
282 2282 305 2332 in
320 2282 380 2333 Vlll.
393 2284 476 2333 Etlsic.
495 2285 565 2345 (cap.
586 2282 626 2333 uit.
637 2282 656 2346 ).
674 2282 738 2333 Unde
755 2285 777 2331 et
791 2282 864 2339 due,
883 2284 948 2335 xvtt

140 2352 241 2403 dicitur:
259 2354 343 2403 «Cum
364 2353 503 2416 omniaque
518 2356 632 2417 praecepta
648 2356 701 2404 sunt
716 2350 829 2412 feceritis,
849 2352 925 2405 dicite
941 2371 947 2405 :

140 2422 207 2473 Serri
217 2423 310 2474 inutiles
324 2438 415 2486 sumne,
427 2425 489 2489 quod
502 2424 619 2475 debuimus
634 2424 720 2486 iacere,
737 2423 842 2474 [comeus.
856 2426 950 2491 »Ergo

140 2495 207 2544 lromo
220 2506 265 2544 non
283 2497 360 2559 potest
373 2494 457 2560 aliquid
472 2496 555 2546 mereri
566 2496 580 2546 d
596 2498 653 2547 Deo.

171 2570 195 2614 a.
210 2568 337 2630 preterea,
353 2580 383 2617 en
401 2581 428 2618 eo
441 2568 500 2632 quod
514 2567 596 2633 aliquis
612 2566 655 2619 sibi
664 2566 767 2631 proficit,
782 2564 840 2615 nihil
852 2567 950 2621 videtum

140 2637 222 2688 mereri
236 2638 296 2703 apud
307 2640 378 2689 Deum
393 2640 430 2690 cui
445 2637 501 2688 niirii
512 2638 608 2704 proiicit.
619 2639 664 2689 Sed
675 2640 743 2689 homo
754 2638 813 2689 bene
826 2644 949 2703 operando

140 2708 184 2758 sihi
197 2708 286 2773 proiicit
297 2712 334 2763 rel
348 2711 412 2762 altari
427 2710 531 2771 homini,
546 2724 592 2762 non
608 2714 683 2762 autem
697 2712 763 2774 Deo;
778 2708 861 2760 dicitnr·
880 2713 949 2763 cuim

139 2780 194 2840 tob,
209 2781 307 2832 XXXV:
322 2799 336 2830 «
349 2782 373 2832 Si
384 2784 446 2847 juste
463 2781 553 2845 egeris,
567 2782 621 2845 quid
633 2782 726 2833 donabis
742 2782 764 2833 ei
779 2783 818 2831 aut
836 2781 893 2846 quid
919 2786 951 2836 de

141 2864 210 2902 manu
227 2856 265 2904 tua
286 2853 390 2919 accipiet
408 2870 422 2902 a
438 2853 496 2916 Urgo
515 2853 583 2906 homo
603 2867 648 2905 non
667 2856 742 2919 potest
762 2852 847 2917 aliquid
866 2852 950 2908 dDeo

145 2938 232 2975 meren.
