1992 3317
151 166 197 215 tut
296 176 403 214 suenum
419 174 645 226 oeconomum.
659 176 696 221 ιν,
711 174 766 214 aar.
784 178 802 214 r.

149 266 278 319 speramns3
298 256 312 300 ί)
331 253 448 304 ventatem
462 254 524 303 enim
538 252 630 315 ridere,
648 256 684 304 est
701 253 774 317 ipsam
788 254 882 307 habere.
899 256 947 306 Nou

150 330 225 376 autem
243 329 320 390 sperat
332 325 413 389 niquis
424 325 447 375 id
460 326 520 389 qnod
532 326 580 389 jam
594 326 675 389 habet,
692 326 731 376 sed
744 338 797 389 spes
811 330 848 379 est
863 328 891 379 de
904 329 949 377 hon

150 398 209 461 quod
222 410 268 449 nou
281 398 386 459 habetur,
398 400 424 446 nt
437 397 506 460 suprtr
517 396 600 447 dietum
615 400 650 447 ast
667 399 703 461 tt,
714 400 738 460 a,
749 410 788 460 qu.
801 402 841 461 67,
853 403 896 450 art.
910 402 923 447 t
937 398 954 463 ).

150 468 189 517 Sin
199 482 253 532 ergo
271 468 379 520 habitudo
390 472 455 517 aetus
471 468 524 518 fidei
537 469 564 517 ad
581 468 662 528 tinem,
673 468 712 531 qui
727 471 762 517 est
777 469 895 533 objectum
907 482 951 521 vo·

149 540 261 604 luntatis,
273 538 412 604 significator
429 538 454 587 iu
466 540 511 588 hoo
531 538 591 601 qaod
611 538 695 588 dieitur
711 554 716 587 ι
732 554 745 585 rr
760 538 829 589 Fides
847 544 884 591 est
898 542 954 591 suh·

150 611 232 662 nuntia
245 625 320 661 rerum
331 610 503 674 sperandarum.
515 626 529 656 u
539 609 670 659 Substantia
680 609 741 659 enim
753 610 810 660 solet
820 611 865 661 diri
877 612 955 675 prima

149 680 264 734 inchoatio
283 683 462 747 cujuscumque3
477 684 502 731 et
517 680 614 732 maxime
633 680 723 743 quando
736 683 784 731 tuta
799 694 838 731 res
853 695 958 747 sequens

150 754 278 805 continetur
292 754 375 802 uirtute
386 752 411 801 in
427 753 501 815 primo
513 752 626 817 principio
642 755 714 815 :puta
727 752 747 801 si
761 750 879 823 dieamus,
891 758 955 819 qnod

149 826 222 890 prima
237 838 348 889 pnnrrpra
365 824 573 875 rademonstrabitia
589 827 643 873 suut
658 823 800 873 substruatur
822 822 958 889 acr'ee'rtr'oe;
984 840 985 885 r

149 897 202 961 quia
216 896 302 946 seilicet
314 895 425 959 primum,
439 896 501 959 qnod
514 896 537 944 in
552 895 616 944 uobis
630 898 666 943 est
680 896 708 944 de
721 894 825 957 scientia,
838 902 897 947 sunt
910 898 957 948 hu·

147 968 249 1031 jusmodi
262 966 389 1031 principia,
403 970 426 1016 et
439 966 462 1016 in
481 966 515 1017 eis
533 966 616 1016 virtute
633 966 762 1016 continetur
779 970 827 1017 tota
845 968 956 1021 scientia.
984 996 985 1053 p

149 1041 194 1091 Per
208 1041 268 1089 hune
288 1052 342 1102 orgo
358 1039 450 1089 modum
462 1037 545 1088 dieitur
562 1038 618 1089 tides
633 1051 683 1088 esse
702 1053 716 1086 rr
735 1038 862 1091 substantia
879 1054 961 1092 rerum
984 1054 985 1113 t

150 1113 326 1180 sperandarum
345 1125 359 1156 a
371 1109 424 1174 quia
439 1109 527 1159 seilicet
543 1110 615 1173 prima
630 1109 745 1160 inchoatio
768 1123 844 1159 rerum
859 1124 962 1175 sperau-

150 1184 230 1233 darum
248 1182 273 1231 in
284 1182 350 1232 notris
365 1185 400 1231 est
415 1194 457 1244 pur
470 1194 588 1231 assensum
602 1180 670 1240 fidei,
686 1192 736 1243 quae
751 1180 833 1231 uirtute
850 1185 964 1237 eontinet

150 1268 229 1306 omnes
244 1268 280 1304 res
292 1254 423 1316 sperandas.
436 1256 460 1303 in
474 1253 592 1303 nonenim
610 1264 726 1317 speramus
738 1252 877 1319 beatiiuari,
895 1261 963 1321 quod
984 1262 985 1309 t

150 1324 276 1375 ridebimus
287 1327 364 1387 aperta
375 1326 462 1375 risione
476 1324 608 1387 seruatum,
617 1324 653 1373 oui
666 1336 707 1388 pur
719 1324 786 1373 iidem
797 1325 960 1391 adiuuemus,
984 1312 985 1393 t

149 1401 175 1446 ut
187 1400 251 1459 patet
264 1409 305 1459 pur
320 1409 346 1447 oa
360 1410 411 1460 quar
425 1394 492 1461 supri
505 1398 533 1446 de
547 1396 656 1447 ieiiuitate
670 1395 730 1445 dicta
743 1400 804 1447 suut.
984 1396 985 1485 t

180 1468 291 1519 Habitudo
305 1472 455 1520 autumantes
467 1468 521 1520 fidei
539 1468 567 1518 ai
581 1468 695 1531 objectum
708 1468 855 1533 intellectus,
873 1484 965 1526 secun.
984 1488 985 1529 p

149 1541 203 1590 dum
215 1540 277 1603 quod
292 1543 326 1591 est
342 1540 457 1603 objectum
470 1539 538 1600 fidei,
556 1538 686 1603 designatur
697 1538 721 1587 in
732 1540 776 1589 hou
793 1541 856 1601 quod
872 1543 965 1597 dicitur

150 1629 164 1659 rr
177 1615 333 1675 argumentum
345 1624 392 1662 non
406 1612 575 1676 apparentium,
588 1626 601 1658 u
623 1614 646 1661 et
660 1610 756 1661 sumitur
769 1612 965 1675 ornamentum

148 1697 190 1748 pro
203 1682 330 1748 argumenti
348 1683 437 1734 effectu.
454 1684 497 1733 Per
513 1685 668 1745 argumentum
686 1683 747 1732 enim
761 1681 902 1737 intellectus
927 1692 965 1741 irr-

148 1755 238 1806 ducitur
252 1757 281 1807 ad
296 1755 451 1806 inhaerendum
469 1753 538 1805 aioni
551 1766 604 1804 vero
617 1770 623 1803 :
634 1754 693 1805 unde
705 1754 754 1819 ipsa
767 1754 833 1805 firma
851 1760 965 1815 adhaesio
984 1786 985 1805 r

148 1826 312 1879 intellectuum
326 1826 445 1877 veritatem
457 1824 510 1877 tidei
523 1838 570 1875 nou
586 1830 733 1889 apparentem
748 1830 842 1876 rotatur
859 1830 904 1881 hie
923 1852 968 1885 ar.

148 1901 306 1961 gumentum.
318 1898 383 1947 Uued
400 1897 445 1947 alia
458 1897 533 1947 littera
546 1897 615 1947 hahet
624 1896 670 1961 (t),
681 1898 803 1947 convictio
810 1935 819 1961 ,
833 1901 896 1963 quia
919 1910 967 1959 sui-

148 1969 250 2033 liuetper
260 1967 418 2019 auctoritatem
428 1968 528 2018 divinam
541 1964 671 2029 intellectas
680 1968 792 2019 credentis
803 1974 966 2031 convincitur

148 2043 176 2092 ad
196 2040 366 2091 assentiendum
377 2041 478 2105 hisque
488 2053 536 2092 nun
554 2039 626 2091 videt.
639 2041 664 2091 Si
678 2041 730 2105 quis
743 2052 795 2103 ergo
809 2039 836 2092 in
856 2045 968 2104 formam

148 2112 291 2163 diffinitionis
306 2114 437 2177 hujusmodi
461 2112 531 2163 verbu
550 2113 658 2163 reducere
684 2113 753 2174 vetit,
775 2116 856 2175 potest
882 2121 985 2177 (licere¹

149 2183 208 2249 qudd
226 2201 240 2231 u
253 2184 309 2234 fides
326 2187 362 2234 est
372 2184 464 2235 habitus
477 2183 560 2235 mentis
574 2194 619 2248 quo
632 2184 751 2234 iuuiroatar
763 2184 811 2233 vita
825 2192 931 2245 aeterna
944 2199 970 2248 tn
984 2196 985 2251 t

149 2255 224 2315 nobis,
238 2254 326 2306 iaciens
336 2255 477 2305 intellectum
496 2256 606 2306 assentire
620 2268 667 2306 non
685 2256 851 2320 apparentibus
863 2276 871 2324 3
890 2280 909 2311 u
925 2272 985 2333 pesp

149 2327 193 2375 hoe
211 2325 272 2375 enim
291 2326 349 2377 tides
361 2327 390 2376 ah
403 2327 508 2377 omnibus
527 2327 577 2377 aliis
594 2326 755 2389 distinguitur,
770 2340 820 2390 quur
840 2332 873 2381 ad
890 2332 985 2397 intpp}

149 2398 231 2448 lentum
243 2398 365 2461 pertinent.
382 2400 425 2449 Per
442 2401 486 2449 troo
503 2399 564 2449 euim
577 2400 635 2462 quod
654 2399 735 2449 dicitur
749 2410 951 2465 argumentum
984 2428 985 2459 2

149 2469 295 2534 distinguitur
306 2471 361 2521 fides
373 2472 402 2521 ab
417 2470 541 2534 opinione,
557 2469 687 2534 suspitione
704 2474 726 2522 et
739 2471 910 2545 dubitatione,
927 2455 985 2548 pe}

183 2576 214 2640 (1)
230 2582 298 2627 Juxta
309 2592 408 2638 gruum
421 2582 527 2652 ἔλεγχος,
544 2582 605 2638 quod
622 2581 736 2639 signifieat
758 2580 985 2649 renotatione-m,

149 2651 208 2695 siout
218 2656 242 2696 et
255 2654 395 2710 Augustinus
409 2653 478 2711 tegit,
491 2654 534 2698 tib.
549 2655 580 2699 ii.
600 2652 634 2699 Do
645 2657 799 2711 peecatorum
813 2662 928 2712 murrinis
950 2634 985 2717 ct}

148 2714 289 2760 remissione
308 2713 363 2773 (seu
381 2715 415 2759 Do
438 2714 564 2773 Baptismo
579 2713 775 2777 paruulorum),
788 2728 845 2775 cap.
870 2722 929 2787 31,
948 2742 985 2780 eg,

148 2777 223 2821 Truct.
239 2778 327 2823 LXXIX
339 2778 362 2823 in
376 2779 461 2829 loon.,·
474 2780 514 2823 ubi
529 2790 575 2825 nou
590 2780 768 2840 sperandorum
785 2792 827 2825 seu
848 2780 985 2843 spemn!

149 2841 212 2951 {ditm
224 2840 384 2887 intuentium
402 2846 484 2895 voeat;
501 2846 526 2889 ut
538 2847 562 2888 et
578 2840 638 2889 Beda
648 2844 671 2890 irr
686 2844 764 2903 Epist.
779 2843 811 2889 ud
827 2844 919 2903 Hetr.
938 2860 985 2908 ext

151 2904 278 2952 'terreturt⁶
396 2941 401 2945 .
984 2928 985 2957 p
