1992 3317
318 171 350 208 un
365 170 542 210 sssrrrurrorrs.
783 165 829 213 855

74 253 95 298 i.
115 249 236 310 Preteren,
252 246 327 298 nulius
352 251 441 298 terretur
460 247 544 299 crimen
561 261 627 298 snum
647 249 761 313 detegere.
782 251 828 302 Seri

47 321 152 384 aliquando
163 319 243 384 aliquis
256 317 422 369 restitutionem
438 319 556 380 iaciendo,
571 319 656 370 crimen
676 335 742 371 suum
765 323 829 373 dete·

46 394 85 454 git,
96 396 120 441 ut
127 396 186 456 patet
195 391 219 442 in
230 392 298 442 iurto.
309 391 368 455 Ergo
380 404 425 441 nou
437 403 526 456 semper
535 395 626 443 tenetur
636 392 674 443 iiie
684 394 724 457 qui
735 394 830 444 abstulit

45 464 160 514 restituere.

70 541 90 584 3.
106 537 224 594 meteres,
237 534 338 596 eiusdem
356 533 390 583 rei
408 547 454 586 non
472 538 508 585 est
523 535 637 586 multoties
659 536 771 587 restitutio
790 538 829 588 ia-‘

43 608 120 657 cienda.
141 606 184 656 Sed
198 606 332 670 quandoque
346 605 412 655 multi
425 605 491 656 sinum
510 619 557 656 rem
574 606 671 671 siquam
690 608 827 673 surripiunt,

42 682 60 726 et
72 689 127 726 unus
140 689 214 726 eorum
228 687 278 724 eum
290 675 377 739 integre
388 675 495 726 restituit.
506 677 566 738 Ergo
575 688 622 727 non
633 690 723 741 semper
733 678 772 730 iiie
786 678 827 744 qui

40 747 134 811 recepit,
147 749 236 797 teuetm
246 747 274 797 eri
286 746 460 798 restituendum.

66 819 108 868 Sed
121 820 203 878 corne,
213 817 252 868 iiie
265 817 304 881 qui
315 818 432 882 peccarit,
445 821 534 868 tenetur
545 818 683 869 satisfacere.
699 820 743 872 Sed
759 822 825 874 resti·

39 889 90 940 tutio
104 891 130 940 ad
140 887 314 940 satisfactionem
327 888 434 953 pertinet.
448 891 507 954 Ergo
518 889 556 941 iiie
570 889 610 955 qui
625 891 726 955 abortit,
736 896 827 944 tenetur

37 961 158 1010 restituere.
433 986 436 990 ·

65 1033 254 1095 (Concussro.-—
260 1033 283 1082 is
290 1045 380 1097 semper
390 1031 509 1084 restituere
517 1037 616 1097 tenetur,
628 1034 667 1098 qui
676 1047 725 1084 rem
731 1034 827 1086 atterius

34 1107 115 1170 injuste
127 1103 216 1168 accipit,
226 1103 343 1155 retinuito
352 1105 444 1155 domiuo
453 1104 548 1168 detinet3
557 1106 596 1169 qui
606 1118 660 1156 vero
668 1119 717 1155 rem
726 1106 825 1156 alienam

31 1177 110 1239 recipit
123 1176 205 1240 absque
215 1175 290 1226 danis
301 1175 400 1239 injuria,
416 1189 462 1227 nou
475 1188 517 1240 pro
532 1177 701 1240 suentisium,
717 1189 767 1227 earu
781 1177 825 1228 sini

29 1249 122 1297 striatam
136 1260 180 1296 non
192 1247 258 1312 culpa
270 1259 320 1310 sua,
332 1247 451 1298 restituere
462 1247 556 1301 minime
572 1252 668 1299 tenetur.
680 1251 688 1311 )

59 1317 192 1382 Respondes
217 1317 352 1380 dicendum,
370 1317 429 1382 quod
450 1319 508 1370 circa
523 1319 587 1370 ilium
606 1320 646 1384 qui
663 1333 711 1371 rem
727 1321 823 1372 aiienam

27 1393 126 1456 accepit,
140 1393 184 1441 duo
197 1394 251 1440 sunt
265 1390 425 1441 consideranda
440 1407 446 1440 :
461 1392 550 1443 scilicet
563 1393 615 1456 ipsa
627 1406 664 1445 res
681 1398 782 1460 occepta,
797 1400 821 1446 et

27 1466 74 1528 ipsa
87 1462 197 1527 acceptio.
208 1462 305 1512 Ratione
320 1467 396 1513 autem
406 1463 439 1514 rei
450 1466 541 1514 tenetur
550 1477 600 1514 curn
609 1465 738 1527 restituere,
747 1480 823 1531 quen-

27 1537 62 1585 ziiu
74 1548 124 1586 enm
139 1533 199 1598 apud
216 1547 240 1584 sc
253 1534 336 1597 hahet3
348 1535 402 1597 quia
419 1535 478 1597 queo
492 1535 563 1585 habet
575 1536 633 1585 ultra
646 1535 669 1586 iri
682 1539 744 1600 quoti
757 1553 824 1590 suum

26 1613 68 1669 est,
84 1607 152 1658 debet
170 1605 193 1655 ei
212 1604 329 1670 subtrahi,
345 1610 368 1656 et
385 1605 434 1656 tari
450 1601 618 1666 sirmiensi,
636 1606 759 1657 secundum
778 1609 825 1659 ior·

29 1693 81 1728 num
96 1676 265 1729 commutatione
277 1677 381 1740 justitie.
395 1677 438 1727 Seri
456 1676 505 1743 ipse
518 1678 621 1742 acceptio
641 1678 674 1728 rei
686 1679 767 1730 niienae
783 1695 823 1745 po-

29 1755 65 1799 est
79 1748 200 1813 tripliciter
213 1763 238 1798 se
253 1749 336 1799 habere
348 1763 355 1798 ε
368 1749 502 1811 quaudoque
517 1747 578 1800 enim
598 1753 634 1800 est
645 1749 765 1813 injuriosa,
778 1753 823 1802 sci-

27 1823 72 1872 ieet
85 1824 167 1871 eontra
186 1820 326 1870 uoluntatem
338 1819 439 1870 existens
453 1821 504 1884 ejus
518 1820 558 1884 qui
568 1821 646 1870 estrei
662 1821 779 1886 dominus,
797 1826 823 1874 ut

26 1899 81 1942 eret
95 1893 121 1942 in
136 1893 198 1940 iurto
212 1895 235 1942 et
247 1891 335 1955 rapina.
347 1891 376 1942 st
389 1895 443 1942 tune
453 1895 542 1941 tenetur
553 1893 580 1942 nri
589 1891 764 1955 restitutionem,
773 1907 820 1944 non

26 1966 91 2012 oium
105 1961 195 2013 ratione
205 1961 254 2024 rei,
269 1962 309 2012 sed
322 1961 390 2012 etiam
400 1963 485 2013 ratione
494 1961 611 2026 injuriosae
621 1962 733 2024 actionis,
746 1964 817 2014 eiiam

26 2036 33 2084 i
49 2049 88 2084 res
107 2033 170 2097 apud
181 2032 256 2096 ipsum
273 2045 318 2082 non
329 2039 452 2084 remaneat.
467 2031 530 2083 Sicut
545 2033 607 2084 enim
620 2033 659 2096 qui
673 2034 771 2098 percutit
783 2035 824 2085 sli-

28 2120 99 2168 uem,
114 2108 209 2154 tenetur
223 2115 395 2167 recompensare
414 2102 521 2166 injuriam
542 2116 626 2166 passo,
642 2105 745 2168 quamuis
764 2108 823 2171 apurl

26 2191 93 2226 usum
109 2175 169 2226 nihii
188 2178 287 2236 maneat,
301 2173 334 2223 ita
347 2173 416 2224 etiam
429 2174 468 2237 qui
480 2175 585 2234 furatur,
598 2175 636 2225 rei
648 2176 717 2240 rapit,
731 2179 823 2227 tenetur

26 2252 37 2299 i
55 2245 297 2311 recompensationem
311 2245 387 2295 damni
407 2245 462 2295 iilnti
469 2282 477 2308 ,
492 2245 581 2296 etiamsi
594 2246 652 2296 nihil
662 2248 715 2298 inde
728 2248 822 2312 habeat3

26 2335 30 2369 ;
49 2321 152 2370 ulterius
168 2327 211 2381 pro
222 2315 305 2380 injuris
320 2315 383 2366 iiiatn
400 2317 467 2367 debet
480 2316 562 2381 puuiri.
581 2316 630 2368 siio
645 2319 726 2379 modo,
741 2319 825 2383 aliquis

26 2393 102 2456 :cipit
117 2405 170 2442 rem
180 2389 275 2440 atterius
286 2389 311 2438 in
326 2387 448 2439 utilitatem
463 2402 528 2440 snam
537 2427 544 2452 ,
554 2390 639 2452 nosque
653 2389 753 2454 injuria,
771 2404 824 2440 cum

26 2465 137 2515 >instate
150 2462 240 2520 seilicet
252 2462 304 2526 ejus
318 2461 383 2524 eujus
393 2464 429 2510 est
443 2473 488 2524 res,
502 2461 562 2510 sicut
574 2463 638 2524 patet
650 2461 676 2510 iu
690 2462 784 2512 mutuis.
795 2464 825 2512 iit

26 2551 66 2586 ,ne
78 2536 121 2586 iiie
131 2534 174 2598 qui
188 2533 286 2598 accepit,
301 2536 390 2584 tenetur
401 2532 610 2584 adrestitutiousm
621 2533 672 2596 ejus
685 2535 746 2596 quod
759 2547 825 2584 acce-

26 2615 55 2670 t,
81 2619 135 2657 nou
158 2607 233 2656 sotum
252 2607 339 2656 ratione
353 2603 402 2666 rei,
422 2605 461 2654 sed
480 2604 549 2654 etium
569 2604 656 2655 ratione
676 2603 824 2668 acceptionis,

26 2677 107 2730 iamsi
126 2691 178 2730 rem
190 2677 307 2740 amiserit3
317 2679 407 2727 teneiru
421 2675 483 2726 enirn
496 2687 668 2738 recompensare
682 2676 704 2726 ei
716 2675 756 2739 qui
771 2687 824 2738 gra·

26 2766 63 2800 rm
80 2749 162 2812 iecit,
178 2748 239 2812 quod
251 2759 297 2798 nou
311 2748 358 2810 iiet,
372 2747 392 2796 si
401 2759 442 2811 per
451 2747 496 2797 hoc
505 2746 613 2795 damnum
625 2749 735 2796 incorrat.
748 2745 826 2796 Tertio

26 2824 89 2882 orio,
108 2819 198 2884 aliquis
211 2818 296 2882 occipit
309 2831 358 2870 rem
371 2818 465 2870 alterim
474 2819 560 2881 absque
571 2817 654 2882 injuris
667 2829 714 2868 uon
728 2830 769 2881 pro
783 2830 826 2866 sua

26 2894 132 2955 riitate,
151 2889 214 2943 sicut
226 2894 289 2956 patet
305 2890 329 2940 in
343 2889 462 2956 depositis.
475 2890 504 2941 st
517 2889 569 2942 ideo
581 2889 621 2941 iiie
633 2889 674 2954 qui
689 2888 726 2940 sic
738 2887 828 2952 aceepit
