1992 3317
297 128 329 184 bn
344 139 459 185 smarnos
475 126 627 188 bunuarium.
815 115 861 188 itt

208 295 212 300 ⁴
301 336 626 406 uonsrroxnurn.

97 472 132 524 bo
143 475 257 536 partuum
267 479 427 537 semmae,
439 481 470 528 ns
482 483 589 539 quarm
601 479 719 527 arcentor
732 480 821 528 asnaa.

93 629 180 680 nanno
193 628 380 680 murenarum
393 632 429 680 on
449 629 478 680 uc
493 629 597 693 potinus
612 616 747 694 priuenun.

92 699 159 751 Circa
175 712 230 764 ques
247 703 379 763 queruntur
393 703 489 764 quatuor
507 715 513 750 ε
529 703 555 750 1⁰
567 701 622 759 Quae
643 703 696 752 snut
708 703 786 765 partes
807 715 862 768 pru·

61 769 156 822 dontio.
171 775 198 819 2⁰
207 772 239 821 lte
250 770 351 836 naribos
363 772 429 836 qnasi
442 771 590 835 integralibus
602 770 663 836 ejus.
678 777 705 822 t·
717 773 748 823 lte
759 773 861 838 partibus

60 843 171 908 subiectis
181 843 241 907 ejus.
258 844 435 910 t⁰bepartibns
443 844 616 909 potentialibus.

363 1013 525 1066 tumemus
540 1015 559 1066 l.

90 1139 179 1186 Utriam
194 1139 359 1184 convenienter
371 1139 527 1195 monentur
536 1141 585 1184 tres
599 1141 680 1196 purten
692 1140 834 1198 prudentio.

91 1265 126 1318 ld
143 1265 243 1330 primum
257 1264 428 1330 sicproeoditur
439 1267 482 1331 (t).
493 1267 588 1317 Videtur
597 1265 658 1330 qudd
672 1265 861 1317 inconvenienter

60 1338 207 1403 assignentur
220 1341 269 1388 tres
276 1340 353 1401 partes
363 1338 497 1402 prudentiae.
508 1339 596 1390 Tullius
607 1339 666 1390 enim
680 1339 705 1388 in
719 1338 862 1399 illidetur„

60 1409 125 1472 ponit
144 1413 191 1459 tres
206 1412 282 1473 partes
293 1408 426 1473 prudentiae,
441 1408 528 1460 scilicet
543 1410 715 1473 «memoriam,
731 1408 861 1473 intelligen-

60 1479 114 1529 tiam
133 1479 345 1543 etnrouidentiam.
363 1496 377 1528 o
395 1480 520 1531 Macrobius
538 1485 613 1532 auum
627 1479 751 1532 secundini
770 1487 861 1532 senteu-

59 1551 114 1602 tiam
128 1550 225 1614 Plotini,
238 1551 341 1601 attribuit
353 1551 480 1616 prudentie
493 1564 548 1612 son,
560 1550 647 1602 scilicet
662 1551 814 1613 «rationem,
828 1551 864 1600 in-

58 1623 192 1682 tellectum,
216 1621 456 1686 circumspectionem,
479 1621 661 1686 prouidentiam,
679 1621 817 1672 docilitatem
840 1624 864 1673 et

59 1694 227 1745 saumonem.»
240 1694 374 1744 adstoteies
384 1697 459 1744 autem
472 1694 496 1744 in
510 1693 539 1744 Vl
554 1693 647 1748 otuu„
661 1691 714 1742 dicit
729 1693 756 1742 ad
766 1692 863 1756 pruden-

58 1763 115 1816 tiam
130 1765 249 1830 pertinere
264 1765 417 1827 «eubuliam,
427 1765 528 1830 synesin
539 1768 562 1816 et
571 1775 677 1829 gnomen.
688 1779 702 1811 n
715 1763 782 1814 Facit
795 1761 863 1813 eliam

59 1836 203 1886 mentionem
217 1835 278 1885 circa
287 1836 426 1899 prudentiam
438 1837 466 1887 de
482 1853 497 1884 c
510 1835 627 1886 eustochio
640 1839 663 1889 et
679 1833 781 1897 solertia,
794 1845 864 1884 seusu

59 1909 83 1955 et
98 1906 227 1957 intellectu.
239 1922 254 1953 n
269 1906 364 1966 Quidam
383 1911 460 1958 autem
474 1907 532 1958 alius
544 1907 693 1972 pbilosoobus
709 1919 796 1969 greum
809 1904 864 1955 dicit

59 1976 120 2040 qnod
135 1978 163 2028 ad
179 1977 321 2042 prudentiam
339 1979 419 2028 decem
436 1979 563 2042 pertinent,
575 1977 661 2029 scilcet
676 1992 690 2024 «
705 1977 796 2028 eubulia
804 2012 812 2040 ,
827 1987 863 2026 so·

58 2046 134 2113 lertia,
148 2049 299 2114 providentia,
313 2050 439 2113 saguntina,
454 2050 570 2111 militaris,
584 2048 690 2112 politica,
705 2047 862 2109 oeconomica,

57 2119 196 2184 dialectica,
212 2121 325 2172 rhetorica
337 2123 362 2171 et
375 2120 504 2186 physica.»
521 2123 579 2186 Ergo
591 2119 679 2171 uidetur
692 2119 752 2183 quubd
765 2119 802 2171 uel
816 2130 863 2168 una

59 2191 186 2256 assignatio
199 2192 231 2242 sit
244 2194 374 2257 superflua,
393 2193 429 2242 uel
441 2192 487 2242 alia
499 2192 618 2245 diminuta.

91 2268 117 2314 t.
130 2265 252 2326 Proteum,
261 2264 379 2328 prudentia
388 2264 498 2316 diuiditur
508 2269 586 2318 contra
603 2264 732 2316 scientiam.
748 2264 793 2315 Sed
805 2263 863 2327 poli-

57 2335 111 2400 tica,
124 2336 275 2398 oeconomica,
287 2336 415 2398 dialectica,
426 2338 554 2401 rhetorica,
566 2336 675 2402 physica,
687 2340 742 2387 suut
755 2335 860 2400 quedam

58 2408 175 2460 scientiae.
197 2408 248 2458 lton
260 2420 314 2471 ergo
327 2412 381 2458 sunt
390 2413 467 2472 onnes
478 2409 614 2473 umdentiae.

92 2483 115 2528 3.
139 2480 271 2540 Preterea,
286 2483 363 2542 partes
381 2492 428 2530 non
444 2481 558 2531 excedunt
577 2482 660 2530 totum.
674 2479 719 2530 Sed
735 2478 863 2538 memoria,

56 2549 188 2603 intellectus
197 2551 399 2615 veliutolligeniiu,
410 2551 477 2616 ratio,
487 2565 568 2604 seuam
576 2555 601 2604 et
610 2551 722 2614 docilitas,
732 2563 779 2602 non
787 2547 862 2602 solbm

58 2622 215 2685 pertinentad
223 2622 380 2688 prudentiam,
390 2624 430 2674 sed
442 2623 510 2674 etiam
525 2625 553 2674 ad
565 2635 645 2674 omues
653 2621 750 2692 'babitus
763 2633 863 2686 cognos-

57 2694 153 2746 citiros.
165 2696 225 2759 Ergo
235 2707 283 2746 non
298 2695 383 2747 debent
397 2694 452 2760 poni
465 2700 543 2760 partos
555 2695 691 2761 prudentie.

91 2810 127 2875 (t)
142 2816 174 2860 lie
191 2813 229 2862 luis
242 2814 312 2861 etlam
323 2813 393 2872 iniri,
405 2825 446 2872 qn.
463 2813 504 2875 to,
517 2825 558 2874 per
575 2827 655 2866 omnes
665 2811 791 2872 amiculum
807 2816 830 2860 et
843 2811 863 2874 Ι,

57 2876 142 2930 aaut„
154 2877 209 2925 dist.
220 2875 263 2938 33,
277 2889 318 2938 qn.
328 2877 353 2942 ³,
367 2884 413 2924 art.
426 2877 449 2927 l.
