1992 3317
124 135 137 182 t
275 142 348 184 rnrnl
364 120 493 192 snconnn,
508 143 604 188 quasa.
618 142 671 192 cix,
686 142 740 181 lm.
757 145 773 180 r.

123 226 187 274 actus
205 222 363 285 determinati,
377 220 402 270 in
421 234 488 285 quem
509 224 586 285 potest
605 220 730 272 secuudbm
748 231 811 272 suam
824 221 929 285 proprie-

124 298 206 359 tatem,
214 294 273 345 ultrd
284 297 359 343 autem
370 304 415 343 nou
427 297 503 357 potest
516 292 562 343 nisi
570 306 611 357 per
627 293 725 357 aliquam
736 294 830 343 formam
845 307 925 359 sopor-

124 366 236 427 additam,
253 365 312 415 siout
325 378 384 429 aqua
400 378 445 415 nou
464 368 540 429 potest
555 364 693 427 calefacere,
711 364 755 415 nisi
774 365 882 415 calefacta
899 367 928 415 ab

124 438 186 501 igne.
200 438 237 489 Sic
257 438 326 501 igitur
338 437 467 487 intellectus
483 438 597 486 humanus
610 436 679 487 babet
697 436 794 500 aliquam
814 436 926 499 sormam,
986 465 988 510 2

124 509 211 561 scilicet
226 509 302 573 ipsum
315 508 456 571 intelligibile
468 507 555 569 lumen,
570 508 630 573 quod
646 512 682 559 est
695 509 722 559 de
732 521 757 558 se
770 506 886 559 sufficiens
898 512 929 558 ad

124 581 225 645 quaedam
242 579 392 643 intelligibilia
409 580 578 643 cognoscenda,
595 580 624 629 ad
643 592 671 630 ea
689 578 777 632 scih'cct
790 578 813 627 iu
831 591 929 642 quorum

125 650 228 701 notitiam
239 664 281 715 per
290 650 406 701 sensibilia
414 663 539 715 possumus
549 650 669 709 devenire;
679 649 758 700 altiora
771 648 825 700 verb
843 649 932 699 intelli·
986 701 988 712 ,

125 721 201 786 gibilia
218 722 348 773 intellectus,
362 723 476 776 humanus
493 734 633 785 cognoscere
651 735 697 772 nou
710 724 797 786 potest,
816 718 862 771 nisi
880 720 930 771 lor·
986 731 988 752 ¹

127 794 179 843 tiori
192 793 278 843 lumine
289 792 430 858 perficiatur,
441 793 501 843 sicut
512 793 597 843 lumine
608 793 661 843 fidei
670 794 707 844 uel
717 792 854 857 propbetim3
866 795 929 857 qnod
986 845 988 854 ,

125 865 207 917 dicitnr
220 866 305 916 lumen
318 868 424 930 qrotr'oe,
441 866 465 915 in
481 869 591 929 quantum
603 868 638 916 est
650 869 736 915 uatnrae
748 864 929 929 superadditum.

125 937 163 987 Sic
173 936 241 1002 igitur
252 938 372 988 dicendum
380 941 423 1001 est,
432 936 492 1003 qubd
504 938 532 987 ad
540 936 693 998 cognitionem
701 935 927 1001 cujuscumqueveri,
986 955 988 972 ε

142 1024 193 1060 omo
205 1010 292 1073 indiget
305 1008 389 1060 auxilio
408 1010 485 1059 divino
497 1013 523 1058 ut
540 1009 668 1059 intellectus
682 1008 753 1058 lrlleo
766 1012 883 1059 moueatur
899 1010 931 1059 ad

125 1095 191 1133 suum
204 1084 290 1132 actum.
310 1082 362 1131 Non
376 1084 453 1131 autem
469 1080 557 1143 indiget
573 1080 601 1129 ad
614 1079 793 1143 cognoscendam
805 1078 927 1129 venialem

126 1154 149 1201 in
166 1152 284 1217 omnibus,
303 1166 361 1203 nora
384 1152 537 1202 illustratione
554 1150 697 1215 superaddita
715 1149 811 1200 naturali
827 1149 928 1200 illustra·
986 1191 988 1230 Ι

125 1225 197 1288 tioni3
210 1225 284 1276 sedin
298 1224 433 1288 quibusdam
447 1236 497 1287 qnae
508 1223 622 1274 excedunt
630 1224 755 1272 naturalem
764 1222 928 1285 cognitionem.
986 1257 988 1268 .

126 1298 154 1347 lta
167 1300 245 1347 tamen
260 1298 395 1361 quandoque
409 1296 469 1345 bens
486 1294 620 1345 miraculosi
638 1307 680 1357 ner
697 1307 760 1345 suam
776 1293 871 1357 gratiam
888 1296 931 1345 ali-

126 1381 183 1433 quos
198 1368 290 1418 instruit
308 1369 335 1419 de
360 1367 397 1417 bis
414 1380 465 1431 qum
486 1380 529 1430 per
545 1366 670 1416 naturalem
690 1365 801 1415 rationem
819 1367 926 1429 cognosci
986 1391 988 1404 =

126 1445 235 1505 possunt3
252 1438 309 1490 sicut
318 1442 341 1489 et
352 1438 485 1502 quandoque
498 1435 632 1488 miraculoso
641 1436 696 1486 lacit
709 1437 813 1500 quadam
824 1450 875 1501 quae
888 1451 932 1487 na·
986 1443 988 1448 '

126 1516 175 1561 tura
190 1512 263 1563 lacere
277 1514 361 1575 potest.
986 1551 988 1556 .

158 1584 191 1633 ld
208 1582 305 1647 primum
319 1581 568 1646 ergodiceudum(1)‚
583 1580 643 1645 qubd
657 1592 746 1630 «omne
758 1592 838 1629 nomm
851 1580 935 1645 lquo-
986 1595 988 1598 ·

126 1668 223 1719 cumque
239 1655 339 1717 dicatur,
350 1658 386 1704 cst
401 1653 414 1703 d
431 1652 518 1717 Spiritu
538 1656 614 1703 sancto
622 1690 631 1717 ,
647 1668 661 1699 u
675 1652 734 1702 sicut
749 1651 778 1701 ub
794 1650 931 1705 infundente
986 1695 988 1740 Ι

126 1726 228 1778 naturale
238 1727 324 1785 lumen,
334 1730 357 1777 et
367 1728 473 1775 mouente
485 1725 512 1775 ad
525 1724 697 1788 intelligendum
706 1727 730 1774 et
739 1722 878 1785 loquendum
888 1740 932 1777 ue·
986 1757 988 1774 a

126 1797 230 1856 nitatem
244 1809 290 1847 non
309 1800 384 1846 autem
398 1796 457 1847 sicot
472 1795 500 1845 ab
516 1795 657 1846 inhabitante
669 1808 710 1858 per
729 1793 825 1856 gratiam
839 1800 929 1857 gratum
986 1789 988 1812 ²

126 1870 255 1931 facientem,
268 1868 305 1917 rel
316 1867 375 1917 sicut
389 1868 500 1931 largiente
512 1866 602 1930 aliquod
612 1865 728 1917 habitualc
741 1866 826 1915 donum
843 1870 932 1920 natine
986 1853 988 1934 i

127 1938 304 2004 superadditum.
313 1940 356 1989 Sed
371 1940 415 1988 boo
429 1938 502 1988 solum
518 1941 552 1987 est
564 1936 589 1986 in
600 1937 734 2002 quibusdam
753 1936 815 1986 ueris
829 1949 929 1998 rognos-
986 1975 988 1982 .

127 2010 204 2062 cendis
218 2010 377 2073 alloquendis,
390 2007 522 2061 etmanimd
533 2007 613 2057 inillis
624 2022 674 2072 qna
682 2007 804 2072 pertinent
813 2009 842 2058 ad
851 2008 929 2074 iidem,
986 2063 988 2084 Ι

127 2084 155 2133 de
169 2082 251 2145 quibus
264 2082 386 2146 Apostolus
398 2081 541 2145 loquebatur.

159 2154 192 2205 ld
206 2154 330 2203 secundum
343 2154 477 2213 dicendum,
491 2151 551 2216 quod
565 2152 599 2202 sol
616 2151 737 2216 corporalis
750 2150 849 2203 illustrat
859 2156 928 2206 exte-

127 2227 188 2289 rius;
204 2225 242 2277 sed
257 2226 291 2275 sol
308 2224 471 2288 intelligibilis,
483 2224 523 2289 qui
542 2228 578 2275 est
598 2224 670 2286 licus,
684 2222 783 2273 illustrat
801 2223 898 2277 interius
922 2243 928 2276 ;
986 2237 988 2284 ζ

127 2297 186 2348 undo
202 2297 277 2361 ipsum
294 2296 371 2347 lumen
382 2296 486 2347 naturale
497 2295 578 2345 animae
595 2294 693 2344 inditum
705 2298 741 2344 cst
753 2293 874 2346 illustratio
886 2298 930 2349 liei
986 2289 988 2346 ζ

127 2383 171 2434 qna
183 2367 322 2419 illustramur
331 2368 359 2417 ab
371 2366 423 2431 ipso
433 2368 459 2417 ad
476 2366 659 2431 cognoscendum
671 2379 698 2416 ea
708 2380 759 2429 quae
770 2367 890 2429 pertinent
900 2373 929 2420 ad

127 2442 253 2492 naturalem
267 2438 433 2503 cognitionem;
449 2442 472 2489 et
482 2440 510 2489 ad
522 2440 567 2488 boc
580 2451 626 2487 non
638 2437 760 2501 requiritur
770 2438 815 2487 alia
827 2438 929 2491 illustra-
986 2437 988 2440 ’

128 2511 169 2576 tio,
178 2514 216 2563 sed
228 2510 301 2563 solium
312 2512 340 2562 ad
350 2511 388 2561 illa
399 2524 451 2575 quau
460 2511 586 2562 naturalem
596 2510 746 2572 cognitionem
755 2511 869 2561 excedunt
879 2512 926 2577 (Ξ).

160 2612 190 2675 (l)
205 2614 255 2660 Etsi
272 2614 381 2671 prodicta
395 2614 476 2659 Glossa
489 2625 571 2668 parum
584 2616 665 2669 urget,
681 2610 733 2656 cium
748 2610 865 2657 Ambrosii
877 2625 926 2658 non
986 2615 988 2632 ¹

128 2678 158 2722 sit
168 2678 234 2733 culus
245 2676 337 2723 nomine
353 2676 527 2735 circumfertur,
538 2674 580 2722 scd
593 2673 687 2721 alterius
700 2674 889 2721 commentatoris
901 2676 927 2722 iu

127 2739 238 2805 epistolas
251 2740 324 2785 Pauli.
986 2787 988 2806 Ι

160 2811 192 2871 (a)
203 2812 236 2857 Ile
245 2812 330 2869 quibus
340 2810 484 2868 potissimdm
492 2810 593 2868 loquitur
601 2810 633 2859 ibi
644 2808 794 2871 Augustinus,
803 2808 856 2856 cum
866 2810 920 2858 inde
986 2823 988 2834 ·

127 2873 194 2923 tidem
204 2876 287 2934 probat
300 2874 455 2923 necessariam
468 2884 528 2921 asso.
