1992 3317
162 151 207 197 ert
274 162 382 199 suenum
398 161 528 210 securum,
544 161 636 206 oumsr.
654 162 718 211 mr,
736 161 791 199 aar.
808 162 845 198 nr.

161 250 240 300 suum,
251 253 266 285 o
279 251 321 302 pro
336 241 430 302 peccato
443 236 509 288 rituli
520 231 648 287 conflatilis.
669 237 730 300 Ergo
743 236 841 300 privatis
849 238 938 303 personis

160 309 215 360 ticet
231 313 371 373 peccatorem
382 309 493 361 occidere.

191 385 215 430 2.
229 383 357 444 Pratum,
369 381 437 431 bomo
455 385 546 445 propter
556 383 677 444 peccatum
693 383 837 444 comparatur
855 381 939 440 bestiis,

160 456 185 502 ut
203 452 286 502 dictum
299 456 341 502 est.
353 453 397 502 Sed
410 453 513 502 occidere
525 452 622 503 bestiam
638 451 786 516 ephesum,
804 451 902 503 maxine
911 465 942 502 uo

160 527 264 587 centem,
280 522 374 574 cuilibet
388 523 483 587 private
502 536 604 588 persone
616 523 678 573 licet.
693 523 754 586 Ergo
767 526 791 572 et
803 523 857 587 pari
867 524 944 574 ratione

161 593 260 644 occidere
273 595 388 645 bominem
400 599 551 659 peccatorem.

191 669 213 714 ι.
230 667 353 729 Ρεειεεεε,
367 666 478 717 laudabile
491 671 527 716 est
536 703 543 726 ‚
552 667 612 730 quod
622 668 708 728 bomo,
721 663 811 715 etiami
824 665 856 715 sit
867 667 943 730 privata

159 749 266 800 persona,
282 742 388 802 operetur
404 738 463 802 quod
475 742 512 789 est
528 739 585 788 utile
595 739 656 788 bono
670 735 792 788 cummuni.
807 737 856 787 Sed
872 738 944 788 occisio

160 807 328 858 malefactorum
346 812 380 858 est
392 809 454 858 utitis
470 809 530 859 bono
543 808 671 871 communi,
685 811 712 857 ut
728 807 815 857 dictum
832 812 877 858 est.
895 810 942 870 Ergo

158 876 270 930 laudabile
282 884 326 942 est,
340 880 438 932 biellam
450 881 545 945 priuatae
554 893 656 944 persone
669 878 828 928 malefactores
840 880 939 929 noemam.

189 949 235 1000 Sed
245 955 324 1001 contra
334 955 384 1015 cet,
399 952 458 1015 qubd
472 952 610 1016 Augustinus
623 950 678 1002 dicit
689 949 715 999 iu
727 952 738 999 l
752 951 790 998 De
801 951 878 1001 civit.
887 953 930 1000 Dei
936 967 940 996 :

160 1039 174 1070 u
187 1021 230 1081 Qui
244 1023 293 1074 sine
307 1022 381 1088 aliqua
393 1023 483 1086 publica
492 1022 686 1074 administratione
696 1021 824 1072 maleficum
837 1021 941 1079 occiderit,
970 1034 972 1059 ι

159 1095 221 1146 uelut
234 1095 347 1147 homicida
355 1094 507 1161 judic-abitum
522 1098 546 1146 et
555 1098 620 1144 tanto
631 1095 742 1157 amptius,
755 1097 841 1156 quanto
857 1093 899 1144 sibi
909 1106 943 1156 po
970 1090 972 1153 ζ

159 1169 263 1217 testatem
277 1165 290 1216 i
303 1168 349 1218 ileo
360 1179 406 1217 non
418 1180 547 1218 concessam
557 1179 666 1230 usurpare
678 1178 725 1216 non
738 1164 825 1214 timuit.
839 1181 854 1213 o

192 1238 352 1297 (Couccusro.
360 1239 543 1303 -Priueipibus
554 1241 577 1289 ει
583 1237 696 1301 judicibus
706 1240 810 1299 mutum,
822 1240 943 1287 nouantem
970 1202 972 1281 ¹

158 1307 252 1370 privatis
265 1308 382 1372 personis,
395 1312 524 1374 peccatores
538 1309 642 1360 occidere
657 1307 741 1371 licet.)

190 1378 326 1442 Respondeo
339 1379 472 1440 dicendum,
483 1379 544 1444 qubd
556 1381 616 1430 sicut
624 1380 710 1429 dictum
723 1381 760 1429 est
772 1379 833 1445 (ert.
843 1379 886 1442 t),
894 1377 942 1428 oeci-
970 1438 972 1441 ¹

159 1451 211 1500 dere
225 1450 391 1501 malefactorem
404 1451 491 1500 licitum
500 1454 549 1514 est,
558 1452 584 1500 in
597 1454 705 1514 quantum
718 1450 839 1500 ordinatur
850 1450 877 1500 ad
892 1448 942 1497 salu·

159 1525 203 1570 tem
220 1520 291 1571 totius
303 1521 480 1572 communitatis.
490 1522 519 1570 Et
531 1521 582 1572 ideo
592 1523 619 1570 ad
633 1521 697 1570 ilium
708 1520 783 1570 solum
792 1521 901 1584 pertinet,
909 1517 941 1565 cui
970 1522 972 1621 ι

159 1591 306 1642 committitur
319 1605 373 1642 cura
386 1591 555 1642 communitatis
568 1591 750 1641 conservande:
765 1591 826 1640 sicut
838 1591 864 1640 ad
883 1588 942 1638 medi·
970 1624 972 1627 .

159 1677 210 1713 cum
220 1663 318 1728 pertinet
328 1663 452 1728 precidere
466 1663 593 1713 membrum
606 1662 736 1726 putridum,
746 1664 838 1724 quando
855 1661 876 1713 ei
887 1671 941 1709 coar-
970 1664 972 1721 ζ

159 1735 228 1784 missa
241 1735 308 1786 fuerit
323 1747 377 1785 cura
390 1734 468 1785 salutis
479 1734 546 1784 totius
554 1733 661 1798 corporis.
669 1733 729 1782 Cura
738 1737 818 1783 autem
827 1728 941 1784 communis
970 1730 972 1799 g

159 1807 212 1856 boni
225 1806 346 1856 commissu
364 1809 398 1856 est
410 1805 552 1870 principibus
572 1803 709 1854 habentibus
722 1804 839 1866 publicam
858 1799 941 1854 audou-
970 1806 972 1865 ξ

158 1879 236 1927 tatem.
257 1877 286 1926 m
302 1877 353 1926 ideo
375 1875 409 1926 eis
431 1877 504 1926 sotum
518 1874 572 1924 licet
593 1875 750 1924 malefactores
771 1874 891 1931 occidere,
905 1883 942 1920 nou
970 1912 972 1925 .

159 1951 235 1997 cutem
248 1947 342 2011 priuatis
353 1947 464 2010 personis.
970 1946 972 2017 j

190 2018 223 2066 Ad
241 2019 340 2081 primum
360 2029 413 2080 ergo
432 2017 564 2076 dicendum,
581 2015 641 2080 qndd
661 2016 699 2066 ille
718 2015 807 2078 aliquid
824 2013 943 2074 facitcujm
970 2070 972 2077 Ι

159 2087 290 2138 auctoritate
304 2087 338 2148 iit,
349 2091 375 2136 ut
385 2088 749 2152 patetpcrbionysiumlillcap.
759 2085 874 2136 Coetestts
883 2086 938 2134 liter.
970 2098 972 2179 p

159 2159 188 2208 lit
197 2157 258 2216 ideo,
273 2161 298 2208 ut
310 2159 449 2221 Augustinus
464 2159 520 2208 dicit
533 2160 558 2208 in
571 2159 581 2207 l
596 2160 633 2208 De
647 2158 725 2209 civit.
742 2159 793 2206 Det
809 2157 879 2223 (cap.
891 2159 917 2203 at
926 2154 943 2213 l.

113 2226 117 2235 '
159 2246 172 2276 α
183 2231 233 2279 Nun
245 2229 294 2293 ipse
313 2231 393 2280 occidit
407 2231 445 2294 qni
463 2230 614 2280 ministerium
633 2231 699 2280 debet
712 2229 821 2292 jubenti,
839 2230 880 2280 sed
896 2226 943 2275 scut
970 2234 972 2293 ζ

158 2299 320 2352 adminiculum
336 2303 423 2366 gladius
443 2307 477 2354 est
492 2302 574 2353 utenti.
594 2319 609 2350 n
623 2303 687 2352 llnde
705 2301 739 2351 itti
759 2302 803 2364 qui
822 2300 943 2352 mudum
970 2296 972 2353 f

156 2373 271 2437 proximos
282 2376 304 2424 et
314 2375 400 2423 amicos
413 2388 441 2424 ex
452 2374 559 2424 mandato
571 2374 660 2424 bomini
669 2411 675 2433 ,
685 2383 732 2422 non
748 2373 794 2423 boc
810 2371 894 2421 fecisse
909 2368 943 2429 ips
970 2368 972 2417 t

156 2443 269 2508 ridentur,
282 2445 323 2495 sed
334 2443 411 2508 potius
428 2444 466 2494 ille
485 2445 552 2509 cujus
569 2445 701 2496 auctoritate
718 2443 825 2493 iecerunt
837 2458 845 2491 r
859 2441 915 2491 sicut
931 2443 947 2483 εἰ

157 2515 223 2565 mites
235 2515 341 2566 interficit
354 2517 444 2566 hostem
454 2516 589 2566 anctoritate
598 2515 719 2580 principis,
733 2518 757 2565 et
767 2515 875 2564 minister
886 2513 943 2562 tatur

158 2601 223 2650 nem,
238 2587 369 2639 auctoritato
380 2587 474 2650 judicis.
787 2611 791 2619 ·
970 2618 972 2621 -

188 2659 221 2708 tid
230 2659 353 2708 secundum
365 2658 498 2719 dicendum,
510 2657 570 2722 qubd
579 2659 653 2709 bestia
659 2659 792 2709 naturaliter
801 2661 837 2708 est
848 2656 943 2707 distinm
970 2630 972 2729 ξ

155 2729 183 2777 ab
194 2729 293 2778 bomine.
308 2729 371 2776 Unde
382 2741 449 2790 super
457 2729 501 2778 lroc
517 2743 564 2779 non
575 2730 694 2793 requiritur
702 2729 793 2793 aliquod
799 2728 910 2793 judicium
922 2736 944 2769 au
970 2740 972 2787 ς

155 2797 185 2845 sit
199 2799 336 2856 occidenda,
352 2797 371 2846 si
388 2797 416 2847 sit
428 2799 560 2862 sylvestris3
574 2802 594 2850 si
611 2801 666 2851 verb
682 2801 713 2850 sit
726 2799 863 2858 domestica,
878 2795 944 2856 requi-

155 2865 209 2915 ritur
218 2867 341 2929 judicium,
357 2879 400 2917 nou
412 2873 505 2932 proptor
518 2869 604 2934 ipsam,
619 2873 659 2922 scd
676 2875 769 2937 pmpter
782 2872 890 2921 damnum
906 2867 945 2914 dtr
970 2878 972 2881 ·
