1992 3317
388 120 418 156 os
433 119 519 157 sonno.
805 113 851 160 tot

47 193 109 256 pio,
130 194 191 257 quod
201 195 237 244 est
251 194 336 244 sunum
352 194 464 257 hominis,
478 207 521 258 pro
531 208 578 258 quo
590 196 643 259 quis
656 199 729 247 morte
744 199 851 263 punitur,
951 236 952 239 η

52 269 80 315 nt
90 268 156 330 patet
169 265 336 325 naod.,xit1.

84 338 119 388 hui
132 336 225 388 terium
243 337 374 398 dicendum,
393 337 453 401 quod
467 338 524 389 iilud
539 341 600 403 quod
617 339 731 390 modicum
744 343 780 390 est
795 341 853 393 ratio
953 338 954 361 ¹

51 407 206 472 apprehendit
223 408 288 472 quasi
309 408 375 458 nihil.
389 411 418 459 Et
438 409 490 474 ideo
510 410 535 460 in
552 411 653 475 hisquae
671 410 765 461 minima
782 417 852 475 snut,
954 440 955 455 u

52 482 123 530 homo
136 492 184 530 nou
192 484 283 543 reputat
297 480 340 530 sibi
351 485 514 532 nocumentum
526 481 619 545 interni,
628 487 652 532 et
661 481 701 533 iiie
713 482 753 545 qui
762 483 852 548 accipit,

52 555 132 614 potest
142 564 280 615 presumere
292 553 337 602 hoc
349 565 397 603 non
414 565 464 603 essu
475 556 555 603 contra
571 553 713 604 voluntatem
728 553 780 617 ejus
790 555 855 618 cujus

53 625 91 672 cst
108 635 154 673 res.
170 623 198 672 Et
210 635 252 686 pro
266 626 329 673 tanto
344 623 364 673 si
382 623 433 686 quis
449 623 533 674 hausi
550 624 682 688 hujusmodi
695 637 731 674 res
749 624 856 675 minimas
953 673 956 679 ,

52 693 170 758 accipiat,
184 697 261 757 potest
273 694 376 744 excusari
396 694 518 758 ipeccato
538 695 636 745 mortali.
652 694 677 743 Si
697 698 775 745 tanuu
788 695 856 746 hahet

53 763 159 814 animnm
170 764 261 815 iurandi
278 768 301 815 et
312 763 425 814 inferendi
436 769 597 815 nocumentum
611 763 730 829 proximo,
745 764 814 815 etiam
830 766 856 814 iu

53 835 140 886 talibus
149 835 262 899 minimis,
271 839 406 900 potestesse
418 840 538 900 peccatum
546 837 641 888 mortale
648 873 657 900 ,
665 836 725 887 sicut
736 840 760 886 et
771 837 796 886 iu
805 837 856 888 soto

49 906 158 970 cogitatu
172 919 372 970 portunensem.

344 1085 506 1136 iuuentus
521 1085 570 1135 vll.

141 1208 227 1254 Utrum
242 1208 312 1254 licent
320 1209 489 1264 clicuisurori
497 1213 599 1266 propter
606 1208 778 1254 necessitatem.

33 1307 42 1332 h

87 1341 123 1392 ho
143 1338 266 1404 septimum
285 1339 319 1390 sic
336 1338 466 1403 proceditur
478 1339 523 1403 (ii.
541 1339 636 1390 Videtur
650 1339 710 1404 quod
729 1351 776 1390 non
789 1338 859 1389 liceat

54 1412 126 1464 alicui
145 1410 217 1460 iuraui
234 1415 325 1476 proptor
340 1411 507 1462 necessitatem.
523 1412 574 1462 Non
591 1411 653 1461 euim
667 1411 792 1474 imponitur
803 1424 859 1477 poe-

53 1482 154 1534 uitentia
167 1481 213 1531 uisi
228 1481 341 1545 peccanti.
355 1481 401 1534 Sed
409 1493 460 1544 cap.
477 1483 508 1530 iii
521 1482 615 1531 hietro.
632 1483 660 1531 de
674 1481 741 1532 furtis
756 1481 856 1532 dicitur:

56 1554 106 1603 «Si
124 1552 177 1616 quis
189 1565 232 1616 per
247 1552 407 1603 necessitatem
425 1551 492 1600 tamis
505 1555 546 1601 aut
559 1551 669 1601 nuditatis
686 1553 773 1602 iurans
790 1553 860 1603 thenit

53 1625 157 1686 cibaria,
173 1628 271 1686 vesum,
283 1624 321 1673 uel
330 1635 416 1687 pecus,
428 1623 537 1688 peniteat
556 1636 597 1687 per
609 1623 761 1674 hebdomadas
777 1628 833 1675 tres.
844 1640 859 1671 n

55 1699 117 1759 Ergo
133 1709 181 1746 nou
190 1695 244 1745 licet
254 1693 325 1743 iuuari
338 1698 431 1757 propter
442 1694 612 1744 necessitatem.

88 1770 115 1818 2.
131 1767 256 1826 Praeterea,
266 1763 416 1829 Philosophus
427 1765 481 1816 dicit
490 1765 515 1816 in
524 1766 545 1815 lt
558 1765 649 1821 hitto„
662 1764 723 1828 quod
733 1781 748 1812 u
757 1765 860 1828 quedam

53 1837 181 1892 confestim
191 1836 314 1899 nummata,
329 1837 451 1887 convoluta
461 1840 516 1886 suut
532 1851 584 1887 cum
599 1837 701 1900 maiitia3
713 1851 728 1883 u
740 1837 860 1901 interque

56 1911 125 1974 ponit
143 1909 238 1960 turtum.
250 1908 294 1958 Sed
314 1907 369 1957 iilud
388 1909 448 1972 quod
466 1913 504 1959 est
522 1907 646 1959 secundhm
661 1921 686 1958 se
699 1908 797 1969 nuum,
815 1920 862 1957 uon

57 1984 137 2044 potest
150 1982 243 2044 propter
258 1978 357 2040 aliquem
372 1978 458 2028 honum
477 1978 547 2028 finem
562 1979 648 2030 honum
668 1979 726 2029 heri.
741 1979 799 2042 iinpo
815 1991 862 2030 nou

57 2055 138 2118 potest
151 2049 235 2114 aliquis
244 2047 310 2100 licite
318 2048 402 2113 iunii,
416 2053 442 2100 ut
453 2049 588 2100 necessitati
600 2062 648 2100 suae
659 2050 788 2100 iuveniat.

91 2128 116 2173 a.
132 2123 261 2184 Preietos,
274 2121 342 2170 homo
351 2120 419 2171 dehet
429 2119 524 2184 diligere
535 2120 664 2184 proximum
679 2120 739 2171 sicut
751 2121 860 2184 seipsum.

55 2195 169 2246 sednon
186 2192 240 2243 licet
255 2191 325 2246 innan
343 2191 371 2241 ad
390 2191 434 2241 hoc
451 2191 513 2254 quhd
535 2191 615 2255 aliquis
634 2204 677 2256 per
694 2192 864 2256 eleemosynam

57 2265 168 2330 proximo
181 2262 302 2315 subveniat
308 2267 351 2326 ‚ut
359 2263 498 2326 Augustinus
512 2262 567 2313 uicit
575 2264 600 2312 in
609 2263 649 2314 lih.
660 2265 753 2315 emera
761 2263 864 2313 menda·

58 2339 143 2389 cium.
156 2337 217 2399 argo
231 2335 300 2386 etiam
317 2347 364 2386 nou
379 2335 434 2386 licet
449 2335 519 2385 iurari
532 2336 560 2385 ad
573 2336 754 2387 subveniendum
766 2334 864 2400 proprie

59 2407 209 2460 necessitati.

93 2481 140 2530 Sed
151 2481 233 2529 contra
248 2480 292 2539 est,
306 2478 367 2542 quid
379 2477 404 2526 iu
415 2476 553 2528 necessitate
564 2480 617 2528 sunt
630 2477 707 2527 omnia
719 2475 862 2539 communia;

59 2556 87 2602 et
100 2551 134 2604 ita
148 2563 197 2600 non
207 2549 300 2600 uidetur
314 2562 364 2600 esse
376 2552 509 2614 peccatum,
519 2549 540 2598 si
553 2549 635 2613 aliquis
644 2561 693 2599 mm
703 2547 796 2598 utenus
806 2547 864 2596 aeci-

60 2622 131 2687 piat,
150 2624 244 2686 propter
260 2621 420 2673 necessitatem
431 2620 475 2671 sihi
488 2622 570 2670 tanen
587 2633 740 2671 wmnunem.

97 2693 259 2756 (concussio.
267 2717 298 2728 -
307 2693 388 2742 Ponet
396 2693 465 2742 homo
476 2691 501 2740 in
511 2695 611 2742 extrema
620 2690 755 2741 constitutus
767 2689 865 2740 neoesn·

96 2797 136 2892 (η’
146 2831 180 2876 oe
195 2829 231 2874 uu
247 2829 316 2874 enam
337 2827 412 2888 iutra,
427 2840 467 2886 qu.
491 2825 547 2886 1to,
562 2833 606 2874 iu.
623 2827 648 2886 a,
661 2827 691 2874 aa
703 2825 733 2879 ις
749 2833 774 2871 u
788 2831 811 2872 u
823 2827 866 2883 nv,
