1992 3317
346 171 376 208 ua
391 167 524 210 uornmoro.
787 158 833 211 llll

60 241 112 294 luent
127 243 256 304 subsecuta,
271 247 350 296 reddet
360 247 458 298 unimam
468 260 510 313 pro
519 247 603 298 animas
614 264 628 295 o
641 248 686 300 Sed
704 251 749 301 hoc
758 254 835 315 potest

58 313 94 364 leri
104 317 184 380 absque
205 315 330 368 inhiatione
348 318 475 370 occisionis.
502 321 560 383 drgo
582 320 729 371 homicidium
744 324 834 375 msuale

59 385 111 438 halet
123 387 237 440 homicidii
250 393 346 439 reatum.

80 463 98 509 3.
112 463 233 518 preterea,
252 460 277 510 iu
287 462 414 521 Decretis,
425 462 478 512 dist.
492 466 540 524 to,
553 463 693 514 inducuntur
705 464 781 528 plures
792 479 832 516 ca-

57 541 112 581 nones
123 531 154 593 (t)
163 567 171 593 ,
185 531 266 594 quihus
285 531 383 582 casualia
403 532 525 583 homicidia
541 534 675 596 puniuntur.
693 535 738 586 Sed
760 549 834 600 punc

56 613 90 651 non
104 601 212 653 debentur
230 601 275 653 nisi
296 602 378 666 culpe.
401 604 459 667 Ergo
474 604 513 654 ille
528 605 567 668 qul
588 604 708 657 casualiter
719 607 835 657 homiuem

54 673 134 732 occidit,
145 672 238 722 incurrit
248 673 363 724 homicidii
376 678 472 724 reatum.

76 744 115 795 Sed
129 747 207 794 contra
215 747 263 806 est,
276 744 337 808 qndd
353 746 490 808 Augustinus
503 745 573 810 dicit,
584 747 619 796 od
631 746 790 798 Publicolam
799 747 835 813 (ut

53 815 121 879 cupri,
134 814 206 879 Epist.
225 815 304 878 cdlv)
320 831 326 866 :
345 833 359 863 u
375 817 438 866 dhsit
454 819 479 866 nt
496 829 525 866 ea
542 830 594 881 que
606 821 697 881 pmpter
709 819 792 868 honum
808 832 835 871 ac

51 883 125 936 licitum
148 885 253 950 ladrum,
268 885 353 950 siquid
369 901 411 951 per
423 889 473 938 hec
486 891 568 952 preter
580 891 679 938 nostram
694 890 835 940 uoluntatem

52 957 143 1021 cuiquam
165 957 218 1007 mali
240 957 361 1020 acciderit,
380 958 446 1009 nohis
470 959 605 1023 imputetur.
626 958 701 1009 »Sed
724 961 836 1024 confingit

51 1031 172 1092 plaudoque
188 1031 214 1078 ut
224 1041 267 1092 per
278 1029 361 1080 honum
375 1029 465 1092 ahquod
482 1031 544 1094 quod
557 1029 666 1090 laumas,
685 1029 835 1081 homicidium

50 1103 190 1163 ousequatur
198 1099 326 1150 casualiter.
335 1099 393 1163 lirpo
404 1113 450 1150 non
459 1100 584 1164 imputatur
595 1099 688 1150 facienti
697 1100 727 1149 ud
735 1101 833 1164 culpam.
933 1108 936 1114 ’

74 1173 230 1232 (Concnnmro.
240 1195 271 1207 -
290 1171 348 1221 Casu
362 1170 461 1234 aliquem
479 1170 599 1232 occidens,
612 1169 729 1221 homicidii
747 1174 834 1222 reanum

50 1243 133 1294 niuimd
151 1241 261 1305 incurrit,
275 1242 319 1292 uisi
328 1244 362 1294 rei
374 1243 459 1295 illicitae
473 1256 565 1309 operam
581 1243 682 1307 dederit,
696 1244 734 1294 rel
749 1244 778 1294 ud
791 1246 836 1295 hoc

48 1315 169 1366 oriundum
186 1313 263 1364 minius
281 1315 378 1378 diligens
391 1315 479 1379 luerit.)

70 1385 204 1450 despondeo
217 1384 353 1448 dicendum,
368 1385 428 1449 qudd
448 1385 571 1436 secuuddm
591 1385 753 1450 Philosophum
768 1386 795 1435 iu
815 1387 835 1436 ll

46 1458 165 1522 Ptyslccr.
180 1455 246 1520 (tert.
259 1459 287 1504 to
302 1459 326 1506 et
339 1455 426 1520 sopri),
439 1473 453 1504 n
463 1469 529 1509 casus
541 1460 577 1506 est
591 1470 658 1507 mursa
670 1469 740 1518 egeus
753 1460 835 1519 prater

45 1523 196 1579 intentionem.
211 1542 225 1572 o
239 1526 267 1576 lit
281 1527 332 1577 ideo
349 1540 376 1578 ea
389 1539 440 1589 quae
454 1525 553 1576 casualia
568 1530 635 1587 suut,
655 1526 788 1590 simpliciter
801 1528 836 1578 lo-

44 1600 139 1660 quendo,
161 1609 208 1648 uon
224 1601 277 1647 runt
298 1595 480 1661 intentansque
495 1597 631 1647 uoluntaria.
647 1598 676 1646 lit
691 1597 745 1661 qnia
767 1610 835 1649 omne

44 1675 155 1730 peccatum
164 1673 201 1720 est
209 1667 498 1732 voluntarium‚secuudhm
508 1669 659 1732 Augustinum
667 1668 718 1732 (lih.
729 1670 766 1718 lle
775 1683 835 1719 uero

43 1742 121 1805 reliq„
141 1753 193 1804 cap.
210 1740 260 1804 lt),
275 1735 415 1804 consequens
429 1739 538 1802 mequod
554 1739 666 1801 casualia,
680 1739 705 1788 iu
725 1744 836 1803 quantum

42 1811 183 1876 hujusmodi,
198 1825 244 1863 nou
261 1817 314 1863 suut
332 1816 436 1876 peccata.
453 1812 571 1876 Contingit
584 1815 661 1862 tumen
678 1811 702 1861 id
715 1812 776 1875 quod
790 1825 835 1862 uon

41 1890 69 1934 ost
88 1887 143 1935 actu
160 1887 184 1934 et
196 1897 237 1947 per
257 1897 282 1934 se
294 1881 389 1934 solitum
407 1884 446 1934 vel
459 1883 584 1944 intentum,
596 1895 647 1933 csse
664 1897 711 1946 per
722 1883 836 1932 occidero

40 1956 129 2007 voltum
138 1956 178 2006 uel
188 1954 302 2006 intentum
307 1989 316 2018 ,
331 1953 454 2006 secuudim
464 1953 525 2018 qudd
534 1966 603 2005 musa
614 1968 663 2018 per
673 1953 787 2003 modes
795 1954 836 2004 di-
896 1961 902 1970 ’

39 2026 92 2077 citur
105 2040 236 2075 removens
247 2023 388 2090 prohibens.
403 2026 467 2076 Unde
479 2027 519 2076 llle
531 2025 629 2089 quinon
645 2027 748 2076 removet
761 2037 788 2075 ea
806 2037 835 2075 ex

39 2098 117 2160 quihus
139 2098 244 2162 sequitur
261 2097 423 2157 homicidium,
438 2096 457 2148 si
475 2097 557 2148 dehent
570 2109 702 2158 remouere,
721 2097 766 2147 crit
778 2111 835 2160 quo·

38 2170 158 2222 dammodo
176 2169 324 2220 homicidium
337 2169 498 2220 voluntarium.
513 2168 561 2219 lloc
574 2173 648 2219 eutem
666 2168 777 2233 contingit
791 2169 835 2219 du-

38 2243 125 2303 pliciter
140 2257 147 2292 :
166 2254 213 2291 uuo
227 2241 308 2303 modo,
323 2241 412 2303 quaudo
424 2240 480 2290 daus
491 2252 585 2302 operam
596 2240 665 2289 rehus
677 2239 764 2289 illicitis
776 2251 833 2302 quas

36 2312 106 2362 uitare
125 2311 237 2374 debehat,
248 2311 393 2362 homicidium
404 2311 512 2375 incurrit3
528 2311 572 2361 alio
587 2312 669 2374 modo,
684 2310 774 2373 quaudo
788 2323 835 2360 uon

34 2383 125 2434 adhibet
149 2381 250 2434 debitam
268 2382 450 2434 sollicitudinem.
465 2383 494 2433 lle
512 2383 563 2432 ldeo
571 2418 580 2445 ,
596 2381 721 2433 secuudirm
731 2383 800 2446 jura,
815 2381 836 2430 si

33 2453 114 2517 aliquis
129 2455 169 2505 det
183 2467 275 2520 operam
285 2453 319 2505 rei
329 2452 396 2505 licite
407 2453 505 2505 dehihm
515 2453 656 2516 diligentium
666 2453 794 2516 adhibens,
809 2458 833 2502 ct

33 2536 60 2574 er
77 2526 124 2576 hoc
137 2524 286 2576 homicidium
301 2529 422 2590 sequatur,
436 2538 484 2575 uon
501 2525 596 2574 incurrit
608 2525 723 2576 homicidii
736 2527 833 2584 reatum3

62 2694 98 2758 (l)
120 2695 182 2742 Putd
194 2699 272 2742 dauon
289 2698 338 2754 lum
359 2696 472 2742 indicatus
490 2696 524 2741 De
538 2695 576 2740 his
591 2696 704 2746 clericis,
719 2707 748 2738 ex
767 2693 836 2739 Nico-

36 2771 66 2802 ao
78 2763 99 2813 lt
110 2761 194 2806 canon
204 2759 446 2811 Stodcot,ereodcnre
458 2760 537 2804 dauon
549 2759 653 2807 clerico,
662 2771 691 2803 cx
700 2757 794 2803 Urbano
803 2758 834 2809 ll;

32 2823 113 2866 dauon
130 2823 199 2872 Eos,
213 2835 242 2866 ex
263 2822 365 2868 doncilio
384 2825 520 2879 ducprunop
539 2823 659 2868 etheron
680 2820 708 2865 Sl
729 2831 788 2876 poc,
803 2829 834 2863 cr

31 2886 137 2937 Concilio
151 2885 310 2940 Eliheriteu03
325 2892 349 2932 ct
360 2887 438 2932 dauon
451 2885 480 2932 Si
492 2886 567 2944 poio,
579 2883 711 2931 immediati
725 2886 835 2939 sequeus.
