<?xml version="1.0" encoding="UTF-8"?>
<!DOCTYPE html PUBLIC "-//W3C//DTD XHTML 1.0 Transitional//EN"
    "http://www.w3.org/TR/xhtml1/DTD/xhtml1-transitional.dtd">
<html xmlns="http://www.w3.org/1999/xhtml" xml:lang="en" lang="en">
 <head>
  <title>
</title>
<meta http-equiv="Content-Type" content="text/html;charset=utf-8" />
  <meta name='ocr-system' content='tesseract 3.04.00' />
  <meta name='ocr-capabilities' content='ocr_page ocr_carea ocr_par ocr_line ocrx_word'/>
</head>
<body>
  <div class='ocr_page' id='page_1' title='image "./summatheologica03nicogoog_0286.png"; bbox 0 0 1992 3317; ppageno 0'>
   <div class='ocr_carea' id='block_1_1' title="bbox 222 181 878 238">
    <p class='ocr_par' dir='ltr' id='par_1_1' title="bbox 222 181 878 238">
     <span class='ocr_line' id='line_1_1' title="bbox 222 181 878 238; baseline 0 -13"><span class='ocrx_word' id='word_1_1' title='bbox 222 188 253 225; x_wconf 82' lang='lat' dir='ltr'><strong>oa</strong></span> <span class='ocrx_word' id='word_1_2' title='bbox 271 186 422 225; x_wconf 78' lang='lat' dir='ltr'><strong>onasruanrn</strong></span> <span class='ocrx_word' id='word_1_3' title='bbox 439 190 463 225; x_wconf 75' lang='lat' dir='ltr'><strong>ru</strong></span> <span class='ocrx_word' id='word_1_4' title='bbox 481 188 592 226; x_wconf 75' lang='lat' dir='ltr'><strong>serarium</strong></span> <span class='ocrx_word' id='word_1_5' title='bbox 608 187 729 227; x_wconf 70' lang='lat' dir='ltr'><strong>sancwr.</strong></span> <span class='ocrx_word' id='word_1_6' title='bbox 827 181 878 238; x_wconf 46' lang='lat' dir='ltr'><strong>,tal</strong></span> 
     </span>
    </p>
   </div>
   <div class='ocr_carea' id='block_1_2' title="bbox 66 264 879 2394">
    <p class='ocr_par' dir='ltr' id='par_1_2' title="bbox 66 264 879 2394">
     <span class='ocr_line' id='line_1_2' title="bbox 69 264 878 329; baseline 0 -12"><span class='ocrx_word' id='word_1_7' title='bbox 69 268 209 327; x_wconf 74' lang='lat' dir='ltr'><strong>remittatur,</strong></span> <span class='ocrx_word' id='word_1_8' title='bbox 224 265 263 315; x_wconf 87' lang='lat' dir='ltr'><strong>sed</strong></span> <span class='ocrx_word' id='word_1_9' title='bbox 278 264 331 329; x_wconf 82' lang='lat' dir='ltr'><strong>quia</strong></span> <span class='ocrx_word' id='word_1_10' title='bbox 344 267 454 327; x_wconf 84' lang='lat' dir='ltr'><strong>quantum</strong></span> <span class='ocrx_word' id='word_1_11' title='bbox 465 268 502 314; x_wconf 91' lang='lat' dir='ltr'><strong>est</strong></span> <span class='ocrx_word' id='word_1_12' title='bbox 515 278 542 315; x_wconf 83' lang='lat' dir='ltr'><strong>er</strong></span> <span class='ocrx_word' id='word_1_13' title='bbox 552 279 586 328; x_wconf 90' lang='lat' dir='ltr'><strong>se,</strong></span> <span class='ocrx_word' id='word_1_14' title='bbox 597 266 667 316; x_wconf 87' lang='lat' dir='ltr'><strong>babet</strong></span> <span class='ocrx_word' id='word_1_15' title='bbox 680 266 786 316; x_wconf 85' lang='lat' dir='ltr'><strong>meritum</strong></span> <span class='ocrx_word' id='word_1_16' title='bbox 798 271 878 317; x_wconf 92' lang='lat' dir='ltr'><strong>utnon</strong></span> 
     </span>
     <span class='ocr_line' id='line_1_3' title="bbox 69 334 875 402; baseline 0.001 -16"><span class='ocrx_word' id='word_1_17' title='bbox 69 336 207 388; x_wconf 74' lang='lat' dir='ltr'><strong>remittatur.</strong></span> <span class='ocrx_word' id='word_1_18' title='bbox 224 335 252 384; x_wconf 83' lang='lat' dir='ltr'><strong>Et</strong></span> <span class='ocrx_word' id='word_1_19' title='bbox 265 334 310 385; x_wconf 90' lang='lat' dir='ltr'><strong>boc</strong></span> <span class='ocrx_word' id='word_1_20' title='bbox 323 334 452 397; x_wconf 80' lang='lat' dir='ltr'><strong>dupliciter.</strong></span> <span class='ocrx_word' id='word_1_21' title='bbox 465 334 515 385; x_wconf 87' lang='lat' dir='ltr'><strong>Uno</strong></span> <span class='ocrx_word' id='word_1_22' title='bbox 530 336 596 386; x_wconf 94' lang='lat' dir='ltr'><strong>modo</strong></span> <span class='ocrx_word' id='word_1_23' title='bbox 610 340 719 399; x_wconf 85' lang='lat' dir='ltr'><strong>quantum</strong></span> <span class='ocrx_word' id='word_1_24' title='bbox 732 338 760 387; x_wconf 87' lang='lat' dir='ltr'><strong>ad</strong></span> <span class='ocrx_word' id='word_1_25' title='bbox 773 351 875 402; x_wconf 83' lang='lat' dir='ltr'><strong>poenanr;</strong></span> 
     </span>
     <span class='ocr_line' id='line_1_4' title="bbox 69 404 878 473; baseline 0.002 -16"><span class='ocrx_word' id='word_1_26' title='bbox 69 408 109 471; x_wconf 88' lang='lat' dir='ltr'><strong>qui</strong></span> <span class='ocrx_word' id='word_1_27' title='bbox 119 407 183 458; x_wconf 90' lang='lat' dir='ltr'><strong>enim</strong></span> <span class='ocrx_word' id='word_1_28' title='bbox 193 420 224 457; x_wconf 83' lang='lat' dir='ltr'><strong>cx</strong></span> <span class='ocrx_word' id='word_1_29' title='bbox 232 405 363 468; x_wconf 80' lang='lat' dir='ltr'><strong>ignorantia</strong></span> <span class='ocrx_word' id='word_1_30' title='bbox 372 405 409 455; x_wconf 81' lang='lat' dir='ltr'><strong>uel</strong></span> <span class='ocrx_word' id='word_1_31' title='bbox 416 404 546 457; x_wconf 86' lang='lat' dir='ltr'><strong>infirmitate</strong></span> <span class='ocrx_word' id='word_1_32' title='bbox 558 412 651 471; x_wconf 89' lang='lat' dir='ltr'><strong>peccat,</strong></span> <span class='ocrx_word' id='word_1_33' title='bbox 663 408 773 459; x_wconf 86' lang='lat' dir='ltr'><strong>minorem</strong></span> <span class='ocrx_word' id='word_1_34' title='bbox 783 422 878 473; x_wconf 87' lang='lat' dir='ltr'><strong>poenam</strong></span> 
     </span>
     <span class='ocr_line' id='line_1_5' title="bbox 69 478 878 543; baseline 0.002 -14"><span class='ocrx_word' id='word_1_35' title='bbox 69 484 181 542; x_wconf 81' lang='lat' dir='ltr'><strong>ureretur3</strong></span> <span class='ocrx_word' id='word_1_36' title='bbox 197 478 239 541; x_wconf 84' lang='lat' dir='ltr'><strong>qui</strong></span> <span class='ocrx_word' id='word_1_37' title='bbox 258 481 335 527; x_wconf 86' lang='lat' dir='ltr'><strong>antem</strong></span> <span class='ocrx_word' id='word_1_38' title='bbox 351 490 379 527; x_wconf 88' lang='lat' dir='ltr'><strong>ex</strong></span> <span class='ocrx_word' id='word_1_39' title='bbox 401 481 463 527; x_wconf 87' lang='lat' dir='ltr'><strong>certa</strong></span> <span class='ocrx_word' id='word_1_40' title='bbox 479 479 564 528; x_wconf 88' lang='lat' dir='ltr'><strong>malitia</strong></span> <span class='ocrx_word' id='word_1_41' title='bbox 579 484 671 543; x_wconf 91' lang='lat' dir='ltr'><strong>peccat,</strong></span> <span class='ocrx_word' id='word_1_42' title='bbox 687 482 817 533; x_wconf 88' lang='lat' dir='ltr'><strong>nonhabet</strong></span> <span class='ocrx_word' id='word_1_43' title='bbox 835 482 878 533; x_wconf 89' lang='lat' dir='ltr'><strong>ali-</strong></span> 
     </span>
     <span class='ocr_line' id='line_1_6' title="bbox 70 548 874 615; baseline 0.004 -15"><span class='ocrx_word' id='word_1_44' title='bbox 70 564 138 615; x_wconf 84' lang='lat' dir='ltr'><strong>quam</strong></span> <span class='ocrx_word' id='word_1_45' title='bbox 164 548 354 608; x_wconf 76' lang='lat' dir='ltr'><strong>excnsati‘onem,</strong></span> <span class='ocrx_word' id='word_1_46' title='bbox 377 550 437 598; x_wconf 87' lang='lat' dir='ltr'><strong>unde</strong></span> <span class='ocrx_word' id='word_1_47' title='bbox 458 548 508 611; x_wconf 84' lang='lat' dir='ltr'><strong>ejus</strong></span> <span class='ocrx_word' id='word_1_48' title='bbox 531 564 600 613; x_wconf 84' lang='lat' dir='ltr'><strong>poena</strong></span> <span class='ocrx_word' id='word_1_49' title='bbox 618 550 741 601; x_wconf 89' lang='lat' dir='ltr'><strong>minuatur.</strong></span> <span class='ocrx_word' id='word_1_50' title='bbox 764 553 874 604; x_wconf 89' lang='lat' dir='ltr'><strong>Similiter</strong></span> 
     </span>
     <span class='ocr_line' id='line_1_7' title="bbox 72 618 875 686; baseline 0.005 -15"><span class='ocrx_word' id='word_1_51' title='bbox 72 621 153 681; x_wconf 85' lang='lat' dir='ltr'><strong>ctiam,</strong></span> <span class='ocrx_word' id='word_1_52' title='bbox 171 622 210 685; x_wconf 87' lang='lat' dir='ltr'><strong>qui</strong></span> <span class='ocrx_word' id='word_1_53' title='bbox 234 620 407 683; x_wconf 80' lang='lat' dir='ltr'><strong>blasphemabat</strong></span> <span class='ocrx_word' id='word_1_54' title='bbox 420 620 444 670; x_wconf 92' lang='lat' dir='ltr'><strong>iu</strong></span> <span class='ocrx_word' id='word_1_55' title='bbox 457 618 540 670; x_wconf 83' lang='lat' dir='ltr'><strong>Filium</strong></span> <span class='ocrx_word' id='word_1_56' title='bbox 558 621 674 685; x_wconf 90' lang='lat' dir='ltr'><strong>bominis,</strong></span> <span class='ocrx_word' id='word_1_57' title='bbox 691 622 742 686; x_wconf 82' lang='lat' dir='ltr'><strong>ejus</strong></span> <span class='ocrx_word' id='word_1_58' title='bbox 755 623 875 675; x_wconf 85' lang='lat' dir='ltr'><strong>divinitate</strong></span> 
     </span>
     <span class='ocr_line' id='line_1_8' title="bbox 73 690 879 759; baseline 0.002 -16"><span class='ocrx_word' id='word_1_59' title='bbox 73 693 171 743; x_wconf 89' lang='lat' dir='ltr'><strong>nondum</strong></span> <span class='ocrx_word' id='word_1_60' title='bbox 181 692 298 751; x_wconf 81' lang='lat' dir='ltr'><strong>revelata,</strong></span> <span class='ocrx_word' id='word_1_61' title='bbox 309 693 399 754; x_wconf 88' lang='lat' dir='ltr'><strong>poterat</strong></span> <span class='ocrx_word' id='word_1_62' title='bbox 408 690 490 741; x_wconf 83' lang='lat' dir='ltr'><strong>habere</strong></span> <span class='ocrx_word' id='word_1_63' title='bbox 498 691 596 755; x_wconf 77' lang='lat' dir='ltr'><strong>aliquam</strong></span> <span class='ocrx_word' id='word_1_64' title='bbox 605 694 772 743; x_wconf 80' lang='lat' dir='ltr'><strong>excusationem</strong></span> <span class='ocrx_word' id='word_1_65' title='bbox 781 698 879 759; x_wconf 85' lang='lat' dir='ltr'><strong>propter</strong></span> 
     </span>
     <span class='ocr_line' id='line_1_9' title="bbox 71 761 874 827; baseline 0 -14"><span class='ocrx_word' id='word_1_66' title='bbox 71 762 226 813; x_wconf 80' lang='lat' dir='ltr'><strong>infirmitatem</strong></span> <span class='ocrx_word' id='word_1_67' title='bbox 240 762 327 823; x_wconf 88' lang='lat' dir='ltr'><strong>carnis,</strong></span> <span class='ocrx_word' id='word_1_68' title='bbox 348 774 416 825; x_wconf 80' lang='lat' dir='ltr'><strong>puram</strong></span> <span class='ocrx_word' id='word_1_69' title='bbox 434 761 458 810; x_wconf 93' lang='lat' dir='ltr'><strong>in</strong></span> <span class='ocrx_word' id='word_1_70' title='bbox 479 776 507 813; x_wconf 91' lang='lat' dir='ltr'><strong>co</strong></span> <span class='ocrx_word' id='word_1_71' title='bbox 522 763 665 827; x_wconf 84' lang='lat' dir='ltr'><strong>aspiciebat:</strong></span> <span class='ocrx_word' id='word_1_72' title='bbox 678 766 701 813; x_wconf 90' lang='lat' dir='ltr'><strong>et</strong></span> <span class='ocrx_word' id='word_1_73' title='bbox 714 763 747 813; x_wconf 88' lang='lat' dir='ltr'><strong>sic</strong></span> <span class='ocrx_word' id='word_1_74' title='bbox 763 766 874 816; x_wconf 85' lang='lat' dir='ltr'><strong>minorem</strong></span> 
     </span>
     <span class='ocr_line' id='line_1_10' title="bbox 70 835 875 901; baseline 0.001 -14"><span class='ocrx_word' id='word_1_75' title='bbox 70 851 161 901; x_wconf 72' lang='lat' dir='ltr'><strong>paenam</strong></span> <span class='ocrx_word' id='word_1_76' title='bbox 179 836 318 887; x_wconf 88' lang='lat' dir='ltr'><strong>merebatur.</strong></span> <span class='ocrx_word' id='word_1_77' title='bbox 336 836 382 885; x_wconf 86' lang='lat' dir='ltr'><strong>Sed</strong></span> <span class='ocrx_word' id='word_1_78' title='bbox 395 835 435 897; x_wconf 87' lang='lat' dir='ltr'><strong>qui</strong></span> <span class='ocrx_word' id='word_1_79' title='bbox 447 836 520 898; x_wconf 84' lang='lat' dir='ltr'><strong>ipsam</strong></span> <span class='ocrx_word' id='word_1_80' title='bbox 535 836 676 886; x_wconf 87' lang='lat' dir='ltr'><strong>diuinitatem</strong></span> <span class='ocrx_word' id='word_1_81' title='bbox 691 837 875 901; x_wconf 87' lang='lat' dir='ltr'><strong>blasphemabat,</strong></span> 
     </span>
     <span class='ocr_line' id='line_1_11' title="bbox 70 906 875 972; baseline 0 -13"><span class='ocrx_word' id='word_1_82' title='bbox 70 920 142 972; x_wconf 83' lang='lat' dir='ltr'><strong>opera</strong></span> <span class='ocrx_word' id='word_1_83' title='bbox 154 909 253 972; x_wconf 75' lang='lat' dir='ltr'><strong>Spiritus</strong></span> <span class='ocrx_word' id='word_1_84' title='bbox 266 906 342 957; x_wconf 91' lang='lat' dir='ltr'><strong>sancti</strong></span> <span class='ocrx_word' id='word_1_85' title='bbox 352 906 442 957; x_wconf 90' lang='lat' dir='ltr'><strong>diabolo</strong></span> <span class='ocrx_word' id='word_1_86' title='bbox 451 907 592 969; x_wconf 84' lang='lat' dir='ltr'><strong>attribuens,</strong></span> <span class='ocrx_word' id='word_1_87' title='bbox 604 908 689 957; x_wconf 79' lang='lat' dir='ltr'><strong>nulhm</strong></span> <span class='ocrx_word' id='word_1_88' title='bbox 705 909 875 959; x_wconf 79' lang='lat' dir='ltr'><strong>excusationem</strong></span> 
     </span>
     <span class='ocr_line' id='line_1_12' title="bbox 71 978 875 1044; baseline 0.004 -16"><span class='ocrx_word' id='word_1_89' title='bbox 71 980 186 1043; x_wconf 89' lang='lat' dir='ltr'><strong>habebat,</strong></span> <span class='ocrx_word' id='word_1_90' title='bbox 199 981 257 1029; x_wconf 88' lang='lat' dir='ltr'><strong>undc</strong></span> <span class='ocrx_word' id='word_1_91' title='bbox 275 980 328 1044; x_wconf 82' lang='lat' dir='ltr'><strong>ejus</strong></span> <span class='ocrx_word' id='word_1_92' title='bbox 349 991 423 1042; x_wconf 79' lang='lat' dir='ltr'><strong>poeua</strong></span> <span class='ocrx_word' id='word_1_93' title='bbox 437 978 606 1029; x_wconf 89' lang='lat' dir='ltr'><strong>diminueretur.</strong></span> <span class='ocrx_word' id='word_1_94' title='bbox 621 979 650 1027; x_wconf 80' lang='lat' dir='ltr'><strong>nt</strong></span> <span class='ocrx_word' id='word_1_95' title='bbox 662 979 714 1028; x_wconf 91' lang='lat' dir='ltr'><strong>idco</strong></span> <span class='ocrx_word' id='word_1_96' title='bbox 727 980 824 1044; x_wconf 90' lang='lat' dir='ltr'><strong>dicitur,</strong></span> <span class='ocrx_word' id='word_1_97' title='bbox 840 994 875 1031; x_wconf 86' lang='lat' dir='ltr'><strong>se·</strong></span> 
     </span>
     <span class='ocr_line' id='line_1_13' title="bbox 70 1048 875 1115; baseline 0.001 -15"><span class='ocrx_word' id='word_1_98' title='bbox 70 1050 172 1100; x_wconf 88' lang='lat' dir='ltr'><strong>cundum</strong></span> <span class='ocrx_word' id='word_1_99' title='bbox 183 1049 350 1114; x_wconf 81' lang='lat' dir='ltr'><strong>expositionem</strong></span> <span class='ocrx_word' id='word_1_100' title='bbox 361 1048 518 1115; x_wconf 74' lang='lat' dir='ltr'><strong>chrysostomi</strong></span> <span class='ocrx_word' id='word_1_101' title='bbox 527 1050 537 1113; x_wconf 82' lang='lat'>(</span> <span class='ocrx_word' id='word_1_102' title='bbox 546 1048 585 1099; x_wconf 90' lang='lat' dir='ltr'><strong>ubi</strong></span> <span class='ocrx_word' id='word_1_103' title='bbox 596 1048 691 1113; x_wconf 81' lang='lat' dir='ltr'><strong>sopri),</strong></span> <span class='ocrx_word' id='word_1_104' title='bbox 705 1049 750 1099; x_wconf 90' lang='lat' dir='ltr'><strong>boc</strong></span> <span class='ocrx_word' id='word_1_105' title='bbox 758 1056 875 1113; x_wconf 89' lang='lat' dir='ltr'><strong>peccatum</strong></span> 
     </span>
     <span class='ocr_line' id='line_1_14' title="bbox 66 1118 875 1185; baseline 0.001 -14"><span class='ocrx_word' id='word_1_106' title='bbox 66 1120 152 1185; x_wconf 79' lang='lat' dir='ltr'><strong>judaeis</strong></span> <span class='ocrx_word' id='word_1_107' title='bbox 166 1135 214 1171; x_wconf 90' lang='lat' dir='ltr'><strong>non</strong></span> <span class='ocrx_word' id='word_1_108' title='bbox 227 1118 331 1184; x_wconf 88' lang='lat' dir='ltr'><strong>remitti,</strong></span> <span class='ocrx_word' id='word_1_109' title='bbox 345 1134 419 1183; x_wconf 85' lang='lat' dir='ltr'><strong>neque</strong></span> <span class='ocrx_word' id='word_1_110' title='bbox 435 1120 460 1170; x_wconf 91' lang='lat' dir='ltr'><strong>in</strong></span> <span class='ocrx_word' id='word_1_111' title='bbox 477 1122 522 1171; x_wconf 94' lang='lat' dir='ltr'><strong>hoc</strong></span> <span class='ocrx_word' id='word_1_112' title='bbox 540 1120 640 1184; x_wconf 82' lang='lat' dir='ltr'><strong>seculo,</strong></span> <span class='ocrx_word' id='word_1_113' title='bbox 659 1134 733 1185; x_wconf 85' lang='lat' dir='ltr'><strong>neque</strong></span> <span class='ocrx_word' id='word_1_114' title='bbox 749 1119 774 1169; x_wconf 91' lang='lat' dir='ltr'><strong>iu</strong></span> <span class='ocrx_word' id='word_1_115' title='bbox 787 1120 875 1184; x_wconf 78' lang='lat' dir='ltr'><strong>turtur03</strong></span> 
     </span>
     <span class='ocr_line' id='line_1_15' title="bbox 67 1192 874 1257; baseline 0 -16"><span class='ocrx_word' id='word_1_116' title='bbox 67 1192 118 1257; x_wconf 77' lang='lat' dir='ltr'><strong>ucria</strong></span> <span class='ocrx_word' id='word_1_117' title='bbox 130 1206 174 1255; x_wconf 93' lang='lat' dir='ltr'><strong>pro</strong></span> <span class='ocrx_word' id='word_1_118' title='bbox 191 1206 219 1243; x_wconf 90' lang='lat' dir='ltr'><strong>co</strong></span> <span class='ocrx_word' id='word_1_119' title='bbox 236 1192 298 1255; x_wconf 90' lang='lat' dir='ltr'><strong>passi</strong></span> <span class='ocrx_word' id='word_1_120' title='bbox 312 1197 367 1243; x_wconf 89' lang='lat' dir='ltr'><strong>sunt</strong></span> <span class='ocrx_word' id='word_1_121' title='bbox 378 1205 469 1255; x_wconf 80' lang='lat' dir='ltr'><strong>poenam</strong></span> <span class='ocrx_word' id='word_1_122' title='bbox 480 1192 505 1241; x_wconf 94' lang='lat' dir='ltr'><strong>in</strong></span> <span class='ocrx_word' id='word_1_123' title='bbox 516 1193 622 1255; x_wconf 79' lang='lat' dir='ltr'><strong>prasenti</strong></span> <span class='ocrx_word' id='word_1_124' title='bbox 635 1192 680 1241; x_wconf 79' lang='lat' dir='ltr'><strong>rita</strong></span> <span class='ocrx_word' id='word_1_125' title='bbox 696 1205 736 1255; x_wconf 93' lang='lat' dir='ltr'><strong>per</strong></span> <span class='ocrx_word' id='word_1_126' title='bbox 750 1192 874 1252; x_wconf 84' lang='lat' dir='ltr'><strong>Romanos,</strong></span> 
     </span>
     <span class='ocr_line' id='line_1_16' title="bbox 67 1262 875 1327; baseline -0.001 -15"><span class='ocrx_word' id='word_1_127' title='bbox 67 1267 89 1313; x_wconf 92' lang='lat' dir='ltr'><strong>et</strong></span> <span class='ocrx_word' id='word_1_128' title='bbox 102 1264 127 1313; x_wconf 92' lang='lat' dir='ltr'><strong>in</strong></span> <span class='ocrx_word' id='word_1_129' title='bbox 138 1264 220 1313; x_wconf 82' lang='lat' dir='ltr'><strong>futura</strong></span> <span class='ocrx_word' id='word_1_130' title='bbox 230 1263 314 1313; x_wconf 82' lang='lat' dir='ltr'><strong>vitain</strong></span> <span class='ocrx_word' id='word_1_131' title='bbox 325 1276 395 1327; x_wconf 83' lang='lat' dir='ltr'><strong>poena</strong></span> <span class='ocrx_word' id='word_1_132' title='bbox 407 1262 498 1312; x_wconf 82' lang='lat' dir='ltr'><strong>interni.</strong></span> <span class='ocrx_word' id='word_1_133' title='bbox 510 1262 574 1311; x_wconf 81' lang='lat' dir='ltr'><strong>Sicut</strong></span> <span class='ocrx_word' id='word_1_134' title='bbox 587 1262 657 1313; x_wconf 86' lang='lat' dir='ltr'><strong>etiam</strong></span> <span class='ocrx_word' id='word_1_135' title='bbox 674 1262 811 1312; x_wconf 74' lang='lat' dir='ltr'><strong>Athanasius</strong></span> <span class='ocrx_word' id='word_1_136' title='bbox 823 1262 875 1326; x_wconf 88' lang='lat' dir='ltr'><strong>(ubi</strong></span> 
     </span>
     <span class='ocr_line' id='line_1_17' title="bbox 69 1333 876 1399; baseline 0.001 -15"><span class='ocrx_word' id='word_1_137' title='bbox 69 1334 134 1398; x_wconf 81' lang='lat' dir='ltr'><strong>suprl</strong></span> <span class='ocrx_word' id='word_1_138' title='bbox 146 1335 155 1398; x_wconf 88' lang='lat'>)</span> <span class='ocrx_word' id='word_1_139' title='bbox 167 1334 259 1384; x_wconf 84' lang='lat' dir='ltr'><strong>inducit</strong></span> <span class='ocrx_word' id='word_1_140' title='bbox 269 1334 400 1397; x_wconf 88' lang='lat' dir='ltr'><strong>exemplum</strong></span> <span class='ocrx_word' id='word_1_141' title='bbox 409 1334 437 1383; x_wconf 87' lang='lat' dir='ltr'><strong>de</strong></span> <span class='ocrx_word' id='word_1_142' title='bbox 447 1346 523 1385; x_wconf 89' lang='lat' dir='ltr'><strong>corum</strong></span> <span class='ocrx_word' id='word_1_143' title='bbox 534 1334 675 1397; x_wconf 86' lang='lat' dir='ltr'><strong>parentibus,</strong></span> <span class='ocrx_word' id='word_1_144' title='bbox 689 1334 729 1398; x_wconf 87' lang='lat' dir='ltr'><strong>qui</strong></span> <span class='ocrx_word' id='word_1_145' title='bbox 740 1333 815 1399; x_wconf 87' lang='lat' dir='ltr'><strong>primd</strong></span> <span class='ocrx_word' id='word_1_146' title='bbox 824 1335 876 1398; x_wconf 88' lang='lat' dir='ltr'><strong>qui-</strong></span> 
     </span>
     <span class='ocr_line' id='line_1_18' title="bbox 69 1405 877 1469; baseline 0.002 -15"><span class='ocrx_word' id='word_1_147' title='bbox 69 1405 117 1455; x_wconf 90' lang='lat' dir='ltr'><strong>dem</strong></span> <span class='ocrx_word' id='word_1_148' title='bbox 140 1408 224 1455; x_wconf 91' lang='lat' dir='ltr'><strong>contra</strong></span> <span class='ocrx_word' id='word_1_149' title='bbox 242 1406 336 1469; x_wconf 83' lang='lat' dir='ltr'><strong>Moysen</strong></span> <span class='ocrx_word' id='word_1_150' title='bbox 353 1406 519 1455; x_wconf 89' lang='lat' dir='ltr'><strong>contenderunt</strong></span> <span class='ocrx_word' id='word_1_151' title='bbox 535 1408 628 1469; x_wconf 89' lang='lat' dir='ltr'><strong>propter</strong></span> <span class='ocrx_word' id='word_1_152' title='bbox 641 1405 753 1455; x_wconf 89' lang='lat' dir='ltr'><strong>delectum</strong></span> <span class='ocrx_word' id='word_1_153' title='bbox 767 1418 831 1469; x_wconf 79' lang='lat' dir='ltr'><strong>aque</strong></span> <span class='ocrx_word' id='word_1_154' title='bbox 852 1410 877 1456; x_wconf 90' lang='lat' dir='ltr'><strong>et</strong></span> 
     </span>
     <span class='ocr_line' id='line_1_19' title="bbox 69 1474 875 1539; baseline 0 -14"><span class='ocrx_word' id='word_1_155' title='bbox 69 1476 133 1537; x_wconf 85' lang='lat' dir='ltr'><strong>panis</strong></span> <span class='ocrx_word' id='word_1_156' title='bbox 143 1476 177 1539; x_wconf 85' lang='lat' dir='ltr'><strong>(l)</strong></span> <span class='ocrx_word' id='word_1_157' title='bbox 191 1491 197 1524; x_wconf 77' lang='grc' dir='ltr'>ε</span> <span class='ocrx_word' id='word_1_158' title='bbox 214 1478 239 1525; x_wconf 90' lang='lat' dir='ltr'><strong>ct</strong></span> <span class='ocrx_word' id='word_1_159' title='bbox 253 1476 298 1525; x_wconf 87' lang='lat' dir='ltr'><strong>boc</strong></span> <span class='ocrx_word' id='word_1_160' title='bbox 310 1474 420 1525; x_wconf 84' lang='lat' dir='ltr'><strong>Dominus</strong></span> <span class='ocrx_word' id='word_1_161' title='bbox 431 1475 540 1525; x_wconf 88' lang='lat' dir='ltr'><strong>sustinuit</strong></span> <span class='ocrx_word' id='word_1_162' title='bbox 553 1476 679 1537; x_wconf 83' lang='lat' dir='ltr'><strong>patienter3</strong></span> <span class='ocrx_word' id='word_1_163' title='bbox 688 1475 804 1526; x_wconf 87' lang='lat' dir='ltr'><strong>habebant</strong></span> <span class='ocrx_word' id='word_1_164' title='bbox 814 1475 875 1526; x_wconf 87' lang='lat' dir='ltr'><strong>euim</strong></span> 
     </span>
     <span class='ocr_line' id='line_1_20' title="bbox 67 1546 875 1609; baseline 0.002 -14"><span class='ocrx_word' id='word_1_165' title='bbox 67 1547 243 1598; x_wconf 85' lang='lat' dir='ltr'><strong>excusationem</strong></span> <span class='ocrx_word' id='word_1_166' title='bbox 261 1561 292 1597; x_wconf 80' lang='lat' dir='ltr'><strong>cx</strong></span> <span class='ocrx_word' id='word_1_167' title='bbox 310 1546 442 1598; x_wconf 75' lang='lat' dir='ltr'><strong>inormitate</strong></span> <span class='ocrx_word' id='word_1_168' title='bbox 459 1546 543 1597; x_wconf 85' lang='lat' dir='ltr'><strong>earnis.</strong></span> <span class='ocrx_word' id='word_1_169' title='bbox 561 1547 606 1597; x_wconf 87' lang='lat' dir='ltr'><strong>Sed</strong></span> <span class='ocrx_word' id='word_1_170' title='bbox 620 1547 763 1609; x_wconf 88' lang='lat' dir='ltr'><strong>postmodum</strong></span> <span class='ocrx_word' id='word_1_171' title='bbox 783 1546 875 1609; x_wconf 74' lang='lat' dir='ltr'><strong>gramm</strong></span> 
     </span>
     <span class='ocr_line' id='line_1_21' title="bbox 67 1616 874 1681; baseline 0 -14"><span class='ocrx_word' id='word_1_172' title='bbox 67 1623 224 1680; x_wconf 66' lang='lat' dir='ltr'><strong>pensaverunt</strong></span> <span class='ocrx_word' id='word_1_173' title='bbox 239 1617 307 1681; x_wconf 69' lang='lat' dir='ltr'><strong>cpuasi</strong></span> <span class='ocrx_word' id='word_1_174' title='bbox 320 1618 506 1681; x_wconf 85' lang='lat' dir='ltr'><strong>blasphemantes</strong></span> <span class='ocrx_word' id='word_1_175' title='bbox 519 1617 544 1667; x_wconf 88' lang='lat' dir='ltr'><strong>in</strong></span> <span class='ocrx_word' id='word_1_176' title='bbox 554 1616 664 1680; x_wconf 87' lang='lat' dir='ltr'><strong>Spiritum</strong></span> <span class='ocrx_word' id='word_1_177' title='bbox 676 1620 791 1679; x_wconf 86' lang='lat' dir='ltr'><strong>sanctum,</strong></span> <span class='ocrx_word' id='word_1_178' title='bbox 802 1617 874 1667; x_wconf 83' lang='lat' dir='ltr'><strong>baue-</strong></span> 
     </span>
     <span class='ocr_line' id='line_1_22' title="bbox 70 1686 872 1753; baseline -0.001 -16"><span class='ocrx_word' id='word_1_179' title='bbox 70 1690 124 1738; x_wconf 84' lang='lat' dir='ltr'><strong>licia</strong></span> <span class='ocrx_word' id='word_1_180' title='bbox 139 1688 180 1738; x_wconf 85' lang='lat' dir='ltr'><strong>lici</strong></span> <span class='ocrx_word' id='word_1_181' title='bbox 194 1690 232 1753; x_wconf 85' lang='lat' dir='ltr'><strong>qui</strong></span> <span class='ocrx_word' id='word_1_182' title='bbox 253 1702 293 1740; x_wconf 88' lang='lat' dir='ltr'><strong>eos</strong></span> <span class='ocrx_word' id='word_1_183' title='bbox 315 1702 344 1739; x_wconf 83' lang='lat' dir='ltr'><strong>er</strong></span> <span class='ocrx_word' id='word_1_184' title='bbox 364 1688 464 1753; x_wconf 73' lang='lat' dir='ltr'><strong>AEgypto</strong></span> <span class='ocrx_word' id='word_1_185' title='bbox 481 1690 609 1751; x_wconf 84' lang='lat' dir='ltr'><strong>eduxerat,</strong></span> <span class='ocrx_word' id='word_1_186' title='bbox 626 1688 687 1737; x_wconf 90' lang='lat' dir='ltr'><strong>idolo</strong></span> <span class='ocrx_word' id='word_1_187' title='bbox 706 1686 872 1747; x_wconf 86' lang='lat' dir='ltr'><strong>attribuentes,</strong></span> 
     </span>
     <span class='ocr_line' id='line_1_23' title="bbox 68 1757 874 1823; baseline -0.001 -14"><span class='ocrx_word' id='word_1_188' title='bbox 68 1759 123 1809; x_wconf 83' lang='lat' dir='ltr'><strong>cuim</strong></span> <span class='ocrx_word' id='word_1_189' title='bbox 141 1760 248 1811; x_wconf 82' lang='lat' dir='ltr'><strong>dixerunt</strong></span> <span class='ocrx_word' id='word_1_190' title='bbox 261 1776 267 1808; x_wconf 91' lang='lat'>:</span> <span class='ocrx_word' id='word_1_191' title='bbox 281 1778 295 1808; x_wconf 81' lang='lat' dir='ltr'><strong>a</strong></span> <span class='ocrx_word' id='word_1_192' title='bbox 305 1760 334 1811; x_wconf 82' lang='lat' dir='ltr'><strong>lli</strong></span> <span class='ocrx_word' id='word_1_193' title='bbox 349 1762 403 1811; x_wconf 90' lang='lat' dir='ltr'><strong>sunt</strong></span> <span class='ocrx_word' id='word_1_194' title='bbox 416 1759 447 1809; x_wconf 91' lang='lat' dir='ltr'><strong>dii</strong></span> <span class='ocrx_word' id='word_1_195' title='bbox 459 1760 511 1823; x_wconf 88' lang='lat' dir='ltr'><strong>tui,</strong></span> <span class='ocrx_word' id='word_1_196' title='bbox 524 1759 593 1809; x_wconf 87' lang='lat' dir='ltr'><strong>lsrael</strong></span> <span class='ocrx_word' id='word_1_197' title='bbox 603 1797 610 1819; x_wconf 96' lang='lat'><strong>,</strong></span> <span class='ocrx_word' id='word_1_198' title='bbox 622 1757 663 1821; x_wconf 83' lang='lat' dir='ltr'><strong>qui</strong></span> <span class='ocrx_word' id='word_1_199' title='bbox 674 1762 698 1808; x_wconf 90' lang='lat' dir='ltr'><strong>te</strong></span> <span class='ocrx_word' id='word_1_200' title='bbox 708 1758 836 1808; x_wconf 83' lang='lat' dir='ltr'><strong>eduxerunt</strong></span> <span class='ocrx_word' id='word_1_201' title='bbox 845 1757 874 1808; x_wconf 89' lang='lat' dir='ltr'><strong>de</strong></span> 
     </span>
     <span class='ocr_line' id='line_1_24' title="bbox 66 1827 875 1896; baseline -0.004 -15"><span class='ocrx_word' id='word_1_202' title='bbox 66 1835 128 1881; x_wconf 88' lang='lat' dir='ltr'><strong>terra</strong></span> <span class='ocrx_word' id='word_1_203' title='bbox 137 1832 241 1896; x_wconf 76' lang='lat' dir='ltr'><strong>AEgypti.</strong></span> <span class='ocrx_word' id='word_1_204' title='bbox 254 1848 267 1878; x_wconf 87' lang='lat' dir='ltr'><strong>n</strong></span> <span class='ocrx_word' id='word_1_205' title='bbox 283 1832 313 1881; x_wconf 85' lang='lat' dir='ltr'><strong>Et</strong></span> <span class='ocrx_word' id='word_1_206' title='bbox 323 1831 375 1881; x_wconf 92' lang='lat' dir='ltr'><strong>idco</strong></span> <span class='ocrx_word' id='word_1_207' title='bbox 387 1830 495 1881; x_wconf 83' lang='lat' dir='ltr'><strong>boninus</strong></span> <span class='ocrx_word' id='word_1_208' title='bbox 506 1834 531 1881; x_wconf 92' lang='lat' dir='ltr'><strong>et</strong></span> <span class='ocrx_word' id='word_1_209' title='bbox 543 1829 695 1894; x_wconf 86' lang='lat' dir='ltr'><strong>temporaliter</strong></span> <span class='ocrx_word' id='word_1_210' title='bbox 707 1827 762 1879; x_wconf 88' lang='lat' dir='ltr'><strong>lecit</strong></span> <span class='ocrx_word' id='word_1_211' title='bbox 780 1842 820 1880; x_wconf 88' lang='lat' dir='ltr'><strong>cos</strong></span> <span class='ocrx_word' id='word_1_212' title='bbox 832 1843 875 1893; x_wconf 92' lang='lat' dir='ltr'><strong>pu·</strong></span> 
     </span>
     <span class='ocr_line' id='line_1_25' title="bbox 67 1900 874 1967; baseline -0.004 -14"><span class='ocrx_word' id='word_1_213' title='bbox 67 1902 124 1967; x_wconf 89' lang='lat' dir='ltr'><strong>niri;</strong></span> <span class='ocrx_word' id='word_1_214' title='bbox 140 1903 195 1967; x_wconf 78' lang='lat' dir='ltr'><strong>qima</strong></span> <span class='ocrx_word' id='word_1_215' title='bbox 211 1903 345 1953; x_wconf 86' lang='lat' dir='ltr'><strong>ceciderunt</strong></span> <span class='ocrx_word' id='word_1_216' title='bbox 363 1902 400 1951; x_wconf 83' lang='lat' dir='ltr'><strong>die</strong></span> <span class='ocrx_word' id='word_1_217' title='bbox 420 1900 459 1951; x_wconf 88' lang='lat' dir='ltr'><strong>illa</strong></span> <span class='ocrx_word' id='word_1_218' title='bbox 477 1902 543 1967; x_wconf 83' lang='lat' dir='ltr'><strong>quasi</strong></span> <span class='ocrx_word' id='word_1_219' title='bbox 556 1902 639 1965; x_wconf 79' lang='lat' dir='ltr'><strong>viginti</strong></span> <span class='ocrx_word' id='word_1_220' title='bbox 656 1902 700 1953; x_wconf 86' lang='lat' dir='ltr'><strong>tria</strong></span> <span class='ocrx_word' id='word_1_221' title='bbox 713 1900 783 1951; x_wconf 89' lang='lat' dir='ltr'><strong>millia</strong></span> <span class='ocrx_word' id='word_1_222' title='bbox 800 1902 874 1951; x_wconf 91' lang='lat' dir='ltr'><strong>bomi-</strong></span> 
     </span>
     <span class='ocr_line' id='line_1_26' title="bbox 67 1972 873 2036; baseline -0.001 -14"><span class='ocrx_word' id='word_1_223' title='bbox 67 1986 132 2035; x_wconf 88' lang='lat' dir='ltr'><strong>num,</strong></span> <span class='ocrx_word' id='word_1_224' title='bbox 141 1973 199 2024; x_wconf 90' lang='lat' dir='ltr'><strong>etin</strong></span> <span class='ocrx_word' id='word_1_225' title='bbox 207 1974 285 2023; x_wconf 88' lang='lat' dir='ltr'><strong>tuturo</strong></span> <span class='ocrx_word' id='word_1_226' title='bbox 298 1972 333 2023; x_wconf 90' lang='lat' dir='ltr'><strong>eis</strong></span> <span class='ocrx_word' id='word_1_227' title='bbox 343 1985 435 2036; x_wconf 86' lang='lat' dir='ltr'><strong>poenam</strong></span> <span class='ocrx_word' id='word_1_228' title='bbox 444 1973 601 2034; x_wconf 86' lang='lat' dir='ltr'><strong>comminatur,</strong></span> <span class='ocrx_word' id='word_1_229' title='bbox 610 1973 688 2023; x_wconf 87' lang='lat' dir='ltr'><strong>dicens</strong></span> <span class='ocrx_word' id='word_1_230' title='bbox 698 1989 705 2021; x_wconf 78' lang='lat' dir='ltr'>z</span> <span class='ocrx_word' id='word_1_231' title='bbox 715 1989 730 2020; x_wconf 81' lang='lat' dir='ltr'><strong>u</strong></span> <span class='ocrx_word' id='word_1_232' title='bbox 739 1973 788 2035; x_wconf 78' lang='lat' dir='ltr'><strong>Ego</strong></span> <span class='ocrx_word' id='word_1_233' title='bbox 797 1976 873 2023; x_wconf 86' lang='lat' dir='ltr'><strong>autem</strong></span> 
     </span>
     <span class='ocr_line' id='line_1_27' title="bbox 67 2043 874 2107; baseline 0 -14"><span class='ocrx_word' id='word_1_234' title='bbox 67 2043 92 2093; x_wconf 90' lang='lat' dir='ltr'><strong>in</strong></span> <span class='ocrx_word' id='word_1_235' title='bbox 106 2045 146 2095; x_wconf 88' lang='lat' dir='ltr'><strong>die</strong></span> <span class='ocrx_word' id='word_1_236' title='bbox 160 2044 257 2095; x_wconf 86' lang='lat' dir='ltr'><strong>ultionis</strong></span> <span class='ocrx_word' id='word_1_237' title='bbox 278 2044 378 2096; x_wconf 75' lang='lat' dir='ltr'><strong>visitabo</strong></span> <span class='ocrx_word' id='word_1_238' title='bbox 395 2044 438 2093; x_wconf 91' lang='lat' dir='ltr'><strong>hoc</strong></span> <span class='ocrx_word' id='word_1_239' title='bbox 458 2048 575 2107; x_wconf 89' lang='lat' dir='ltr'><strong>peccatum</strong></span> <span class='ocrx_word' id='word_1_240' title='bbox 593 2058 680 2095; x_wconf 88' lang='lat' dir='ltr'><strong>eorum.</strong></span> <span class='ocrx_word' id='word_1_241' title='bbox 703 2060 717 2091; x_wconf 89' lang='lat'>»</span> <span class='ocrx_word' id='word_1_242' title='bbox 739 2044 788 2093; x_wconf 76' lang='lat' dir='ltr'><strong>llio</strong></span> <span class='ocrx_word' id='word_1_243' title='bbox 808 2046 874 2095; x_wconf 89' lang='lat' dir='ltr'><strong>modo</strong></span> 
     </span>
     <span class='ocr_line' id='line_1_28' title="bbox 68 2116 874 2181; baseline -0.002 -14"><span class='ocrx_word' id='word_1_244' title='bbox 68 2120 145 2179; x_wconf 84' lang='lat' dir='ltr'><strong>potest</strong></span> <span class='ocrx_word' id='word_1_245' title='bbox 160 2116 260 2180; x_wconf 83' lang='lat' dir='ltr'><strong>intelligi</strong></span> <span class='ocrx_word' id='word_1_246' title='bbox 276 2117 352 2181; x_wconf 86' lang='lat' dir='ltr'><strong>quoad</strong></span> <span class='ocrx_word' id='word_1_247' title='bbox 366 2116 471 2180; x_wconf 87' lang='lat' dir='ltr'><strong>culpam,</strong></span> <span class='ocrx_word' id='word_1_248' title='bbox 485 2117 545 2168; x_wconf 88' lang='lat' dir='ltr'><strong>sicut</strong></span> <span class='ocrx_word' id='word_1_249' title='bbox 554 2116 635 2180; x_wconf 85' lang='lat' dir='ltr'><strong>aliquis</strong></span> <span class='ocrx_word' id='word_1_250' title='bbox 646 2116 727 2166; x_wconf 89' lang='lat' dir='ltr'><strong>dicitur</strong></span> <span class='ocrx_word' id='word_1_251' title='bbox 739 2116 831 2167; x_wconf 87' lang='lat' dir='ltr'><strong>morbus</strong></span> <span class='ocrx_word' id='word_1_252' title='bbox 839 2116 874 2165; x_wconf 90' lang='lat' dir='ltr'><strong>in·</strong></span> 
     </span>
     <span class='ocr_line' id='line_1_29' title="bbox 69 2187 874 2251; baseline 0 -15"><span class='ocrx_word' id='word_1_253' title='bbox 69 2188 190 2250; x_wconf 88' lang='lat' dir='ltr'><strong>curabilis,</strong></span> <span class='ocrx_word' id='word_1_254' title='bbox 205 2190 332 2239; x_wconf 87' lang='lat' dir='ltr'><strong>secuudum</strong></span> <span class='ocrx_word' id='word_1_255' title='bbox 346 2192 450 2239; x_wconf 86' lang='lat' dir='ltr'><strong>natmam</strong></span> <span class='ocrx_word' id='word_1_256' title='bbox 462 2189 553 2250; x_wconf 90' lang='lat' dir='ltr'><strong>morbi,</strong></span> <span class='ocrx_word' id='word_1_257' title='bbox 567 2200 689 2251; x_wconf 79' lang='lat' dir='ltr'><strong>perquem</strong></span> <span class='ocrx_word' id='word_1_258' title='bbox 699 2188 785 2237; x_wconf 88' lang='lat' dir='ltr'><strong>totlitur</strong></span> <span class='ocrx_word' id='word_1_259' title='bbox 797 2187 822 2236; x_wconf 88' lang='lat' dir='ltr'><strong>id</strong></span> <span class='ocrx_word' id='word_1_260' title='bbox 832 2200 874 2251; x_wconf 88' lang='lat' dir='ltr'><strong>per</strong></span> 
     </span>
     <span class='ocr_line' id='line_1_30' title="bbox 68 2258 874 2323; baseline -0.005 -12"><span class='ocrx_word' id='word_1_261' title='bbox 68 2261 128 2321; x_wconf 83' lang='lat' dir='ltr'><strong>quud</strong></span> <span class='ocrx_word' id='word_1_262' title='bbox 146 2258 240 2311; x_wconf 85' lang='lat' dir='ltr'><strong>morbus</strong></span> <span class='ocrx_word' id='word_1_263' title='bbox 259 2261 337 2323; x_wconf 85' lang='lat' dir='ltr'><strong>potest</strong></span> <span class='ocrx_word' id='word_1_264' title='bbox 351 2258 437 2319; x_wconf 89' lang='lat' dir='ltr'><strong>curari,</strong></span> <span class='ocrx_word' id='word_1_265' title='bbox 452 2262 508 2323; x_wconf 86' lang='lat' dir='ltr'><strong>puta</strong></span> <span class='ocrx_word' id='word_1_266' title='bbox 526 2273 577 2309; x_wconf 93' lang='lat' dir='ltr'><strong>cum</strong></span> <span class='ocrx_word' id='word_1_267' title='bbox 592 2260 684 2310; x_wconf 83' lang='lat' dir='ltr'><strong>morbus</strong></span> <span class='ocrx_word' id='word_1_268' title='bbox 695 2258 754 2309; x_wconf 89' lang='lat' dir='ltr'><strong>tollit</strong></span> <span class='ocrx_word' id='word_1_269' title='bbox 766 2259 874 2310; x_wconf 72' lang='lat' dir='ltr'><strong>uiuum</strong></span> 
     </span>
     <span class='ocr_line' id='line_1_31' title="bbox 69 2329 873 2394; baseline 0.005 -17"><span class='ocrx_word' id='word_1_270' title='bbox 69 2334 169 2394; x_wconf 69' lang='lat' dir='ltr'><strong>natura,</strong></span> <span class='ocrx_word' id='word_1_271' title='bbox 190 2330 229 2380; x_wconf 90' lang='lat' dir='ltr'><strong>vel</strong></span> <span class='ocrx_word' id='word_1_272' title='bbox 246 2329 336 2381; x_wconf 85' lang='lat' dir='ltr'><strong>inducit</strong></span> <span class='ocrx_word' id='word_1_273' title='bbox 351 2329 465 2381; x_wconf 76' lang='lat' dir='ltr'><strong>fastidium</strong></span> <span class='ocrx_word' id='word_1_274' title='bbox 484 2330 530 2381; x_wconf 92' lang='lat' dir='ltr'><strong>cibi</strong></span> <span class='ocrx_word' id='word_1_275' title='bbox 543 2335 567 2381; x_wconf 87' lang='lat' dir='ltr'><strong>et</strong></span> <span class='ocrx_word' id='word_1_276' title='bbox 582 2330 716 2394; x_wconf 74' lang='lat' dir='ltr'><strong>medicina,</strong></span> <span class='ocrx_word' id='word_1_277' title='bbox 733 2330 786 2381; x_wconf 86' lang='lat' dir='ltr'><strong>licet</strong></span> <span class='ocrx_word' id='word_1_278' title='bbox 805 2331 873 2381; x_wconf 88' lang='lat' dir='ltr'><strong>tatem</strong></span> 
     </span>
    </p>
   </div>
   <div class='ocr_carea' id='block_1_3' title="bbox 67 2400 873 2611">
    <p class='ocr_par' dir='ltr' id='par_1_3' title="bbox 67 2400 873 2611">
     <span class='ocr_line' id='line_1_32' title="bbox 68 2400 873 2467; baseline -0.005 -14"><span class='ocrx_word' id='word_1_279' title='bbox 68 2400 174 2453; x_wconf 83' lang='lat' dir='ltr'><strong>morbum</strong></span> <span class='ocrx_word' id='word_1_280' title='bbox 190 2400 252 2453; x_wconf 80' lang='lat' dir='ltr'><strong>Deus</strong></span> <span class='ocrx_word' id='word_1_281' title='bbox 266 2402 341 2467; x_wconf 88' lang='lat' dir='ltr'><strong>possit</strong></span> <span class='ocrx_word' id='word_1_282' title='bbox 356 2412 442 2451; x_wconf 86' lang='lat' dir='ltr'><strong>curare.</strong></span> <span class='ocrx_word' id='word_1_283' title='bbox 455 2402 489 2451; x_wconf 88' lang='lat' dir='ltr'><strong>lta</strong></span> <span class='ocrx_word' id='word_1_284' title='bbox 507 2401 575 2452; x_wconf 87' lang='lat' dir='ltr'><strong>etiam</strong></span> <span class='ocrx_word' id='word_1_285' title='bbox 593 2406 711 2465; x_wconf 88' lang='lat' dir='ltr'><strong>peccatum</strong></span> <span class='ocrx_word' id='word_1_286' title='bbox 728 2401 752 2450; x_wconf 92' lang='lat' dir='ltr'><strong>in</strong></span> <span class='ocrx_word' id='word_1_287' title='bbox 766 2400 873 2466; x_wconf 87' lang='lat' dir='ltr'><strong>Spiritum</strong></span> 
     </span>
     <span class='ocr_line' id='line_1_33' title="bbox 68 2470 871 2533; baseline -0.001 -12"><span class='ocrx_word' id='word_1_288' title='bbox 68 2476 174 2523; x_wconf 85' lang='lat' dir='ltr'><strong>sanctum</strong></span> <span class='ocrx_word' id='word_1_289' title='bbox 194 2472 277 2523; x_wconf 89' lang='lat' dir='ltr'><strong>dicitur</strong></span> <span class='ocrx_word' id='word_1_290' title='bbox 297 2470 454 2523; x_wconf 86' lang='lat' dir='ltr'><strong>irremissibile</strong></span> <span class='ocrx_word' id='word_1_291' title='bbox 475 2473 600 2524; x_wconf 87' lang='lat' dir='ltr'><strong>secundum</strong></span> <span class='ocrx_word' id='word_1_292' title='bbox 623 2485 686 2523; x_wconf 89' lang='lat' dir='ltr'><strong>suam</strong></span> <span class='ocrx_word' id='word_1_293' title='bbox 707 2475 827 2533; x_wconf 84' lang='lat' dir='ltr'><strong>naturam,</strong></span> <span class='ocrx_word' id='word_1_294' title='bbox 847 2471 871 2520; x_wconf 91' lang='lat' dir='ltr'><strong>iu</strong></span> 
     </span>
     <span class='ocr_line' id='line_1_34' title="bbox 67 2543 873 2611; baseline 0 -19"><span class='ocrx_word' id='word_1_295' title='bbox 67 2547 181 2605; x_wconf 89' lang='lat' dir='ltr'><strong>quantum</strong></span> <span class='ocrx_word' id='word_1_296' title='bbox 200 2543 301 2594; x_wconf 76' lang='lat' dir='ltr'><strong>excludit</strong></span> <span class='ocrx_word' id='word_1_297' title='bbox 317 2557 344 2593; x_wconf 87' lang='lat' dir='ltr'><strong>ea</strong></span> <span class='ocrx_word' id='word_1_298' title='bbox 366 2557 406 2609; x_wconf 88' lang='lat' dir='ltr'><strong>per</strong></span> <span class='ocrx_word' id='word_1_299' title='bbox 424 2558 474 2611; x_wconf 80' lang='lat' dir='ltr'><strong>qua</strong></span> <span class='ocrx_word' id='word_1_300' title='bbox 496 2546 521 2594; x_wconf 86' lang='lat' dir='ltr'><strong>iit</strong></span> <span class='ocrx_word' id='word_1_301' title='bbox 537 2544 640 2595; x_wconf 85' lang='lat' dir='ltr'><strong>remissio</strong></span> <span class='ocrx_word' id='word_1_302' title='bbox 660 2547 811 2609; x_wconf 88' lang='lat' dir='ltr'><strong>peccatorum.</strong></span> <span class='ocrx_word' id='word_1_303' title='bbox 830 2544 873 2593; x_wconf 90' lang='lat' dir='ltr'><strong>Per</strong></span> 
     </span>
    </p>
   </div>
   <div class='ocr_carea' id='block_1_4' title="bbox 66 2644 873 2836">
    <p class='ocr_par' dir='ltr' id='par_1_4' title="bbox 66 2644 873 2836">
     <span class='ocr_line' id='line_1_35' title="bbox 105 2644 871 2710; baseline -0.003 -17"><span class='ocrx_word' id='word_1_304' title='bbox 105 2644 137 2710; x_wconf 79' lang='grc'><strong>(1)</strong></span> <span class='ocrx_word' id='word_1_305' title='bbox 151 2648 218 2709; x_wconf 73' lang='lat' dir='ltr'><strong>nura,</strong></span> <span class='ocrx_word' id='word_1_306' title='bbox 230 2648 324 2697; x_wconf 73' lang='lat' dir='ltr'><strong>Exod„</strong></span> <span class='ocrx_word' id='word_1_307' title='bbox 333 2650 385 2707; x_wconf 83' lang='lat' dir='ltr'><strong>XV,</strong></span> <span class='ocrx_word' id='word_1_308' title='bbox 395 2662 418 2694; x_wconf 85' lang='lat' dir='ltr'><strong>v.</strong></span> <span class='ocrx_word' id='word_1_309' title='bbox 430 2648 534 2708; x_wconf 51' lang='lat' dir='ltr'><strong>limium</strong></span> <span class='ocrx_word' id='word_1_310' title='bbox 545 2662 617 2706; x_wconf 87' lang='lat' dir='ltr'><strong>aquas</strong></span> <span class='ocrx_word' id='word_1_311' title='bbox 629 2651 695 2695; x_wconf 84' lang='lat' dir='ltr'><strong>blara</strong></span> <span class='ocrx_word' id='word_1_312' title='bbox 703 2653 797 2705; x_wconf 91' lang='lat' dir='ltr'><strong>propter</strong></span> <span class='ocrx_word' id='word_1_313' title='bbox 806 2660 871 2692; x_wconf 82' lang='lat' dir='ltr'><strong>ama·</strong></span> 
     </span>
     <span class='ocr_line' id='line_1_36' title="bbox 66 2710 872 2769; baseline 0 -17"><span class='ocrx_word' id='word_1_314' title='bbox 66 2710 145 2755; x_wconf 85' lang='lat' dir='ltr'><strong>ritiem</strong></span> <span class='ocrx_word' id='word_1_315' title='bbox 155 2711 238 2759; x_wconf 84' lang='lat' dir='ltr'><strong>bibere</strong></span> <span class='ocrx_word' id='word_1_316' title='bbox 246 2723 295 2757; x_wconf 85' lang='lat' dir='ltr'><strong>non</strong></span> <span class='ocrx_word' id='word_1_317' title='bbox 305 2712 417 2769; x_wconf 82' lang='lat' dir='ltr'><strong>valentes,</strong></span> <span class='ocrx_word' id='word_1_318' title='bbox 426 2712 533 2757; x_wconf 82' lang='lat' dir='ltr'><strong>dixerunt</strong></span> <span class='ocrx_word' id='word_1_319' title='bbox 541 2711 620 2769; x_wconf 81' lang='lat' dir='ltr'><strong>:Quid</strong></span> <span class='ocrx_word' id='word_1_320' title='bbox 629 2711 782 2757; x_wconf 76' lang='lat' dir='ltr'><strong>bibamurtet</strong></span> <span class='ocrx_word' id='word_1_321' title='bbox 793 2710 872 2754; x_wconf 89' lang='lat' dir='ltr'><strong>dulces</strong></span> 
     </span>
     <span class='ocr_line' id='line_1_37' title="bbox 67 2772 873 2836; baseline -0.005 -21"><span class='ocrx_word' id='word_1_322' title='bbox 67 2784 124 2817; x_wconf 82' lang='lat' dir='ltr'><strong>mor</strong></span> <span class='ocrx_word' id='word_1_323' title='bbox 137 2773 204 2819; x_wconf 84' lang='lat' dir='ltr'><strong>iactor</strong></span> <span class='ocrx_word' id='word_1_324' title='bbox 215 2780 281 2827; x_wconf 85' lang='lat' dir='ltr'><strong>aunt;</strong></span> <span class='ocrx_word' id='word_1_325' title='bbox 298 2772 393 2824; x_wconf 67' lang='lat' dir='ltr'><strong>deod..</strong></span> <span class='ocrx_word' id='word_1_326' title='bbox 402 2774 470 2836; x_wconf 70' lang='lat' dir='ltr'><strong>xil,</strong></span> <span class='ocrx_word' id='word_1_327' title='bbox 482 2790 505 2820; x_wconf 86' lang='lat' dir='ltr'><strong>v.</strong></span> <span class='ocrx_word' id='word_1_328' title='bbox 517 2774 540 2833; x_wconf 81' lang='grc'><strong>3,</strong></span> <span class='ocrx_word' id='word_1_329' title='bbox 553 2775 606 2819; x_wconf 81' lang='lat' dir='ltr'><strong>cuim</strong></span> <span class='ocrx_word' id='word_1_330' title='bbox 619 2780 713 2830; x_wconf 85' lang='lat' dir='ltr'><strong>proptor</strong></span> <span class='ocrx_word' id='word_1_331' title='bbox 723 2772 808 2816; x_wconf 85' lang='lat' dir='ltr'><strong>lamam</strong></span> <span class='ocrx_word' id='word_1_332' title='bbox 820 2776 873 2813; x_wconf 87' lang='lat' dir='ltr'><strong>sunt</strong></span> 
     </span>
    </p>
   </div>
   <div class='ocr_carea' id='block_1_5' title="bbox 68 2832 872 2941">
    <p class='ocr_par' dir='ltr' id='par_1_5' title="bbox 68 2832 872 2941">
     <span class='ocr_line' id='line_1_38' title="bbox 68 2832 872 2939; baseline -0.002 -62"><span class='ocrx_word' id='word_1_333' title='bbox 68 2838 208 2939; x_wconf 57' lang='lat' dir='ltr'><strong>corraqnesti,</strong></span> <span class='ocrx_word' id='word_1_334' title='bbox 222 2843 245 2881; x_wconf 90' lang='lat' dir='ltr'><strong>et</strong></span> <span class='ocrx_word' id='word_1_335' title='bbox 258 2849 345 2883; x_wconf 86' lang='lat' dir='ltr'><strong>manna</strong></span> <span class='ocrx_word' id='word_1_336' title='bbox 360 2836 404 2883; x_wconf 85' lang='lat' dir='ltr'><strong>illis</strong></span> <span class='ocrx_word' id='word_1_337' title='bbox 418 2849 555 2883; x_wconf 80' lang='lat' dir='ltr'><strong>conccssum</strong></span> <span class='ocrx_word' id='word_1_338' title='bbox 564 2843 613 2890; x_wconf 82' lang='lat' dir='ltr'><strong>cst;</strong></span> <span class='ocrx_word' id='word_1_339' title='bbox 626 2838 685 2881; x_wconf 84' lang='lat' dir='ltr'><strong>sicut</strong></span> <span class='ocrx_word' id='word_1_340' title='bbox 695 2841 718 2880; x_wconf 90' lang='lat' dir='ltr'><strong>et</strong></span> <span class='ocrx_word' id='word_1_341' title='bbox 728 2835 751 2881; x_wconf 87' lang='grc' dir='ltr'><strong><em>Ν</em></strong></span> <span class='ocrx_word' id='word_1_342' title='bbox 753 2846 813 2881; x_wconf 68' lang='lat' dir='ltr'><strong>um„</strong></span> <span class='ocrx_word' id='word_1_343' title='bbox 823 2832 872 2887; x_wconf 78' lang='lat' dir='ltr'><strong>XX,</strong></span> 
     </span>
     <span class='ocr_line' id='line_1_39' title="bbox 69 2908 130 2941; baseline 0.033 -2"><span class='ocrx_word' id='word_1_344' title='bbox 69 2908 94 2939; x_wconf 81' lang='lat' dir='ltr'><strong>u.</strong></span> <span class='ocrx_word' id='word_1_345' title='bbox 125 2930 130 2941; x_wconf 93' lang='lat'><strong>.</strong></span> 
     </span>
    </p>
   </div>
   <div class='ocr_carea' id='block_1_6' title="bbox 0 0 1000 3317">
    <p class='ocr_par' dir='ltr' id='par_1_6' title="bbox 0 0 1000 3317">
     <span class='ocr_line' id='line_1_40' title="bbox 0 0 1000 3317; baseline 0 0"><span class='ocrx_word' id='word_1_346' title='bbox 0 0 1000 3317; x_wconf 95' lang='lat' dir='ltr'><strong> </strong></span> 
     </span>
    </p>
   </div>
  </div>
 </body>
</html>
