1992 3317
237 156 268 194 oa
284 154 456 195 unanimus
470 154 585 194 rusrrrrn
601 151 726 194 numus.
821 146 884 196 toto

113 232 148 284 ld
162 231 254 284 tertium
267 232 402 293 dicendum,
416 231 476 295 quod
493 232 553 282 mont
568 230 661 283 omissio
678 232 802 296 opponitur
819 248 879 299 prae-

81 304 155 370 ceptis
165 303 316 368 affirmativis,
330 303 363 354 ita
372 303 524 367 transgressio
540 302 663 368 opponitur
673 305 797 368 preceptio
809 319 880 370 nega-

80 376 144 426 tiris.
159 377 188 426 ltt
202 374 254 426 ideo
275 379 412 439 utrumque,
431 374 450 426 si
467 374 560 439 proprii
579 374 711 439 arripiatur,
725 374 833 440 importat
848 390 883 427 ra-
912 413 918 426 .

79 447 167 500 tionem
185 447 273 512 pennati
286 446 396 498 mortalis.
412 447 490 498 Potest
505 450 583 500 annm
598 446 660 510 large
674 445 719 496 diei
731 449 883 511 nmrgressio

80 519 119 570 val
130 519 232 581 omissio,
247 531 277 569 ex
284 531 312 570 eo
321 517 381 583 quod
394 518 478 583 aliquio
488 519 520 569 sit
529 522 611 583 proter
623 520 737 583 precepta
747 518 882 570 attirmrtira

79 592 118 642 uel
131 590 250 654 negativa,
266 591 389 655 disponens
398 592 426 641 ad
442 590 573 655 oppositum
582 589 692 655 ipsorum.
707 590 736 639 Et
750 589 784 640 sio
795 593 882 640 utrum·

78 675 124 726 que
138 661 200 725 large
213 661 353 727 accipiendo,
371 663 446 725 potest
458 675 510 712 esse
522 663 640 725 peceatum
657 661 755 712 reniale.

111 736 146 785 ltrl
163 739 268 798 quartum
283 735 417 798 dicendum,
431 734 492 800 quod
515 737 608 799 pensato
625 733 810 798 transgressionis
829 747 882 784 res-

77 808 181 873 pondet,
194 810 218 858 et
229 821 300 872 poeon
311 807 404 856 damni
410 845 417 864 ,
428 809 519 871 propter
532 805 673 856 aversionem
682 805 764 869 alteo,
777 809 801 856 et
806 820 881 870 poem

76 879 180 937 aeneos,
199 882 290 943 propter
303 878 455 930 inordinatam
466 878 638 930 conversionem
648 878 771 928 athomum
781 889 882 928 oommu·

75 950 157 1002 labile
177 949 285 1001 Similiter
307 950 377 1001 etiam
400 949 519 1000 emissioni
541 960 588 999 non
608 947 682 998 solium
697 948 790 999 deletur
807 962 881 1012 poena

76 1023 186 1078 damni,
195 1022 236 1073 seri
245 1021 314 1072 etiam
323 1037 394 1086 poenu
404 1021 498 1078 smne,
511 1018 636 1071 murnum
645 1019 701 1069 illud
710 1018 814 1078 narrt„
823 1019 863 1068 llll
873 1034 880 1069 τ

77 1111 94 1144 o
107 1092 189 1146 Omnis
199 1093 265 1144 arbor
275 1107 326 1158 que
341 1107 387 1144 non
398 1093 454 1144 tnoit
464 1093 560 1143 fructum
574 1091 673 1153 bouum,
690 1090 806 1141 excidetur
818 1091 842 1139 et
854 1088 879 1138 in

77 1167 158 1230 iguem
176 1164 285 1216 mittetur.
306 1183 320 1213 o
335 1167 364 1216 Et
380 1166 424 1216 hoo
442 1167 533 1229 proptor
548 1163 647 1214 radicem
662 1174 748 1226 nuqua
762 1160 879 1225 promitit,

73 1236 132 1289 lieet
153 1249 199 1287 uon
220 1237 302 1288 haheat
321 1251 350 1287 er
373 1236 508 1288 necessitate
529 1234 641 1285 actualem
658 1232 879 1285 oonrersionem·arl

73 1309 169 1374 aliquod
182 1307 266 1360 bonnm
280 1307 448 1360 commutabile.

352 1931 420 1969 ml!
430 1932 492 1969 nortl
503 1929 604 1976 Qllssfl·
