1992 3317
150 156 196 205 aaa
290 161 688 213 emmerammenses,
708 160 762 203 aur.
777 162 804 201 11.

150 243 225 307 ipsam
234 241 311 293 uideat
319 240 356 291 uel
370 241 494 292 secuudum
503 254 542 305 se,
552 240 589 291 uel
606 252 647 305 per
659 240 819 291 resolutionem
831 239 861 290 ad
874 239 944 305 prima

149 313 262 377 principia
278 325 319 375 per
331 326 356 362 nc
370 311 436 373 nisa,
447 314 492 367 ned
508 311 563 377 quia
579 310 721 363 conuincitur
737 323 779 376 per
791 310 945 361 auctoritatem

149 386 249 437 divinam
262 385 374 435 assentire
384 384 421 434 his
431 398 482 448 qun
493 397 541 435 uon
550 384 621 447 videt,
636 388 659 434 et
672 386 764 449 propter
775 382 898 447 imperium
911 396 948 433 no·

148 457 244 508 luntatis
260 457 374 508 mouentis
386 456 537 507 intellectum.
554 455 619 515 Quid
638 458 714 507 autem
733 456 838 507 noluntas
858 460 945 507 monent

148 529 290 583 intellectum
305 530 334 579 ad
349 528 534 590 assentiendum,
550 530 627 592 potest
643 528 774 591 contingere
792 540 821 577 cx
841 527 945 577 duobus:

147 592 194 654 nno
204 602 285 664 modo,
298 614 327 651 ex
338 599 416 651 ordine
427 598 551 655 voluntatis
564 599 593 649 ad
606 599 706 659 bouum,
720 602 743 650 et
759 598 792 651 sic
806 599 899 649 credere
915 600 948 649 est

148 670 412 734 actuslaudalr'dis3al10
425 672 502 734 modo,
514 670 567 736 qnia
577 670 708 721 intellectus
719 670 860 722 convincitur
871 670 900 721 ad
909 672 948 721 hoc
985 696 986 713 r

147 744 208 806 quod
217 743 305 807 judicet
317 755 369 792 esse
383 741 519 792 credendum
531 740 569 792 his
583 756 633 805 quae
643 742 756 802 dicuutur,
766 740 819 792 lieet
833 754 882 793 non
893 755 944 792 cno-
985 718 986 791 i

148 814 253 865 vincatur
265 828 306 878 per
316 813 452 864 euidentiam
466 812 508 874 rei,
520 812 579 863 sicut
590 814 610 863 si
625 812 708 877 aliquis
722 813 837 876 Propheta
849 826 947 877 pronun·
985 796 986 865 i

147 885 213 936 tieret
224 884 249 951 in
259 897 364 936 sermone
375 885 467 935 Domini
476 884 562 949 aliquid
571 885 685 949 futurum,
696 888 720 935 et
731 884 849 935 adhiberet
860 884 947 949 signum

147 959 260 1006 mortuum
280 957 424 1018 suscitando,
438 970 468 1007 ex
485 958 529 1007 hoc
545 956 610 1019 signo
627 956 800 1007 convinceretur
816 955 945 1007 intellectus

145 1025 261 1090 videntis,
273 1031 299 1077 nt
317 1032 463 1091 cognosceret
483 1027 605 1079 manilestt
618 1028 662 1077 hoc
681 1026 726 1077 dici
740 1026 824 1086 tileo,
846 1026 886 1093 qni
904 1040 946 1077 non
985 1038 986 1093 l

147 1097 263 1160 mentitur,
272 1098 327 1150 licit
339 1099 504 1150 illudlnturum
514 1100 575 1164 quod
587 1098 717 1163 predicitur
726 1098 750 1147 in
759 1112 783 1148 sc
794 1098 893 1149 euidens
903 1112 947 1148 nou
985 1096 986 1187 l

147 1172 217 1227 esset.
236 1171 300 1221 Unde
318 1184 359 1233 per
370 1172 414 1220 hoc
429 1171 487 1221 ratio
500 1170 553 1221 fidei
567 1183 612 1221 non
625 1172 749 1222 tolleretur.
766 1169 897 1221 Dicendum
915 1172 946 1219 est
985 1188 986 1239 p

146 1254 199 1303 engo
214 1242 272 1304 quod
286 1241 310 1290 in
320 1241 422 1291 fidelihus
436 1242 521 1292 Christi
533 1242 637 1291 laudatur
648 1241 704 1291 sudes
714 1240 842 1292 secuudum
851 1241 947 1306 primum

146 1312 251 1374 modum3
266 1316 289 1362 et
303 1313 426 1363 secundnm
439 1314 484 1364 hoc
497 1327 544 1363 non
559 1316 594 1364 est
606 1313 630 1365 in
643 1311 798 1374 demonibus,
817 1313 861 1363 sed
877 1314 946 1364 solum
985 1304 986 1395 i

145 1384 244 1433 secundo
260 1384 334 1433 modo.
343 1382 428 1433 Vident
440 1384 500 1436 enim
511 1385 582 1434 multa
595 1383 716 1436 manifesta
725 1382 816 1447 iudicia,
827 1398 858 1437 ex
867 1384 947 1447 quibus
985 1402 986 1443 p

146 1453 273 1517 percipiunt
291 1454 416 1507 doctrinam
433 1456 540 1507 Ecclesiae
553 1458 567 1507 t
579 1456 625 1507 Deo
647 1468 710 1517 esse,
725 1454 831 1519 quemvis
850 1456 897 1521 ipsi
914 1470 947 1505 nes
985 1444 986 1521 l

145 1523 206 1587 ipsas
226 1538 282 1588 quas
298 1526 400 1578 Ecclesia
418 1529 500 1589 docet,
518 1542 564 1579 uon
577 1526 680 1587 videant,
697 1526 755 1591 pull
777 1543 790 1573 u
805 1528 880 1593 licum
902 1540 947 1579 csse

145 1594 229 1645 trinum
243 1601 267 1647 el
283 1612 369 1662 unum,
384 1616 398 1647 n
414 1601 451 1651 nel
465 1600 550 1665 aliquid
566 1596 709 1663 hujusmodi.

176 1668 211 1717 dd
223 1669 322 1731 primum
334 1684 388 1742 ergo
401 1672 537 1735 dicendum,
551 1670 611 1735 qudd
626 1672 757 1722 demonum
771 1670 828 1719 fides
843 1674 881 1721 est
895 1685 945 1735 qno-

145 1738 264 1792 dammodo
274 1746 390 1794 coactaer
403 1744 519 1807 signorum
531 1742 646 1795 euidentia
662 1758 668 1791 :
685 1746 708 1793 et
720 1741 771 1792 ideo
785 1754 833 1792 non
848 1742 943 1809 pertinet

144 1811 173 1860 ad
189 1812 280 1863 laudem
293 1814 416 1865 voluntatis
428 1815 529 1881 ipsorum
548 1816 608 1879 quod
623 1816 725 1865 credunt.

175 1884 208 1932 dd
221 1885 343 1935 secundum
357 1886 490 1950 dicendum,
505 1885 564 1950 quid
584 1886 639 1937 tides
653 1899 703 1949 quac
717 1889 752 1935 est
765 1886 853 1937 donum
867 1887 942 1952 gratia

142 1952 238 2004 inclinat
248 1955 364 2007 hominem
374 1960 402 2009 ad
414 1958 565 2018 credendum,
581 1958 706 2007 secundum
723 1956 820 2020 aliquem
837 1960 944 2011 allectum

143 2024 210 2086 boni,
224 2026 312 2077 etiamsi
327 2028 358 2078 sit
372 2029 484 2080 informis.
497 2030 561 2079 Unde
577 2028 633 2080 fides
647 2041 698 2091 que
713 2030 748 2079 est
764 2028 788 2077 in
806 2030 944 2081 daemonibus

143 2110 188 2147 non
202 2102 238 2147 est
250 2100 333 2148 donum
347 2101 438 2163 gratie,
455 2101 495 2151 sed
508 2100 580 2163 magis
595 2103 706 2163 coguntur
719 2100 747 2149 ad
761 2100 904 2154 credendum
914 2116 941 2153 ex

141 2168 316 2232 perspicacitate
326 2172 436 2221 naturalis
447 2172 592 2235 intellectus.

172 2238 207 2288 Ad
219 2239 312 2289 tertium
323 2240 456 2306 dicendum,
467 2242 527 2307 qudd
536 2242 581 2293 hoc
594 2242 669 2306 ipsum
683 2242 825 2293 demonibus
836 2244 941 2311 displicet

141 2307 202 2372 quod
218 2310 283 2374 signa
296 2310 348 2362 lidei
363 2318 416 2363 scunt
429 2317 474 2363 mun
491 2312 621 2375 euidentia,
634 2316 659 2362 ul
674 2326 714 2377 per
727 2327 755 2363 ea
767 2314 862 2367 credere
877 2330 938 2368 ccm-

140 2380 256 2443 pellautur
268 2398 274 2431 ι
287 2386 310 2432 et
328 2383 379 2435 ideo
391 2384 417 2435 in
437 2386 500 2437 nullo
519 2385 605 2435 malitia
618 2399 695 2438 eorum
715 2384 826 2437 minuitur·
844 2402 886 2453 per
902 2390 942 2439 lucc

142 2452 205 2514 quod
218 2454 319 2504 credunt.

985 2884 986 2917 l

985 2934 986 2963 l
