1992 3317
315 217 349 261 D!
363 218 431 261 boto
445 217 568 265 domarim.

334 381 497 437 tenebitis
513 384 551 436 ll.

74 502 147 549 diriter
155 502 220 549 douo
230 500 340 547 scientim
348 501 487 557 respondeat
497 504 568 547 tert-io
576 504 701 561 beatitudo,
713 506 812 565 scilicet,

308 564 373 609 Beati
388 566 428 621 qai
438 566 524 623 lugent,
534 571 578 613 eto.

77 686 105 737 tl
115 690 215 751 padum
229 686 264 737 sic
284 684 419 749 proceditur
430 685 473 752 (l).
494 686 588 738 Videtur
604 690 664 753 qubd
678 691 782 743 scientia
798 702 845 745 non

49 760 168 823 respoudeat
176 759 246 809 tertia
261 757 393 818 beatitudo,
409 756 513 807 scilicet:
531 759 622 810 «Beati
634 760 673 824 qui
685 762 774 827 lugent,
788 778 845 829 qao-

49 830 99 879 nian
110 831 152 895 ipsi
163 830 356 881 consolabuntur.
371 844 386 876 u
405 827 469 879 Sicut
484 830 547 881 onim
563 833 647 881 malum
662 837 697 883 est
710 846 779 885 caasa
792 836 845 886 tris-

47 902 229 964 dilectionem,
244 901 278 949 ita
298 898 370 950 etiam
387 900 472 950 bonum
487 904 524 951 est
542 911 611 951 cansa
629 902 721 955 laetitia.
743 905 788 955 Sed
803 918 845 969 per

14 991 18 997 ·
47 971 158 1020 salamina
171 972 322 1037 principalius
341 971 517 1023 manifestantur
537 974 597 1023 bona
617 986 685 1036 quam
701 976 776 1038 mala,
792 990 843 1039 quae

46 1057 86 1107 per
95 1042 152 1093 bona
164 1047 334 1107 cognoscuntur
345 1058 381 1093 r«
393 1045 491 1095 Rectum
502 1045 563 1097 anim
572 1048 609 1096 est
619 1044 689 1095 index
698 1046 734 1096 soi
743 1046 845 1111 ipsimet

44 1115 137 1180 obliqui,
150 1116 299 1165 ubidicitur
312 1114 338 1165 in
346 1118 366 1166 l.
377 1118 416 1166 De
430 1120 524 1169 naimo.
535 1118 594 1181 Ergo
603 1117 712 1183 praedicta
728 1118 844 1169 beatitudo

43 1202 83 1238 non
99 1187 263 1239 murenienter
280 1190 406 1253 respondet
420 1188 520 1241 scientiae
539 1190 608 1241 dono.

69 1266 90 1311 2.
103 1261 233 1323 Praeterea,
249 1260 405 1311 consideratio
418 1261 523 1311 veritatis
541 1265 578 1312 est
591 1264 654 1312 actus
667 1262 778 1313 scientia.
799 1261 845 1312 Sed

42 1334 64 1381 in
78 1332 261 1384 consideratione
277 1331 383 1382 veniatis
397 1343 445 1382 non
465 1336 501 1383 est
518 1333 623 1397 tristitia,
639 1335 678 1385 sed
695 1333 766 1396 magis
786 1346 844 1397 gau-

43 1405 113 1467 dium3
125 1405 210 1455 dieitur
230 1404 294 1455 enim
309 1406 382 1469 Sap„
405 1406 456 1455 Vlll
473 1421 478 1454 z
494 1422 510 1453 a
523 1408 574 1456 Non
587 1406 655 1455 babet
672 1406 845 1457 amaritudinem

41 1478 177 1530 convocatio
194 1476 274 1540 illios,
286 1490 331 1527 nec
344 1476 438 1529 tedium
452 1478 570 1527 corrictus
586 1476 667 1541 ipsius,
686 1478 726 1527 sed
739 1478 844 1531 letitiam

39 1555 61 1599 et
75 1549 188 1613 modum.
199 1566 214 1597 e
229 1550 291 1613 Ergo
302 1548 413 1613 praedicta
430 1548 548 1600 beatitudo
562 1558 609 1599 nou
622 1548 785 1601 conuenienter
797 1560 845 1600 nes·

38 1622 122 1685 pandet
131 1622 190 1673 dono
203 1620 319 1672 seientia.

69 1698 93 1742 3.
103 1693 223 1756 Praeterea,
234 1693 323 1743 donum
337 1690 441 1743 scientie
452 1692 556 1744 consistit
568 1693 631 1757 priua
643 1692 668 1742 in
677 1691 841 1756 speculatione,

35 1766 103 1830 quim
120 1765 145 1815 in
158 1766 303 1831 operatione.
319 1764 366 1814 Sed
388 1765 513 1814 secundum
527 1767 588 1829 quod
602 1762 744 1815 consistitis
760 1778 843 1829 specu·

34 1840 129 1903 latione,
146 1852 194 1889 non
205 1838 333 1902 respondet
346 1835 391 1886 sibi
409 1836 498 1900 luctos3
514 1853 527 1885 a
544 1837 597 1901 quia
614 1837 744 1887 intellectus
758 1848 845 1901 specu-

35 1911 114 1961 lnlirns
126 1911 187 1961 nrlnil
195 1909 252 1961 dicit
265 1909 295 1959 de
305 1907 431 1970 imitabili,
443 1910 467 1958 et
481 1908 599 1972 fugiendo,
611 1924 624 1955 n
635 1912 660 1959 nt
670 1908 753 1959 dicitur
766 1908 791 1959 in
803 1910 842 1961 lll.

35 1985 175 2033 bauaima
196 1983 263 2047 (text
281 1981 340 2044 19);
356 1987 433 2043 neone
446 1978 502 2030 dicit
526 1980 612 2043 aliquid
627 1980 705 2031 laetum
726 1984 749 2031 et
769 1982 842 2033 triste,

34 2058 91 2119 Ergo
101 2056 213 2120 praedicta
224 2052 348 2105 beatitudo
359 2062 407 2102 oon
418 2051 581 2103 convenienter
597 2053 692 2117 ponitur
706 2055 844 2118 respondero

33 2131 91 2180 'luno
103 2128 218 2181 amentia.

61 2202 106 2253 Sed
118 2206 202 2254 contm
221 2202 271 2265 eet,
288 2200 350 2267 qood
365 2197 507 2263 Augustinus
526 2198 579 2250 dicit
590 2196 665 2249 lnlib.
681 2200 717 2250 De
731 2212 844 2251 eerououa

32 2276 138 2324 Dnmiai
153 2277 183 2325 in
196 2278 281 2325 monte
293 2274 365 2336 (cap.
380 2276 406 2335 9,
421 2270 459 2320 rel
473 2269 501 2335 t)
517 2286 522 2321 :
539 2286 553 2319 a
567 2270 667 2321 scientia
680 2271 787 2322 convenit
803 2272 844 2322 lu-

31 2348 155 2409 gentibus,
167 2346 209 2411 qni
224 2346 355 2398 didicerunt
366 2342 451 2410 quibus
468 2342 536 2395 malis
551 2342 621 2394 vincti
634 2346 701 2407 sunt,
716 2356 767 2409 qua
778 2344 843 2409 qnasi

31 2420 90 2470 bona
100 2420 262 2486 appetierunt.
273 2435 288 2467 u

62 2494 231 2556 (sermnem.
240 2517 272 2529 -
281 2493 348 2541 Dono
362 2488 504 2541 scientiaea
517 2489 606 2554 aptatur
619 2486 736 2541 beatitudo
750 2500 797 2554 qua
805 2487 845 2553 qui

29 2565 110 2626 lugent
126 2564 194 2615 beati
206 2563 370 2629 predicantur.
387 2563 397 2623 l
666 2615 670 2623 ,

60 2636 205 2700 Respondeo
219 2634 359 2698 dicendum,
375 2632 438 2697 qnbd
450 2634 479 2683 ad
496 2632 616 2684 scientiam
633 2633 725 2697 proprie
742 2632 845 2697 partinet

26 2714 120 2758 reatum
133 2709 249 2772 judicium
259 2710 425 2757 creaturarum.
435 2705 549 2757 Creaturae
565 2708 640 2755 autern
652 2710 706 2757 sunt
716 2718 746 2755 ex
761 2704 844 2767 quibus

28 2791 102 2832 nomo
123 2778 299 2832 occasionaliter
315 2778 329 2828 a
344 2779 391 2829 beo
409 2776 533 2841 auertitur,
553 2778 679 2829 secundum
696 2776 753 2827 illud
772 2775 845 2839 Sap„

57 2910 93 2972 (l)
109 2912 195 2958 Deliis
207 2910 281 2955 etiam
293 2907 400 2968 l,2‚qn.
411 2905 452 2967 69,
465 2912 509 2953 art.
518 2906 544 2967 3,
554 2906 583 2953 ad
592 2906 616 2962 33
626 2911 650 2953 et
659 2903 777 2963 inird‚qrr.
789 2898 846 2957 rel,

29 2981 71 3025 iil·
85 2976 119 3035 Ξῖ
135 2974 218 3037 aul,
229 2972 310 3029 Stat,
321 2971 375 3021 list.
393 2968 434 3033 31,
447 2982 487 3031 qn.
504 2970 532 3031 1,
544 2976 588 3019 art.
606 2974 631 3017 et
643 2968 659 3014 l
674 2972 717 3016 art.
727 2964 751 3012 6.
