1992 3317
130 174 182 227 tot·
234 180 345 222 cucuron
359 178 490 233 unqurnup
501 178 594 227 quaer.
610 178 683 229 mr,
700 176 755 217 aar.
772 178 826 217 xm.

129 262 183 313 lium
189 296 198 325 ‚
212 260 304 324 propter
316 256 441 321 perlectum
452 256 634 307 conformitatem
644 254 769 306 uoluntatis
780 256 889 309 dumam
900 258 933 311 ad

130 331 291 383 diuinamllec
300 334 355 379 tuuc
364 327 408 379 erit
416 327 647 392 lempauprollciendi
655 327 933 393 permeritumuduuajur

131 404 262 468 premium,
275 402 334 453 sicut
349 414 410 451 nunc
420 400 515 463 accidit,
526 398 617 464 quando
626 401 703 462 potest
719 399 788 449 horno
796 398 897 451 nedem
910 406 936 453 et

132 474 240 524 uirtutem
253 478 277 524 et
293 472 411 537 premium
425 470 624 535 desiderarepscd
635 474 691 519 tuuc
702 469 809 520 uoluntas
822 471 936 524 cormeu-

133 546 217 612 juuque
229 546 289 597 iutra
300 546 344 595 hoc
363 544 428 595 rutel
441 543 502 607 quod
519 547 557 595 eet
569 542 745 593 determinatum
761 542 879 595 divinitae
894 546 936 596 Sc-

134 618 207 669 oundo
218 617 273 669 uer'o
286 618 362 680 modo,
375 616 458 680 aliquio
466 616 518 679 plue
526 612 628 679 reipsum
636 612 716 678 diliget
726 626 794 677 quam
804 616 937 678 proximum

133 688 202 741 etiam
221 688 352 753 meliorem
366 688 421 752 quia
434 686 534 738 intensio
554 689 621 738 actus
635 684 765 736 dilectionis
776 687 887 749 prouenit
906 703 938 741 en

134 764 198 827 parte
211 761 309 826 subjecti
321 760 448 825 diligentis,
458 762 485 809 ut
494 759 562 824 suprt
570 758 658 809 dicium
666 760 711 812 est.
721 758 751 808 lit
760 758 790 809 ad
799 760 845 810 hoc
854 760 937 823 ctiam,

133 834 219 884 donum
232 832 350 883 charitatis
362 832 483 895 unicuique
497 831 612 882 confertur
624 830 707 892 illec,
718 832 747 879 ιιι
756 828 832 893 primo
841 830 936 893 quidem

133 908 234 965 ruentem
244 918 308 955 suam
318 905 344 955 in
356 906 432 957 licum
445 902 548 965 ordinet,
562 901 623 965 quod
633 901 735 965 pertinet
748 902 776 953 ad
790 901 939 956 dictorem

134 976 170 1027 aui
182 976 268 1043 ipsius,
282 976 417 1029 secundarit
430 974 492 1039 vend,
508 972 612 1026 ordinem
624 973 722 1024 aliorum
733 973 758 1023 in
773 974 850 1024 Deum
865 974 936 1039 velit,

135 1048 253 1101 ueletiam
267 1052 374 1113 operetur
391 1048 515 1099 seeundum
528 1059 595 1096 surum
612 1047 712 1096 modum.
724 1046 769 1097 Sed
784 1049 939 1109 quantamad

136 1119 240 1171 ordinem
250 1120 404 1185 proximorum
415 1120 444 1169 ad
453 1116 561 1181 inuicem,
568 1116 705 1181 simpliciter
714 1117 767 1181 quie
776 1115 851 1181 magis
858 1117 941 1183 diliget

137 1192 253 1242 meliorem
266 1192 389 1243 secuudum
400 1190 515 1242 charitatis
530 1202 647 1253 aurorem
662 1193 713 1243 tota
730 1187 793 1241 euim
809 1189 859 1239 rita
871 1190 940 1241 locuta

138 1262 243 1312 consistit
257 1263 282 1311 in
297 1262 437 1313 ordinatione
453 1261 537 1312 mentis
550 1262 579 1316 ad
589 1263 670 1313 Deum.
684 1262 750 1313 Unde
764 1265 826 1313 totue
839 1261 940 1315 ordodl-

138 1332 244 1384 lecliouls
257 1334 374 1385 termnum
387 1334 542 1385 observabitur
553 1346 594 1397 per
606 1332 800 1398 comparationem
810 1334 838 1383 ad
851 1334 938 1397 llenur3

140 1406 166 1453 ut
176 1403 262 1455 scilicet
280 1404 318 1455 ille
332 1406 404 1470 magis
415 1404 521 1469 diligetur
533 1408 558 1456 et
570 1403 719 1469 propinquior
731 1404 776 1454 sibi
790 1406 901 1457 tumtur
910 1406 940 1459 ab

140 1487 285 1540 unoquoquo,
295 1478 336 1541 qui
345 1481 381 1529 est
389 1478 435 1529 lleo
443 1476 600 1542 propinquior.
610 1475 716 1529 Gmeabit
727 1476 852 1527 enimtunc
861 1477 940 1540 prori-

142 1546 190 1610 ιιι),
208 1561 259 1611 quae
272 1553 308 1601 etl
325 1549 467 1613 inpraesenti
480 1550 529 1600 vita
542 1548 737 1613 nemeamque
749 1560 844 1601 neeesse
855 1552 899 1610 ert,
911 1554 942 1600 ut

42 1646 46 1655 ·
141 1618 297 1685 uuusquisque
308 1621 381 1685 magis
396 1621 441 1672 ribi
451 1622 573 1687 conjuncto
584 1620 708 1672 secundum
719 1632 885 1684 quamdamque
898 1632 942 1672 ue-

142 1691 304 1745 ccsrlurdluem
318 1694 438 1758 provideat
451 1694 536 1757 magis,
551 1693 619 1757 quam
632 1692 720 1754 alieno3
732 1692 820 1743 rau'oue
838 1694 906 1759 cujas
915 1693 943 1745 in

143 1764 185 1815 hac
198 1764 246 1815 vita
260 1780 288 1817 en
301 1766 351 1831 ipsa
362 1764 509 1817 inclinatione
519 1763 635 1814 chunctis
644 1764 714 1815 homo
726 1763 800 1825 diligit
808 1765 883 1826 magis
896 1766 945 1818 sibi

142 1837 303 1901 conjunctum,
319 1837 356 1888 eui
370 1837 443 1901 magis
463 1838 530 1889 debat
548 1836 680 1902 impendere
694 1834 811 1889 cornutis
822 1834 943 1888 ellectum.

142 1907 265 1971 Continget
281 1913 357 1961 tamen
371 1912 396 1959 in
409 1909 483 1972 patria
496 1908 556 1973 qudd
574 1909 655 1973 aliquio
667 1908 715 1960 silui
730 1906 877 1971 conjunctum
888 1908 945 1974 plu·
970 1963 972 1965 .

140 1976 202 2027 ribus
222 1980 296 2031 modia
312 1980 397 2043 diliget.
412 1982 463 2031 Non
475 1980 538 2031 enim
549 1980 669 2031 commum
685 1979 714 2029 alr
726 1978 803 2030 auimo
819 1978 882 2031 beati
897 1981 945 2032 ho-

142 2052 215 2103 neste
229 2051 355 2103 martionis
365 2066 454 2118 cauam
472 2057 550 2104 tumen
562 2052 669 2104 omuduo
681 2051 732 2103 irtio
744 2052 872 2104 ιιιιιιιιίιιιι
882 2068 945 2117 prue-

142 2121 214 2171 fertur
228 2122 435 2189 incomparabiliter
447 2124 506 2177 rutio
518 2124 648 2178 mucronis
661 2137 713 2189 que
729 2124 825 2176 sumitur
839 2138 873 2176 en
886 2138 945 2189 pro·

143 2190 272 2256 pinquitate
287 2194 317 2247 ad
336 2196 416 2248 Deum.

175 2264 321 2328 ltprimum
339 2281 393 2333 erqo
411 2270 547 2334 dicendum,
562 2269 623 2333 qudd
640 2272 751 2331 qnantum
763 2270 793 2319 ad
804 2270 944 2334 conjunctos

144 2334 187 2386 sibi
195 2336 252 2387 ratio
262 2338 299 2388 illa
312 2342 456 2393 concedenda
465 2346 513 2406 eat3
522 2342 563 2393 sed
573 2340 841 2405 quartumdecimum,
852 2347 944 2407 oportet

145 2406 205 2471 quid
223 2410 303 2475 aliquus
316 2414 367 2478 plna
385 2428 409 2465 ae
425 2414 492 2478 quim
507 2414 564 2465 alios
581 2413 674 2478 diligat,
686 2415 751 2465 muto
772 2415 844 2477 magle
855 2419 943 2479 quanto

145 2481 266 2544 perfectior
274 2488 308 2535 ert
317 2485 423 2553 charilrs3
431 2486 484 2551 quia
490 2486 615 2552 perlectior
623 2486 720 2537 meritur
729 2485 820 2538 ordinat
826 2488 944 2541 hommem

145 2554 245 2675 gerlectl
260 2557 378 2621 lullonum,
392 2559 453 2623 quod
464 2561 564 2623 partinet
576 2559 605 2609 ad
620 2557 764 2609 dimotionem
779 2558 902 2623 euripum,
916 2564 946 2611 ut

160 2624 231 2677 ictum
245 2633 287 2681 est.

177 2698 211 2751 td
221 2703 344 2755 secundum
358 2703 492 2767 dicendum,
506 2702 567 2768 qudd
584 2701 641 2753 ratio
652 2701 803 2767 illaprocedit
815 2704 846 2755 de
861 2704 943 2756 ordine

145 2768 270 2823 dilectionis
289 2772 413 2841 secuudum
426 2774 520 2837 gradum
533 2772 589 2823 boui
601 2774 661 2837 quod
675 2773 756 2838 aliquis
769 2775 818 2825 uult
830 2778 914 2827 amato.

161 2842 212 2920 ¹ltd,
223 2842 314 2896 tertium
332 2844 466 2908 dicendum,
480 2844 542 2909 quod
554 2840 676 2910 umorique
694 2846 739 2897 erit
750 2847 869 2898 damieta
883 2848 944 2901 ratio

145 2911 266 2979 diligendi,
278 2928 306 2971 eo
320 2917 380 2982 quot
391 2918 451 2973 lleur
462 2920 497 2973 est
507 2916 687 2977 utuntmiuir
699 2918 795 2974 bouum.
805 2918 945 2986 nemerim
