<?xml version="1.0" encoding="UTF-8"?>
<!DOCTYPE html PUBLIC "-//W3C//DTD XHTML 1.0 Transitional//EN"
    "http://www.w3.org/TR/xhtml1/DTD/xhtml1-transitional.dtd">
<html xmlns="http://www.w3.org/1999/xhtml" xml:lang="en" lang="en">
 <head>
  <title>
</title>
<meta http-equiv="Content-Type" content="text/html;charset=utf-8" />
  <meta name='ocr-system' content='tesseract 3.04.00' />
  <meta name='ocr-capabilities' content='ocr_page ocr_carea ocr_par ocr_line ocrx_word'/>
</head>
<body>
  <div class='ocr_page' id='page_1' title='image "./summatheologica03nicogoog_0461.png"; bbox 0 0 1992 3317; ppageno 0'>
   <div class='ocr_carea' id='block_1_1' title="bbox 140 142 817 200">
    <p class='ocr_par' dir='ltr' id='par_1_1' title="bbox 140 142 817 200">
     <span class='ocr_line' id='line_1_1' title="bbox 140 142 817 200; baseline -0.006 -9"><span class='ocrx_word' id='word_1_1' title='bbox 140 142 184 191; x_wconf 74' lang='lat' dir='ltr'>cdd</span> <span class='ocrx_word' id='word_1_2' title='bbox 251 144 359 190; x_wconf 78' lang='lat' dir='ltr'>encoma</span> <span class='ocrx_word' id='word_1_3' title='bbox 375 144 506 197; x_wconf 67' lang='lat' dir='ltr'>scamna.</span> <span class='ocrx_word' id='word_1_4' title='bbox 520 145 616 195; x_wconf 73' lang='lat' dir='ltr'>esaar.</span> <span class='ocrx_word' id='word_1_5' title='bbox 631 148 704 200; x_wconf 79' lang='lat' dir='ltr'>nar,</span> <span class='ocrx_word' id='word_1_6' title='bbox 720 144 775 189; x_wconf 80' lang='lat' dir='ltr'>aar.</span> <span class='ocrx_word' id='word_1_7' title='bbox 793 147 817 188; x_wconf 86' lang='lat' dir='ltr'>x.</span> 
     </span>
    </p>
   </div>
   <div class='ocr_carea' id='block_1_2' title="bbox 136 226 944 2657">
    <p class='ocr_par' dir='ltr' id='par_1_2' title="bbox 136 226 942 436">
     <span class='ocr_line' id='line_1_2' title="bbox 137 226 942 292; baseline -0.002 -13"><span class='ocrx_word' id='word_1_8' title='bbox 137 230 224 281; x_wconf 84' lang='lat' dir='ltr'>laborat</span> <span class='ocrx_word' id='word_1_9' title='bbox 236 227 260 277; x_wconf 93' lang='lat' dir='ltr'>in</span> <span class='ocrx_word' id='word_1_10' title='bbox 270 227 414 290; x_wconf 76' lang='lat' dir='ltr'>generatione</span> <span class='ocrx_word' id='word_1_11' title='bbox 425 232 448 278; x_wconf 89' lang='lat' dir='ltr'>et</span> <span class='ocrx_word' id='word_1_12' title='bbox 457 228 601 291; x_wconf 74' lang='lat' dir='ltr'>educatione,</span> <span class='ocrx_word' id='word_1_13' title='bbox 618 228 687 291; x_wconf 83' lang='lat' dir='ltr'>quim</span> <span class='ocrx_word' id='word_1_14' title='bbox 696 232 768 292; x_wconf 88' lang='lat' dir='ltr'>pater.</span> <span class='ocrx_word' id='word_1_15' title='bbox 781 227 844 278; x_wconf 85' lang='lat' dir='ltr'>Unde</span> <span class='ocrx_word' id='word_1_16' title='bbox 856 226 942 290; x_wconf 77' lang='lat' dir='ltr'>dicitnr</span> 
     </span>
     <span class='ocr_line' id='line_1_3' title="bbox 137 298 941 364; baseline -0.006 -13"><span class='ocrx_word' id='word_1_17' title='bbox 137 300 241 356; x_wconf 74' lang='lat' dir='ltr'>dioclea,</span> <span class='ocrx_word' id='word_1_18' title='bbox 255 300 295 348; x_wconf 89' lang='lat' dir='ltr'>Vll</span> <span class='ocrx_word' id='word_1_19' title='bbox 309 314 314 346; x_wconf 94' lang='lat'>:</span> <span class='ocrx_word' id='word_1_20' title='bbox 333 298 467 349; x_wconf 77' lang='lat' dir='ltr'>ademitum</span> <span class='ocrx_word' id='word_1_21' title='bbox 485 299 564 349; x_wconf 91' lang='lat' dir='ltr'>matris</span> <span class='ocrx_word' id='word_1_22' title='bbox 577 302 622 349; x_wconf 82' lang='lat' dir='ltr'>tnae</span> <span class='ocrx_word' id='word_1_23' title='bbox 638 311 670 348; x_wconf 90' lang='lat' dir='ltr'>ne</span> <span class='ocrx_word' id='word_1_24' title='bbox 683 298 833 351; x_wconf 83' lang='lat' dir='ltr'>obliviscaris.</span> <span class='ocrx_word' id='word_1_25' title='bbox 849 315 863 346; x_wconf 85' lang='lat' dir='ltr'>n</span> <span class='ocrx_word' id='word_1_26' title='bbox 877 300 941 364; x_wconf 73' lang='lat' dir='ltr'>Ergo</span> 
     </span>
     <span class='ocr_line' id='line_1_4' title="bbox 136 370 766 436; baseline -0.005 -14"><span class='ocrx_word' id='word_1_27' title='bbox 136 374 188 436; x_wconf 91' lang='lat' dir='ltr'>plns</span> <span class='ocrx_word' id='word_1_28' title='bbox 201 370 269 423; x_wconf 86' lang='lat' dir='ltr'>habet</span> <span class='ocrx_word' id='word_1_29' title='bbox 286 371 354 421; x_wconf 87' lang='lat' dir='ltr'>homo</span> <span class='ocrx_word' id='word_1_30' title='bbox 371 370 463 433; x_wconf 82' lang='lat' dir='ltr'>diligere</span> <span class='ocrx_word' id='word_1_31' title='bbox 477 373 573 421; x_wconf 87' lang='lat' dir='ltr'>matrem</span> <span class='ocrx_word' id='word_1_32' title='bbox 585 370 653 435; x_wconf 78' lang='lat' dir='ltr'>qnam</span> <span class='ocrx_word' id='word_1_33' title='bbox 666 375 766 434; x_wconf 89' lang='lat' dir='ltr'>patrem.</span> 
     </span>
    </p>

    <p class='ocr_par' dir='ltr' id='par_1_3' title="bbox 136 442 942 649">
     <span class='ocr_line' id='line_1_5' title="bbox 168 442 939 508; baseline 0 -15"><span class='ocrx_word' id='word_1_34' title='bbox 168 445 212 494; x_wconf 86' lang='lat' dir='ltr'>Sed</span> <span class='ocrx_word' id='word_1_35' title='bbox 220 446 298 494; x_wconf 90' lang='lat' dir='ltr'>contra</span> <span class='ocrx_word' id='word_1_36' title='bbox 305 446 349 505; x_wconf 89' lang='lat' dir='ltr'>est,</span> <span class='ocrx_word' id='word_1_37' title='bbox 356 443 417 504; x_wconf 89' lang='lat' dir='ltr'>qnod</span> <span class='ocrx_word' id='word_1_38' title='bbox 426 442 481 492; x_wconf 88' lang='lat' dir='ltr'>dicit</span> <span class='ocrx_word' id='word_1_39' title='bbox 490 443 642 507; x_wconf 73' lang='lat' dir='ltr'>Hieronymus</span> <span class='ocrx_word' id='word_1_40' title='bbox 650 456 718 507; x_wconf 89' lang='lat' dir='ltr'>snper</span> <span class='ocrx_word' id='word_1_41' title='bbox 726 443 815 492; x_wconf 80' lang='lat' dir='ltr'>Ezeclr.</span> <span class='ocrx_word' id='word_1_42' title='bbox 826 444 888 508; x_wconf 77' lang='lat' dir='ltr'>imp.</span> <span class='ocrx_word' id='word_1_43' title='bbox 898 447 939 506; x_wconf 85' lang='lat' dir='ltr'>tt,</span> 
     </span>
     <span class='ocr_line' id='line_1_6' title="bbox 136 512 942 578; baseline 0.002 -15"><span class='ocrx_word' id='word_1_44' title='bbox 136 516 163 564; x_wconf 91' lang='lat' dir='ltr'>nt</span> <span class='ocrx_word' id='word_1_45' title='bbox 173 515 222 577; x_wconf 79' lang='lat' dir='ltr'>J&#39;aru</span> <span class='ocrx_word' id='word_1_46' title='bbox 236 512 305 578; x_wconf 82' lang='lat' dir='ltr'>sup.)</span> <span class='ocrx_word' id='word_1_47' title='bbox 326 512 385 575; x_wconf 83' lang='lat' dir='ltr'>quod</span> <span class='ocrx_word' id='word_1_48' title='bbox 401 530 415 561; x_wconf 82' lang='lat' dir='ltr'>r</span> <span class='ocrx_word' id='word_1_49' title='bbox 429 518 481 576; x_wconf 82' lang='lat' dir='ltr'>pest</span> <span class='ocrx_word' id='word_1_50' title='bbox 495 515 568 564; x_wconf 84' lang='lat' dir='ltr'>licum</span> <span class='ocrx_word' id='word_1_51' title='bbox 578 513 679 564; x_wconf 89' lang='lat' dir='ltr'>omnium</span> <span class='ocrx_word' id='word_1_52' title='bbox 692 517 795 577; x_wconf 90' lang='lat' dir='ltr'>patrem,</span> <span class='ocrx_word' id='word_1_53' title='bbox 809 512 942 578; x_wconf 80' lang='lat' dir='ltr'>diligendus</span> 
     </span>
     <span class='ocr_line' id='line_1_7' title="bbox 139 585 633 649; baseline -0.002 -12"><span class='ocrx_word' id='word_1_54' title='bbox 139 589 173 637; x_wconf 87' lang='lat' dir='ltr'>est</span> <span class='ocrx_word' id='word_1_55' title='bbox 186 589 260 649; x_wconf 90' lang='lat' dir='ltr'>pater.</span> <span class='ocrx_word' id='word_1_56' title='bbox 275 601 289 631; x_wconf 85' lang='lat' dir='ltr'>u</span> <span class='ocrx_word' id='word_1_57' title='bbox 304 585 421 647; x_wconf 84' lang='lat' dir='ltr'>Etpastaa</span> <span class='ocrx_word' id='word_1_58' title='bbox 436 585 498 635; x_wconf 82' lang='lat' dir='ltr'><strong>addit</strong></span> <span class='ocrx_word' id='word_1_59' title='bbox 510 587 539 636; x_wconf 89' lang='lat' dir='ltr'>de</span> <span class='ocrx_word' id='word_1_60' title='bbox 553 589 633 636; x_wconf 88' lang='lat' dir='ltr'>maire.</span> 
     </span>
    </p>

    <p class='ocr_par' dir='ltr' id='par_1_4' title="bbox 139 656 943 864">
     <span class='ocr_line' id='line_1_8' title="bbox 170 656 943 723; baseline 0.001 -15"><span class='ocrx_word' id='word_1_61' title='bbox 170 658 328 722; x_wconf 83' lang='lat' dir='ltr'>(Conmnsro.</span> <span class='ocrx_word' id='word_1_62' title='bbox 343 658 454 709; x_wconf 85' lang='lat' dir='ltr'>-Pater</span> <span class='ocrx_word' id='word_1_63' title='bbox 471 658 545 721; x_wconf 80' lang='lat' dir='ltr'>magis</span> <span class='ocrx_word' id='word_1_64' title='bbox 565 661 602 709; x_wconf 89' lang='lat' dir='ltr'>est</span> <span class='ocrx_word' id='word_1_65' title='bbox 621 671 663 721; x_wconf 87' lang='lat' dir='ltr'>per</span> <span class='ocrx_word' id='word_1_66' title='bbox 673 670 706 711; x_wconf 81' lang='lat' dir='ltr'>se</span> <span class='ocrx_word' id='word_1_67' title='bbox 723 656 853 721; x_wconf 81' lang='lat' dir='ltr'>diligendas</span> <span class='ocrx_word' id='word_1_68' title='bbox 871 658 943 723; x_wconf 79' lang='lat' dir='ltr'>qnam</span> 
     </span>
     <span class='ocr_line' id='line_1_9' title="bbox 139 727 943 793; baseline 0.005 -15"><span class='ocrx_word' id='word_1_69' title='bbox 139 730 219 791; x_wconf 89' lang='lat' dir='ltr'>mater,</span> <span class='ocrx_word' id='word_1_70' title='bbox 233 727 285 778; x_wconf 85' lang='lat' dir='ltr'>cirm</span> <span class='ocrx_word' id='word_1_71' title='bbox 302 727 332 778; x_wconf 86' lang='lat' dir='ltr'>sit</span> <span class='ocrx_word' id='word_1_72' title='bbox 346 728 445 779; x_wconf 81' lang='lat' dir='ltr'>activum</span> <span class='ocrx_word' id='word_1_73' title='bbox 464 728 617 792; x_wconf 76' lang='lat' dir='ltr'>generationis</span> <span class='ocrx_word' id='word_1_74' title='bbox 634 728 782 793; x_wconf 90' lang='lat' dir='ltr'>principium,</span> <span class='ocrx_word' id='word_1_75' title='bbox 798 734 871 781; x_wconf 87' lang='lat' dir='ltr'>mater</span> <span class='ocrx_word' id='word_1_76' title='bbox 882 731 943 781; x_wconf 76' lang='lat' dir='ltr'>vend</span> 
     </span>
     <span class='ocr_line' id='line_1_10' title="bbox 139 799 285 864; baseline -0.007 -14"><span class='ocrx_word' id='word_1_77' title='bbox 139 799 285 864; x_wconf 80' lang='lat' dir='ltr'>passivum.)</span> 
     </span>
    </p>

    <p class='ocr_par' dir='ltr' id='par_1_5' title="bbox 137 871 944 1795">
     <span class='ocr_line' id='line_1_11' title="bbox 170 871 944 937; baseline 0.005 -16"><span class='ocrx_word' id='word_1_78' title='bbox 170 872 307 935; x_wconf 82' lang='lat' dir='ltr'>Respondco</span> <span class='ocrx_word' id='word_1_79' title='bbox 329 872 463 935; x_wconf 87' lang='lat' dir='ltr'>dicendum,</span> <span class='ocrx_word' id='word_1_80' title='bbox 478 873 539 936; x_wconf 77' lang='lat' dir='ltr'>qnod</span> <span class='ocrx_word' id='word_1_81' title='bbox 554 872 579 922; x_wconf 90' lang='lat' dir='ltr'>in</span> <span class='ocrx_word' id='word_1_82' title='bbox 602 871 653 923; x_wconf 83' lang='lat' dir='ltr'>istis</span> <span class='ocrx_word' id='word_1_83' title='bbox 674 872 895 937; x_wconf 84' lang='lat' dir='ltr'>comparationibus,</span> <span class='ocrx_word' id='word_1_84' title='bbox 916 875 944 925; x_wconf 93' lang='lat' dir='ltr'>id</span> 
     </span>
     <span class='ocr_line' id='line_1_12' title="bbox 139 943 944 1009; baseline 0.004 -15"><span class='ocrx_word' id='word_1_85' title='bbox 139 944 200 1007; x_wconf 83' lang='lat' dir='ltr'>qnod</span> <span class='ocrx_word' id='word_1_86' title='bbox 209 943 291 994; x_wconf 83' lang='lat' dir='ltr'>dicitur</span> <span class='ocrx_word' id='word_1_87' title='bbox 304 947 339 994; x_wconf 89' lang='lat' dir='ltr'>est</span> <span class='ocrx_word' id='word_1_88' title='bbox 352 944 524 1007; x_wconf 83' lang='lat' dir='ltr'>intelligendum</span> <span class='ocrx_word' id='word_1_89' title='bbox 538 956 579 1007; x_wconf 84' lang='lat' dir='ltr'>per</span> <span class='ocrx_word' id='word_1_90' title='bbox 591 956 630 1007; x_wconf 85' lang='lat' dir='ltr'>se,</span> <span class='ocrx_word' id='word_1_91' title='bbox 645 946 671 993; x_wconf 91' lang='lat' dir='ltr'>ut</span> <span class='ocrx_word' id='word_1_92' title='bbox 681 943 786 993; x_wconf 80' lang='lat' dir='ltr'>videlicet</span> <span class='ocrx_word' id='word_1_93' title='bbox 801 944 944 1009; x_wconf 72' lang='lat' dir='ltr'>intelligatur</span> 
     </span>
     <span class='ocr_line' id='line_1_13' title="bbox 140 1014 944 1081; baseline 0.005 -16"><span class='ocrx_word' id='word_1_94' title='bbox 140 1028 191 1065; x_wconf 83' lang='lat' dir='ltr'>esse</span> <span class='ocrx_word' id='word_1_95' title='bbox 204 1014 325 1079; x_wconf 80' lang='lat' dir='ltr'>quesitum</span> <span class='ocrx_word' id='word_1_96' title='bbox 339 1016 367 1067; x_wconf 89' lang='lat' dir='ltr'>de</span> <span class='ocrx_word' id='word_1_97' title='bbox 379 1018 455 1077; x_wconf 88' lang='lat' dir='ltr'>patre,</span> <span class='ocrx_word' id='word_1_98' title='bbox 468 1014 612 1077; x_wconf 82' lang='lat' dir='ltr'>inquantum</span> <span class='ocrx_word' id='word_1_99' title='bbox 626 1017 661 1064; x_wconf 89' lang='lat' dir='ltr'>est</span> <span class='ocrx_word' id='word_1_100' title='bbox 674 1019 747 1078; x_wconf 89' lang='lat' dir='ltr'>pater,</span> <span class='ocrx_word' id='word_1_101' title='bbox 759 1028 788 1066; x_wconf 90' lang='lat' dir='ltr'>an</span> <span class='ocrx_word' id='word_1_102' title='bbox 800 1016 830 1066; x_wconf 86' lang='lat' dir='ltr'>sit</span> <span class='ocrx_word' id='word_1_103' title='bbox 843 1018 896 1081; x_wconf 92' lang='lat' dir='ltr'>plns</span> <span class='ocrx_word' id='word_1_104' title='bbox 907 1019 944 1068; x_wconf 89' lang='lat' dir='ltr'>di-</span> 
     </span>
     <span class='ocr_line' id='line_1_14' title="bbox 139 1085 944 1149; baseline 0.007 -13"><span class='ocrx_word' id='word_1_105' title='bbox 139 1086 244 1149; x_wconf 81' lang='lat' dir='ltr'>ligendus</span> <span class='ocrx_word' id='word_1_106' title='bbox 255 1090 338 1149; x_wconf 90' lang='lat' dir='ltr'>matre,</span> <span class='ocrx_word' id='word_1_107' title='bbox 351 1087 493 1148; x_wconf 87' lang='lat' dir='ltr'>inquantum</span> <span class='ocrx_word' id='word_1_108' title='bbox 503 1089 628 1137; x_wconf 87' lang='lat' dir='ltr'>estmater.</span> <span class='ocrx_word' id='word_1_109' title='bbox 638 1085 720 1137; x_wconf 86' lang='lat' dir='ltr'>Potest</span> <span class='ocrx_word' id='word_1_110' title='bbox 731 1087 824 1137; x_wconf 90' lang='lat' dir='ltr'>enimin</span> <span class='ocrx_word' id='word_1_111' title='bbox 834 1090 944 1142; x_wconf 84' lang='lat' dir='ltr'>omnibns</span> 
     </span>
     <span class='ocr_line' id='line_1_15' title="bbox 140 1155 944 1224; baseline 0.009 -18"><span class='ocrx_word' id='word_1_112' title='bbox 140 1158 270 1221; x_wconf 84' lang='lat' dir='ltr'>hujusmodi</span> <span class='ocrx_word' id='word_1_113' title='bbox 280 1160 344 1207; x_wconf 86' lang='lat' dir='ltr'>tanta</span> <span class='ocrx_word' id='word_1_114' title='bbox 354 1168 404 1207; x_wconf 87' lang='lat' dir='ltr'>esse</span> <span class='ocrx_word' id='word_1_115' title='bbox 416 1155 522 1208; x_wconf 80' lang='lat' dir='ltr'>distantia</span> <span class='ocrx_word' id='word_1_116' title='bbox 536 1157 627 1207; x_wconf 78' lang='lat' dir='ltr'>virtnds</span> <span class='ocrx_word' id='word_1_117' title='bbox 638 1160 661 1209; x_wconf 92' lang='lat' dir='ltr'>et</span> <span class='ocrx_word' id='word_1_118' title='bbox 675 1160 783 1222; x_wconf 82' lang='lat' dir='ltr'>malitie,</span> <span class='ocrx_word' id='word_1_119' title='bbox 799 1162 823 1224; x_wconf 82' lang='lat' dir='ltr'>pt</span> <span class='ocrx_word' id='word_1_120' title='bbox 836 1161 944 1213; x_wconf 88' lang='lat' dir='ltr'>amicitia</span> 
     </span>
     <span class='ocr_line' id='line_1_16' title="bbox 139 1226 943 1292; baseline 0.006 -13"><span class='ocrx_word' id='word_1_121' title='bbox 139 1229 239 1279; x_wconf 84' lang='lat' dir='ltr'>solvatur</span> <span class='ocrx_word' id='word_1_122' title='bbox 250 1228 287 1279; x_wconf 82' lang='lat' dir='ltr'>nel</span> <span class='ocrx_word' id='word_1_123' title='bbox 301 1226 423 1288; x_wconf 82' lang='lat' dir='ltr'>minuatur,</span> <span class='ocrx_word' id='word_1_124' title='bbox 435 1230 460 1277; x_wconf 89' lang='lat' dir='ltr'>ut</span> <span class='ocrx_word' id='word_1_125' title='bbox 473 1228 627 1292; x_wconf 83' lang='lat' dir='ltr'>Philosophus</span> <span class='ocrx_word' id='word_1_126' title='bbox 638 1228 692 1279; x_wconf 90' lang='lat' dir='ltr'>dicit</span> <span class='ocrx_word' id='word_1_127' title='bbox 703 1228 727 1279; x_wconf 91' lang='lat' dir='ltr'>in</span> <span class='ocrx_word' id='word_1_128' title='bbox 738 1228 795 1279; x_wconf 80' lang='lat' dir='ltr'>lilii.</span> <span class='ocrx_word' id='word_1_129' title='bbox 810 1229 897 1282; x_wconf 74' lang='lat' dir='ltr'>datie.</span> <span class='ocrx_word' id='word_1_130' title='bbox 911 1234 943 1283; x_wconf 83' lang='lat' dir='ltr'>nt</span> 
     </span>
     <span class='ocr_line' id='line_1_17' title="bbox 139 1298 942 1363; baseline 0.01 -16"><span class='ocrx_word' id='word_1_131' title='bbox 139 1298 205 1360; x_wconf 89' lang='lat' dir='ltr'>ideo,</span> <span class='ocrx_word' id='word_1_132' title='bbox 220 1302 246 1348; x_wconf 89' lang='lat' dir='ltr'>ut</span> <span class='ocrx_word' id='word_1_133' title='bbox 267 1298 398 1349; x_wconf 75' lang='lat' dir='ltr'>ambrosius</span> <span class='ocrx_word' id='word_1_134' title='bbox 414 1299 486 1363; x_wconf 90' lang='lat' dir='ltr'>dicit,</span> <span class='ocrx_word' id='word_1_135' title='bbox 504 1300 589 1351; x_wconf 84' lang='lat' dir='ltr'>«Boni</span> <span class='ocrx_word' id='word_1_136' title='bbox 608 1301 727 1351; x_wconf 82' lang='lat' dir='ltr'>domestici</span> <span class='ocrx_word' id='word_1_137' title='bbox 740 1304 794 1351; x_wconf 91' lang='lat' dir='ltr'>sunt</span> <span class='ocrx_word' id='word_1_138' title='bbox 806 1303 874 1354; x_wconf 89' lang='lat' dir='ltr'>malis</span> <span class='ocrx_word' id='word_1_139' title='bbox 887 1305 942 1356; x_wconf 88' lang='lat' dir='ltr'>filiis</span> 
     </span>
     <span class='ocr_line' id='line_1_18' title="bbox 138 1370 936 1441; baseline 0.009 -21"><span class='ocrx_word' id='word_1_140' title='bbox 138 1370 293 1435; x_wconf 81' lang='lat' dir='ltr'>praeponendi.</span> <span class='ocrx_word' id='word_1_141' title='bbox 305 1386 319 1417; x_wconf 82' lang='lat' dir='ltr'>n</span> <span class='ocrx_word' id='word_1_142' title='bbox 334 1372 379 1421; x_wconf 84' lang='lat' dir='ltr'>Sed</span> <span class='ocrx_word' id='word_1_143' title='bbox 390 1384 432 1434; x_wconf 92' lang='lat' dir='ltr'>per</span> <span class='ocrx_word' id='word_1_144' title='bbox 442 1384 467 1421; x_wconf 91' lang='lat' dir='ltr'>se</span> <span class='ocrx_word' id='word_1_145' title='bbox 478 1372 600 1435; x_wconf 86' lang='lat' dir='ltr'>loquendo,</span> <span class='ocrx_word' id='word_1_146' title='bbox 611 1376 676 1436; x_wconf 91' lang='lat' dir='ltr'>pater</span> <span class='ocrx_word' id='word_1_147' title='bbox 687 1372 759 1437; x_wconf 76' lang='lat' dir='ltr'>magis</span> <span class='ocrx_word' id='word_1_148' title='bbox 769 1377 805 1424; x_wconf 79' lang='lat' dir='ltr'>est</span> <span class='ocrx_word' id='word_1_149' title='bbox 815 1376 936 1441; x_wconf 87' lang='lat' dir='ltr'>amandus,</span> 
     </span>
     <span class='ocr_line' id='line_1_19' title="bbox 137 1443 941 1511; baseline 0.006 -19"><span class='ocrx_word' id='word_1_150' title='bbox 137 1456 205 1506; x_wconf 85' lang='lat' dir='ltr'>quam</span> <span class='ocrx_word' id='word_1_151' title='bbox 212 1446 291 1493; x_wconf 91' lang='lat' dir='ltr'>mater.</span> <span class='ocrx_word' id='word_1_152' title='bbox 302 1446 411 1494; x_wconf 78' lang='lat' dir='ltr'>amantur</span> <span class='ocrx_word' id='word_1_153' title='bbox 417 1443 478 1493; x_wconf 88' lang='lat' dir='ltr'>enirn</span> <span class='ocrx_word' id='word_1_154' title='bbox 486 1448 551 1509; x_wconf 88' lang='lat' dir='ltr'>pater</span> <span class='ocrx_word' id='word_1_155' title='bbox 561 1447 584 1495; x_wconf 89' lang='lat' dir='ltr'>et</span> <span class='ocrx_word' id='word_1_156' title='bbox 592 1448 672 1508; x_wconf 90' lang='lat' dir='ltr'>mater,</span> <span class='ocrx_word' id='word_1_157' title='bbox 678 1448 705 1495; x_wconf 88' lang='lat' dir='ltr'>ut</span> <span class='ocrx_word' id='word_1_158' title='bbox 714 1444 826 1509; x_wconf 88' lang='lat' dir='ltr'>principia</span> <span class='ocrx_word' id='word_1_159' title='bbox 836 1445 941 1511; x_wconf 82' lang='lat' dir='ltr'>quaedam</span> 
     </span>
     <span class='ocr_line' id='line_1_20' title="bbox 138 1513 939 1578; baseline 0.001 -14"><span class='ocrx_word' id='word_1_160' title='bbox 138 1515 246 1566; x_wconf 90' lang='lat' dir='ltr'>naturalis</span> <span class='ocrx_word' id='word_1_161' title='bbox 258 1513 363 1578; x_wconf 77' lang='lat' dir='ltr'>originis.</span> <span class='ocrx_word' id='word_1_162' title='bbox 377 1516 442 1565; x_wconf 88' lang='lat' dir='ltr'>Pater</span> <span class='ocrx_word' id='word_1_163' title='bbox 455 1520 531 1567; x_wconf 91' lang='lat' dir='ltr'>autem</span> <span class='ocrx_word' id='word_1_164' title='bbox 548 1516 617 1567; x_wconf 86' lang='lat' dir='ltr'>habet</span> <span class='ocrx_word' id='word_1_165' title='bbox 630 1517 814 1567; x_wconf 85' lang='lat' dir='ltr'>excellentiorem</span> <span class='ocrx_word' id='word_1_166' title='bbox 827 1517 939 1567; x_wconf 90' lang='lat' dir='ltr'>rationem</span> 
     </span>
     <span class='ocr_line' id='line_1_21' title="bbox 137 1584 939 1654; baseline 0.004 -19"><span class='ocrx_word' id='word_1_167' title='bbox 137 1584 258 1651; x_wconf 88' lang='lat' dir='ltr'>principii,</span> <span class='ocrx_word' id='word_1_168' title='bbox 272 1599 339 1654; x_wconf 82' lang='lat' dir='ltr'>qnam</span> <span class='ocrx_word' id='word_1_169' title='bbox 354 1590 434 1650; x_wconf 82' lang='lat' dir='ltr'>mater3</span> <span class='ocrx_word' id='word_1_170' title='bbox 446 1587 498 1650; x_wconf 88' lang='lat' dir='ltr'>quia</span> <span class='ocrx_word' id='word_1_171' title='bbox 514 1591 579 1652; x_wconf 90' lang='lat' dir='ltr'>pater</span> <span class='ocrx_word' id='word_1_172' title='bbox 592 1591 626 1637; x_wconf 88' lang='lat' dir='ltr'>est</span> <span class='ocrx_word' id='word_1_173' title='bbox 641 1586 778 1651; x_wconf 85' lang='lat' dir='ltr'>principium</span> <span class='ocrx_word' id='word_1_174' title='bbox 791 1602 832 1651; x_wconf 92' lang='lat' dir='ltr'>per</span> <span class='ocrx_word' id='word_1_175' title='bbox 843 1590 939 1638; x_wconf 84' lang='lat' dir='ltr'>modum</span> 
     </span>
     <span class='ocr_line' id='line_1_22' title="bbox 140 1658 938 1723; baseline 0.001 -15"><span class='ocrx_word' id='word_1_176' title='bbox 140 1658 242 1723; x_wconf 80' lang='lat' dir='ltr'>agentis,</span> <span class='ocrx_word' id='word_1_177' title='bbox 252 1661 324 1710; x_wconf 88' lang='lat' dir='ltr'>mater</span> <span class='ocrx_word' id='word_1_178' title='bbox 336 1661 412 1709; x_wconf 86' lang='lat' dir='ltr'>autem</span> <span class='ocrx_word' id='word_1_179' title='bbox 423 1658 496 1722; x_wconf 79' lang='lat' dir='ltr'>magis</span> <span class='ocrx_word' id='word_1_180' title='bbox 507 1672 549 1723; x_wconf 90' lang='lat' dir='ltr'>per</span> <span class='ocrx_word' id='word_1_181' title='bbox 561 1658 654 1709; x_wconf 86' lang='lat' dir='ltr'>modum</span> <span class='ocrx_word' id='word_1_182' title='bbox 667 1658 774 1723; x_wconf 88' lang='lat' dir='ltr'>patientis</span> <span class='ocrx_word' id='word_1_183' title='bbox 790 1662 814 1709; x_wconf 90' lang='lat' dir='ltr'>et</span> <span class='ocrx_word' id='word_1_184' title='bbox 827 1660 938 1711; x_wconf 82' lang='lat' dir='ltr'>materiae.</span> 
     </span>
     <span class='ocr_line' id='line_1_23' title="bbox 138 1729 809 1795; baseline -0.004 -14"><span class='ocrx_word' id='word_1_185' title='bbox 138 1730 167 1781; x_wconf 85' lang='lat' dir='ltr'>Et</span> <span class='ocrx_word' id='word_1_186' title='bbox 179 1730 231 1781; x_wconf 89' lang='lat' dir='ltr'>ideo</span> <span class='ocrx_word' id='word_1_187' title='bbox 243 1744 321 1795; x_wconf 87' lang='lat' dir='ltr'>perse</span> <span class='ocrx_word' id='word_1_188' title='bbox 334 1729 454 1793; x_wconf 80' lang='lat' dir='ltr'>loquendo,</span> <span class='ocrx_word' id='word_1_189' title='bbox 468 1733 533 1794; x_wconf 86' lang='lat' dir='ltr'>pater</span> <span class='ocrx_word' id='word_1_190' title='bbox 543 1730 613 1793; x_wconf 77' lang='lat' dir='ltr'>magis</span> <span class='ocrx_word' id='word_1_191' title='bbox 625 1733 661 1780; x_wconf 86' lang='lat' dir='ltr'>est</span> <span class='ocrx_word' id='word_1_192' title='bbox 673 1730 809 1793; x_wconf 82' lang='lat' dir='ltr'>diligendus.</span> 
     </span>
    </p>

    <p class='ocr_par' dir='ltr' id='par_1_6' title="bbox 139 1800 943 2222">
     <span class='ocr_line' id='line_1_24' title="bbox 171 1800 943 1867; baseline 0.003 -14"><span class='ocrx_word' id='word_1_193' title='bbox 171 1803 204 1853; x_wconf 80' lang='lat' dir='ltr'>dd</span> <span class='ocrx_word' id='word_1_194' title='bbox 223 1803 320 1867; x_wconf 88' lang='lat' dir='ltr'>primum</span> <span class='ocrx_word' id='word_1_195' title='bbox 337 1814 390 1865; x_wconf 80' lang='lat' dir='ltr'>argo</span> <span class='ocrx_word' id='word_1_196' title='bbox 408 1802 541 1864; x_wconf 85' lang='lat' dir='ltr'>dicendum,</span> <span class='ocrx_word' id='word_1_197' title='bbox 559 1800 620 1865; x_wconf 83' lang='lat' dir='ltr'>qnod</span> <span class='ocrx_word' id='word_1_198' title='bbox 636 1802 660 1851; x_wconf 90' lang='lat' dir='ltr'>in</span> <span class='ocrx_word' id='word_1_199' title='bbox 677 1802 822 1866; x_wconf 80' lang='lat' dir='ltr'>generatione</span> <span class='ocrx_word' id='word_1_200' title='bbox 838 1801 943 1855; x_wconf 84' lang='lat' dir='ltr'>hominis</span> 
     </span>
     <span class='ocr_line' id='line_1_25' title="bbox 140 1873 941 1937; baseline 0.002 -13"><span class='ocrx_word' id='word_1_201' title='bbox 140 1878 212 1924; x_wconf 88' lang='lat' dir='ltr'>mater</span> <span class='ocrx_word' id='word_1_202' title='bbox 225 1874 337 1924; x_wconf 87' lang='lat' dir='ltr'>ministrat</span> <span class='ocrx_word' id='word_1_203' title='bbox 350 1873 466 1923; x_wconf 84' lang='lat' dir='ltr'>materiam</span> <span class='ocrx_word' id='word_1_204' title='bbox 478 1873 578 1937; x_wconf 84' lang='lat' dir='ltr'>corporis</span> <span class='ocrx_word' id='word_1_205' title='bbox 588 1873 717 1925; x_wconf 82' lang='lat' dir='ltr'>informem.</span> <span class='ocrx_word' id='word_1_206' title='bbox 731 1873 850 1923; x_wconf 79' lang='lat' dir='ltr'>Formatnr</span> <span class='ocrx_word' id='word_1_207' title='bbox 859 1878 941 1926; x_wconf 88' lang='lat' dir='ltr'>autem</span> 
     </span>
     <span class='ocr_line' id='line_1_26' title="bbox 140 1943 942 2010; baseline 0.004 -16"><span class='ocrx_word' id='word_1_208' title='bbox 140 1944 295 2008; x_wconf 87' lang='lat' dir='ltr'>perrirtutem</span> <span class='ocrx_word' id='word_1_209' title='bbox 303 1944 456 2008; x_wconf 75' lang='lat' dir='ltr'>formaticam,</span> <span class='ocrx_word' id='word_1_210' title='bbox 469 1959 520 2009; x_wconf 77' lang='lat' dir='ltr'>que</span> <span class='ocrx_word' id='word_1_211' title='bbox 530 1948 565 1995; x_wconf 86' lang='lat' dir='ltr'>eat</span> <span class='ocrx_word' id='word_1_212' title='bbox 575 1944 600 1995; x_wconf 91' lang='lat' dir='ltr'>in</span> <span class='ocrx_word' id='word_1_213' title='bbox 608 1943 780 2010; x_wconf 86' lang='lat' dir='ltr'>seminepatris.</span> <span class='ocrx_word' id='word_1_214' title='bbox 792 1944 821 1994; x_wconf 85' lang='lat' dir='ltr'>Et</span> <span class='ocrx_word' id='word_1_215' title='bbox 833 1946 942 2007; x_wconf 80' lang='lat' dir='ltr'>quamvis</span> 
     </span>
     <span class='ocr_line' id='line_1_27' title="bbox 140 2014 942 2078; baseline 0.005 -13"><span class='ocrx_word' id='word_1_216' title='bbox 140 2015 270 2078; x_wconf 83' lang='lat' dir='ltr'>hujusmodi</span> <span class='ocrx_word' id='word_1_217' title='bbox 284 2014 357 2065; x_wconf 83' lang='lat' dir='ltr'>uirtus</span> <span class='ocrx_word' id='word_1_218' title='bbox 370 2028 417 2065; x_wconf 91' lang='lat' dir='ltr'>non</span> <span class='ocrx_word' id='word_1_219' title='bbox 434 2016 508 2078; x_wconf 87' lang='lat' dir='ltr'>possit</span> <span class='ocrx_word' id='word_1_220' title='bbox 523 2028 598 2067; x_wconf 89' lang='lat' dir='ltr'>creare</span> <span class='ocrx_word' id='word_1_221' title='bbox 614 2015 714 2067; x_wconf 85' lang='lat' dir='ltr'>animam</span> <span class='ocrx_word' id='word_1_222' title='bbox 730 2016 876 2076; x_wconf 83' lang='lat' dir='ltr'>rationalem,</span> <span class='ocrx_word' id='word_1_223' title='bbox 893 2019 942 2069; x_wconf 89' lang='lat' dir='ltr'>dis-</span> 
     </span>
     <span class='ocr_line' id='line_1_28' title="bbox 139 2086 940 2153; baseline 0.006 -16"><span class='ocrx_word' id='word_1_224' title='bbox 139 2086 206 2151; x_wconf 84' lang='lat' dir='ltr'>ponit</span> <span class='ocrx_word' id='word_1_225' title='bbox 220 2089 300 2138; x_wconf 88' lang='lat' dir='ltr'>tamen</span> <span class='ocrx_word' id='word_1_226' title='bbox 319 2087 434 2139; x_wconf 86' lang='lat' dir='ltr'>materiam</span> <span class='ocrx_word' id='word_1_227' title='bbox 450 2089 588 2153; x_wconf 81' lang='lat' dir='ltr'>corporalem</span> <span class='ocrx_word' id='word_1_228' title='bbox 603 2087 631 2138; x_wconf 89' lang='lat' dir='ltr'>ad</span> <span class='ocrx_word' id='word_1_229' title='bbox 647 2089 778 2153; x_wconf 82' lang='lat' dir='ltr'>hujusmodi</span> <span class='ocrx_word' id='word_1_230' title='bbox 794 2090 874 2142; x_wconf 76' lang='lat' dir='ltr'>forma</span> <span class='ocrx_word' id='word_1_231' title='bbox 889 2103 940 2142; x_wconf 87' lang='lat' dir='ltr'>sns-</span> 
     </span>
     <span class='ocr_line' id='line_1_29' title="bbox 140 2156 277 2222; baseline 0.007 -13"><span class='ocrx_word' id='word_1_232' title='bbox 140 2156 277 2222; x_wconf 84' lang='lat' dir='ltr'>ceptionem.</span> 
     </span>
    </p>

    <p class='ocr_par' dir='ltr' id='par_1_7' title="bbox 139 2232 939 2568">
     <span class='ocr_line' id='line_1_30' title="bbox 171 2232 935 2297; baseline 0.009 -17"><span class='ocrx_word' id='word_1_233' title='bbox 171 2232 204 2281; x_wconf 80' lang='lat' dir='ltr'>ad</span> <span class='ocrx_word' id='word_1_234' title='bbox 219 2233 342 2282; x_wconf 87' lang='lat' dir='ltr'>secundum</span> <span class='ocrx_word' id='word_1_235' title='bbox 358 2232 492 2292; x_wconf 88' lang='lat' dir='ltr'>dicendum,</span> <span class='ocrx_word' id='word_1_236' title='bbox 505 2232 620 2296; x_wconf 78' lang='lat' dir='ltr'>quidhoc</span> <span class='ocrx_word' id='word_1_237' title='bbox 634 2232 733 2297; x_wconf 89' lang='lat' dir='ltr'>pertinet</span> <span class='ocrx_word' id='word_1_238' title='bbox 748 2235 775 2284; x_wconf 92' lang='lat' dir='ltr'>ad</span> <span class='ocrx_word' id='word_1_239' title='bbox 786 2233 855 2286; x_wconf 88' lang='lat' dir='ltr'>aliam</span> <span class='ocrx_word' id='word_1_240' title='bbox 866 2236 935 2287; x_wconf 88' lang='lat' dir='ltr'>ratio·</span> 
     </span>
     <span class='ocr_line' id='line_1_31' title="bbox 139 2302 938 2372; baseline 0.008 -20"><span class='ocrx_word' id='word_1_241' title='bbox 139 2314 192 2353; x_wconf 90' lang='lat' dir='ltr'>nem</span> <span class='ocrx_word' id='word_1_242' title='bbox 201 2302 337 2353; x_wconf 88' lang='lat' dir='ltr'>dilectionis.</span> <span class='ocrx_word' id='word_1_243' title='bbox 351 2302 401 2353; x_wconf 76' lang='lat' dir='ltr'>Alia</span> <span class='ocrx_word' id='word_1_244' title='bbox 412 2303 475 2354; x_wconf 88' lang='lat' dir='ltr'>enim</span> <span class='ocrx_word' id='word_1_245' title='bbox 485 2308 522 2355; x_wconf 83' lang='lat' dir='ltr'>est</span> <span class='ocrx_word' id='word_1_246' title='bbox 534 2305 623 2368; x_wconf 89' lang='lat' dir='ltr'>species</span> <span class='ocrx_word' id='word_1_247' title='bbox 636 2304 751 2367; x_wconf 77' lang='lat' dir='ltr'>amicitiae,</span> <span class='ocrx_word' id='word_1_248' title='bbox 761 2320 806 2370; x_wconf 89' lang='lat' dir='ltr'>qna</span> <span class='ocrx_word' id='word_1_249' title='bbox 819 2306 938 2372; x_wconf 79' lang='lat' dir='ltr'>diligimus</span> 
     </span>
     <span class='ocr_line' id='line_1_32' title="bbox 139 2375 939 2443; baseline 0.006 -20"><span class='ocrx_word' id='word_1_250' title='bbox 139 2376 265 2437; x_wconf 84' lang='lat' dir='ltr'>amantem,</span> <span class='ocrx_word' id='word_1_251' title='bbox 284 2379 309 2425; x_wconf 87' lang='lat' dir='ltr'>et</span> <span class='ocrx_word' id='word_1_252' title='bbox 324 2388 368 2439; x_wconf 89' lang='lat' dir='ltr'>qua</span> <span class='ocrx_word' id='word_1_253' title='bbox 384 2375 500 2439; x_wconf 81' lang='lat' dir='ltr'>diligimus</span> <span class='ocrx_word' id='word_1_254' title='bbox 517 2380 677 2442; x_wconf 80' lang='lat' dir='ltr'>generantem3</span> <span class='ocrx_word' id='word_1_255' title='bbox 690 2391 750 2427; x_wconf 91' lang='lat' dir='ltr'>nnnc</span> <span class='ocrx_word' id='word_1_256' title='bbox 768 2383 845 2429; x_wconf 88' lang='lat' dir='ltr'>autem</span> <span class='ocrx_word' id='word_1_257' title='bbox 857 2379 939 2443; x_wconf 85' lang='lat' dir='ltr'>loqui-</span> 
     </span>
     <span class='ocr_line' id='line_1_33' title="bbox 140 2444 939 2512; baseline 0.009 -18"><span class='ocrx_word' id='word_1_258' title='bbox 140 2458 190 2494; x_wconf 90' lang='lat' dir='ltr'>mur</span> <span class='ocrx_word' id='word_1_259' title='bbox 206 2445 234 2495; x_wconf 90' lang='lat' dir='ltr'>de</span> <span class='ocrx_word' id='word_1_260' title='bbox 251 2444 410 2511; x_wconf 74' lang='lat' dir='ltr'>amicitiaque</span> <span class='ocrx_word' id='word_1_261' title='bbox 422 2446 517 2497; x_wconf 86' lang='lat' dir='ltr'>debetur</span> <span class='ocrx_word' id='word_1_262' title='bbox 529 2448 589 2511; x_wconf 90' lang='lat' dir='ltr'>patri</span> <span class='ocrx_word' id='word_1_263' title='bbox 605 2450 627 2497; x_wconf 84' lang='lat' dir='ltr'>et</span> <span class='ocrx_word' id='word_1_264' title='bbox 639 2448 718 2512; x_wconf 88' lang='lat' dir='ltr'>matri,</span> <span class='ocrx_word' id='word_1_265' title='bbox 731 2451 856 2501; x_wconf 88' lang='lat' dir='ltr'>secundnm</span> <span class='ocrx_word' id='word_1_266' title='bbox 870 2462 939 2512; x_wconf 79' lang='lat' dir='ltr'>gene-</span> 
     </span>
     <span class='ocr_line' id='line_1_34' title="bbox 140 2514 364 2568; baseline 0.004 -2"><span class='ocrx_word' id='word_1_267' title='bbox 140 2514 232 2566; x_wconf 88' lang='lat' dir='ltr'>rationis</span> <span class='ocrx_word' id='word_1_268' title='bbox 245 2515 364 2568; x_wconf 89' lang='lat' dir='ltr'>rationem.</span> 
     </span>
    </p>

    <p class='ocr_par' dir='ltr' id='par_1_8' title="bbox 171 2587 483 2657">
     <span class='ocr_line' id='line_1_35' title="bbox 171 2587 483 2657; baseline 0.006 -18"><span class='ocrx_word' id='word_1_269' title='bbox 171 2587 204 2639; x_wconf 84' lang='lat' dir='ltr'>dd</span> <span class='ocrx_word' id='word_1_270' title='bbox 216 2588 308 2640; x_wconf 80' lang='lat' dir='ltr'>tertium</span> <span class='ocrx_word' id='word_1_271' title='bbox 318 2592 382 2657; x_wconf 82' lang='lat' dir='ltr'>patet</span> <span class='ocrx_word' id='word_1_272' title='bbox 393 2590 483 2643; x_wconf 87' lang='lat' dir='ltr'>solutio.</span> 
     </span>
    </p>
   </div>
   <div class='ocr_carea' id='block_1_3' title="bbox 0 0 1001 3317">
    <p class='ocr_par' dir='ltr' id='par_1_9' title="bbox 0 0 1001 3317">
     <span class='ocr_line' id='line_1_36' title="bbox 0 0 1001 3317; baseline 0 0"><span class='ocrx_word' id='word_1_273' title='bbox 0 0 1001 3317; x_wconf 95' lang='lat' dir='ltr'> </span> 
     </span>
    </p>
   </div>
  </div>
 </body>
</html>
