<?xml version="1.0" encoding="UTF-8"?>
<!DOCTYPE html PUBLIC "-//W3C//DTD XHTML 1.0 Transitional//EN"
    "http://www.w3.org/TR/xhtml1/DTD/xhtml1-transitional.dtd">
<html xmlns="http://www.w3.org/1999/xhtml" xml:lang="en" lang="en">
 <head>
  <title>
</title>
<meta http-equiv="Content-Type" content="text/html;charset=utf-8" />
  <meta name='ocr-system' content='tesseract 3.04.00' />
  <meta name='ocr-capabilities' content='ocr_page ocr_carea ocr_par ocr_line ocrx_word'/>
</head>
<body>
  <div class='ocr_page' id='page_1' title='image "./summatheologica03nicogoog_0533.png"; bbox 0 0 1992 3317; ppageno 0'>
   <div class='ocr_carea' id='block_1_1' title="bbox 163 104 852 162">
    <p class='ocr_par' dir='ltr' id='par_1_1' title="bbox 163 104 852 162">
     <span class='ocr_line' id='line_1_1' title="bbox 163 104 852 162; baseline -0.004 -10"><span class='ocrx_word' id='word_1_1' title='bbox 163 104 208 152; x_wconf 76' lang='lat' dir='ltr'><strong>tte</strong></span> <span class='ocrx_word' id='word_1_2' title='bbox 272 109 378 152; x_wconf 71' lang='lat' dir='ltr'><strong>menum</strong></span> <span class='ocrx_word' id='word_1_3' title='bbox 389 109 520 162; x_wconf 76' lang='lat' dir='ltr'><strong>secusne,</strong></span> <span class='ocrx_word' id='word_1_4' title='bbox 536 110 628 156; x_wconf 79' lang='lat' dir='ltr'><strong>oussr.</strong></span> <span class='ocrx_word' id='word_1_5' title='bbox 642 111 723 161; x_wconf 87' lang='lat' dir='ltr'>xxm,</span> <span class='ocrx_word' id='word_1_6' title='bbox 735 108 792 149; x_wconf 82' lang='lat' dir='ltr'><strong>sur.</strong></span> <span class='ocrx_word' id='word_1_7' title='bbox 807 109 852 150; x_wconf 84' lang='lat' dir='ltr'><strong>urs.</strong></span> 
     </span>
    </p>
   </div>
   <div class='ocr_carea' id='block_1_2' title="bbox 160 187 966 683">
    <p class='ocr_par' dir='ltr' id='par_1_2' title="bbox 160 187 966 598">
     <span class='ocr_line' id='line_1_2' title="bbox 163 187 966 253; baseline -0.002 -13"><span class='ocrx_word' id='word_1_8' title='bbox 163 189 241 240; x_wconf 88' lang='lat' dir='ltr'><strong>sarciri</strong></span> <span class='ocrx_word' id='word_1_9' title='bbox 254 192 351 253; x_wconf 89' lang='lat' dir='ltr'><strong>possunt</strong></span> <span class='ocrx_word' id='word_1_10' title='bbox 358 225 366 252; x_wconf 93' lang='lat'><strong><em>,</em></strong></span> <span class='ocrx_word' id='word_1_11' title='bbox 375 191 400 238; x_wconf 92' lang='lat' dir='ltr'><strong>ut</strong></span> <span class='ocrx_word' id='word_1_12' title='bbox 410 201 457 240; x_wconf 91' lang='lat' dir='ltr'><strong>non</strong></span> <span class='ocrx_word' id='word_1_13' title='bbox 469 191 576 252; x_wconf 82' lang='lat' dir='ltr'><strong>sequatur</strong></span> <span class='ocrx_word' id='word_1_14' title='bbox 585 187 893 239; x_wconf 82' lang='lat' dir='ltr'><strong>maximnminoonveniens.</strong></span> <span class='ocrx_word' id='word_1_15' title='bbox 905 188 966 239; x_wconf 81' lang='lat' dir='ltr'><strong>&#39;ler-</strong></span> 
     </span>
     <span class='ocr_line' id='line_1_3' title="bbox 161 259 965 324; baseline 0.002 -14"><span class='ocrx_word' id='word_1_16' title='bbox 161 259 209 324; x_wconf 84' lang='lat' dir='ltr'><strong>tio‚</strong></span> <span class='ocrx_word' id='word_1_17' title='bbox 226 261 315 324; x_wconf 89' lang='lat' dir='ltr'><strong>quando</strong></span> <span class='ocrx_word' id='word_1_18' title='bbox 336 263 464 311; x_wconf 88' lang='lat' dir='ltr'><strong>occurreret</strong></span> <span class='ocrx_word' id='word_1_19' title='bbox 480 264 581 311; x_wconf 79' lang='lat' dir='ltr'><strong>ostreum</strong></span> <span class='ocrx_word' id='word_1_20' title='bbox 606 259 731 310; x_wconf 75' lang='lat' dir='ltr'><strong>necessitas</strong></span> <span class='ocrx_word' id='word_1_21' title='bbox 747 259 848 323; x_wconf 85' lang='lat' dir='ltr'><strong>alicujus</strong></span> <span class='ocrx_word' id='word_1_22' title='bbox 867 260 965 324; x_wconf 77' lang='lat' dir='ltr'><strong>priuatae</strong></span> 
     </span>
     <span class='ocr_line' id='line_1_4' title="bbox 161 331 962 396; baseline 0 -14"><span class='ocrx_word' id='word_1_23' title='bbox 161 345 280 395; x_wconf 75' lang='lat' dir='ltr'><strong>personae,</strong></span> <span class='ocrx_word' id='word_1_24' title='bbox 291 331 406 381; x_wconf 84' lang='lat' dir='ltr'><strong>ueletiam</strong></span> <span class='ocrx_word' id='word_1_25' title='bbox 418 332 494 396; x_wconf 85' lang='lat' dir='ltr'><strong>aliqua</strong></span> <span class='ocrx_word' id='word_1_26' title='bbox 503 333 587 395; x_wconf 68' lang='lat' dir='ltr'><strong>magna</strong></span> <span class='ocrx_word' id='word_1_27' title='bbox 595 331 720 382; x_wconf 72' lang='lat' dir='ltr'><strong>necessitas</strong></span> <span class='ocrx_word' id='word_1_28' title='bbox 732 331 875 395; x_wconf 84' lang='lat' dir='ltr'><strong>reipublicae.</strong></span> <span class='ocrx_word' id='word_1_29' title='bbox 890 332 916 380; x_wconf 89' lang='lat' dir='ltr'><strong>ln</strong></span> <span class='ocrx_word' id='word_1_30' title='bbox 924 331 962 382; x_wconf 86' lang='lat' dir='ltr'><strong>his</strong></span> 
     </span>
     <span class='ocr_line' id='line_1_5' title="bbox 160 402 965 468; baseline -0.002 -14"><span class='ocrx_word' id='word_1_31' title='bbox 160 404 229 454; x_wconf 86' lang='lat' dir='ltr'><strong>etiarn</strong></span> <span class='ocrx_word' id='word_1_32' title='bbox 247 403 337 455; x_wconf 79' lang='lat' dir='ltr'><strong>casibus</strong></span> <span class='ocrx_word' id='word_1_33' title='bbox 355 403 497 456; x_wconf 79' lang='lat' dir='ltr'>laudabiliter</span> <span class='ocrx_word' id='word_1_34' title='bbox 516 405 698 468; x_wconf 69' lang='lat' dir='ltr'>pretermitteret</span> <span class='ocrx_word' id='word_1_35' title='bbox 718 402 800 466; x_wconf 82' lang='lat' dir='ltr'><strong>aliquis</strong></span> <span class='ocrx_word' id='word_1_36' title='bbox 818 403 841 453; x_wconf 82' lang='lat' dir='ltr'><strong>it</strong></span> <span class='ocrx_word' id='word_1_37' title='bbox 859 404 920 466; x_wconf 86' lang='lat' dir='ltr'><strong>quod</strong></span> <span class='ocrx_word' id='word_1_38' title='bbox 935 404 965 452; x_wconf 88' lang='lat' dir='ltr'><strong>ad</strong></span> 
     </span>
     <span class='ocr_line' id='line_1_6' title="bbox 160 474 964 540; baseline -0.004 -14"><span class='ocrx_word' id='word_1_39' title='bbox 160 475 287 526; x_wconf 88' lang='lat' dir='ltr'><strong>decentiam</strong></span> <span class='ocrx_word' id='word_1_40' title='bbox 299 475 335 526; x_wconf 89' lang='lat' dir='ltr'><strong>sui</strong></span> <span class='ocrx_word' id='word_1_41' title='bbox 346 478 418 526; x_wconf 86' lang='lat' dir='ltr'><strong>status</strong></span> <span class='ocrx_word' id='word_1_42' title='bbox 428 475 543 540; x_wconf 87' lang='lat' dir='ltr'><strong>pertinere</strong></span> <span class='ocrx_word' id='word_1_43' title='bbox 555 475 683 540; x_wconf 84' lang='lat' dir='ltr'><strong>uideretur,</strong></span> <span class='ocrx_word' id='word_1_44' title='bbox 698 477 724 525; x_wconf 93' lang='lat' dir='ltr'><strong>ut</strong></span> <span class='ocrx_word' id='word_1_45' title='bbox 739 474 821 539; x_wconf 83' lang='lat' dir='ltr'><strong>majori</strong></span> <span class='ocrx_word' id='word_1_46' title='bbox 831 475 964 528; x_wconf 73' lang='lat' dir='ltr'><strong>necessitati</strong></span> 
     </span>
     <span class='ocr_line' id='line_1_7' title="bbox 160 546 298 598; baseline -0.014 0"><span class='ocrx_word' id='word_1_47' title='bbox 160 546 298 598; x_wconf 83' lang='lat' dir='ltr'><strong>subveniret.</strong></span> 
     </span>
    </p>

    <p class='ocr_par' dir='ltr' id='par_1_3' title="bbox 192 616 818 683">
     <span class='ocr_line' id='line_1_8' title="bbox 192 616 818 683; baseline 0.003 -15"><span class='ocrx_word' id='word_1_48' title='bbox 192 619 222 668; x_wconf 82' lang='lat' dir='ltr'><strong>st</strong></span> <span class='ocrx_word' id='word_1_49' title='bbox 235 631 275 683; x_wconf 89' lang='lat' dir='ltr'><strong>per</strong></span> <span class='ocrx_word' id='word_1_50' title='bbox 289 620 333 670; x_wconf 87' lang='lat' dir='ltr'><strong>lroe</strong></span> <span class='ocrx_word' id='word_1_51' title='bbox 350 620 414 683; x_wconf 90' lang='lat' dir='ltr'><strong>patet</strong></span> <span class='ocrx_word' id='word_1_52' title='bbox 425 618 453 670; x_wconf 86' lang='lat' dir='ltr'><strong>de</strong></span> <span class='ocrx_word' id='word_1_53' title='bbox 470 617 532 669; x_wconf 86' lang='lat' dir='ltr'><strong>taciti</strong></span> <span class='ocrx_word' id='word_1_54' title='bbox 546 617 664 682; x_wconf 80' lang='lat' dir='ltr'><strong>responsio</strong></span> <span class='ocrx_word' id='word_1_55' title='bbox 674 616 704 667; x_wconf 86' lang='lat' dir='ltr'><strong>ad</strong></span> <span class='ocrx_word' id='word_1_56' title='bbox 718 617 818 682; x_wconf 77' lang='lat' dir='ltr'><strong>objecta.</strong></span> 
     </span>
    </p>
   </div>
   <div class='ocr_carea' id='block_1_3' title="bbox 234 796 893 980">
    <p class='ocr_par' dir='ltr' id='par_1_4' title="bbox 234 796 893 980">
     <span class='ocr_line' id='line_1_9' title="bbox 403 796 674 876; baseline -0.011 -28"><span class='ocrx_word' id='word_1_57' title='bbox 403 863 408 876; x_wconf 33' lang='grc' dir='ltr'>ι</span> <span class='ocrx_word' id='word_1_58' title='bbox 450 796 607 848; x_wconf 75' lang='lat' dir='ltr'><strong>turrentes</strong></span> <span class='ocrx_word' id='word_1_59' title='bbox 622 797 674 846; x_wconf 79' lang='lat' dir='ltr'><strong>vlt.</strong></span> 
     </span>
     <span class='ocr_line' id='line_1_10' title="bbox 234 920 893 980; baseline 0 -14"><span class='ocrx_word' id='word_1_60' title='bbox 234 923 319 967; x_wconf 79' lang='lat' dir='ltr'><strong>Utrrtm</strong></span> <span class='ocrx_word' id='word_1_61' title='bbox 327 923 460 980; x_wconf 75' lang='lat' dir='ltr'><strong>poerttflrrs&#39;</strong></span> <span class='ocrx_word' id='word_1_62' title='bbox 468 923 614 980; x_wconf 73' lang='lat' dir='ltr'><strong>eleemosyna</strong></span> <span class='ocrx_word' id='word_1_63' title='bbox 623 923 652 968; x_wconf 75' lang='lat' dir='ltr'><strong>de</strong></span> <span class='ocrx_word' id='word_1_64' title='bbox 659 920 749 980; x_wconf 68' lang='lat' dir='ltr'><strong>iniuste</strong></span> <span class='ocrx_word' id='word_1_65' title='bbox 757 921 893 979; x_wconf 62' lang='lat' dir='ltr'><strong>metuitis</strong></span> 
     </span>
    </p>
   </div>
   <div class='ocr_carea' id='block_1_4' title="bbox 163 1046 965 2682">
    <p class='ocr_par' dir='ltr' id='par_1_5' title="bbox 164 1046 963 1397">
     <span class='ocr_line' id='line_1_11' title="bbox 196 1046 963 1113; baseline -0.001 -13"><span class='ocrx_word' id='word_1_66' title='bbox 196 1049 367 1113; x_wconf 77' lang='lat' dir='ltr'><strong>td&#39;septimunr</strong></span> <span class='ocrx_word' id='word_1_67' title='bbox 382 1049 417 1100; x_wconf 92' lang='lat' dir='ltr'><strong>sic</strong></span> <span class='ocrx_word' id='word_1_68' title='bbox 430 1048 609 1113; x_wconf 63' lang='lat' dir='ltr'><strong>proceritate).</strong></span> <span class='ocrx_word' id='word_1_69' title='bbox 628 1047 723 1098; x_wconf 84' lang='lat' dir='ltr'><strong>Videtur</strong></span> <span class='ocrx_word' id='word_1_70' title='bbox 735 1046 795 1111; x_wconf 78' lang='lat' dir='ltr'><strong>quod</strong></span> <span class='ocrx_word' id='word_1_71' title='bbox 809 1048 886 1111; x_wconf 89' lang='lat' dir='ltr'><strong>possit</strong></span> <span class='ocrx_word' id='word_1_72' title='bbox 905 1049 963 1099; x_wconf 80' lang='lat' dir='ltr'><strong>eloe</strong></span> 
     </span>
     <span class='ocr_line' id='line_1_12' title="bbox 164 1119 959 1185; baseline -0.004 -15"><span class='ocrx_word' id='word_1_73' title='bbox 164 1133 258 1185; x_wconf 87' lang='lat' dir='ltr'><strong>mosyna</strong></span> <span class='ocrx_word' id='word_1_74' title='bbox 278 1120 327 1170; x_wconf 89' lang='lat' dir='ltr'><strong>lieri</strong></span> <span class='ocrx_word' id='word_1_75' title='bbox 345 1121 373 1170; x_wconf 90' lang='lat' dir='ltr'><strong>de</strong></span> <span class='ocrx_word' id='word_1_76' title='bbox 388 1119 467 1170; x_wconf 77' lang='lat' dir='ltr'><strong>illicite</strong></span> <span class='ocrx_word' id='word_1_77' title='bbox 480 1120 606 1182; x_wconf 80' lang='lat' dir='ltr'><strong>acquisitis.</strong></span> <span class='ocrx_word' id='word_1_78' title='bbox 620 1119 706 1169; x_wconf 82' lang='lat' dir='ltr'><strong>Dicitur</strong></span> <span class='ocrx_word' id='word_1_79' title='bbox 720 1119 782 1170; x_wconf 88' lang='lat' dir='ltr'><strong>eninr</strong></span> <span class='ocrx_word' id='word_1_80' title='bbox 800 1125 871 1180; x_wconf 76' lang='lat' dir='ltr'><strong>Luc,</strong></span> <span class='ocrx_word' id='word_1_81' title='bbox 887 1121 940 1170; x_wconf 82' lang='lat' dir='ltr'><strong>XV!</strong></span> <span class='ocrx_word' id='word_1_82' title='bbox 955 1135 959 1167; x_wconf 93' lang='lat'>:</span> 
     </span>
     <span class='ocr_line' id='line_1_13' title="bbox 165 1190 962 1253; baseline -0.001 -13"><span class='ocrx_word' id='word_1_83' title='bbox 165 1208 179 1240; x_wconf 86' lang='lat' dir='ltr'><strong>u</strong></span> <span class='ocrx_word' id='word_1_84' title='bbox 188 1190 264 1241; x_wconf 74' lang='lat' dir='ltr'><strong>lecito</strong></span> <span class='ocrx_word' id='word_1_85' title='bbox 279 1191 345 1241; x_wconf 82' lang='lat' dir='ltr'><strong>vobis</strong></span> <span class='ocrx_word' id='word_1_86' title='bbox 358 1190 442 1240; x_wconf 88' lang='lat' dir='ltr'><strong>amicos</strong></span> <span class='ocrx_word' id='word_1_87' title='bbox 455 1190 483 1240; x_wconf 90' lang='lat' dir='ltr'><strong>de</strong></span> <span class='ocrx_word' id='word_1_88' title='bbox 501 1203 629 1241; x_wconf 83' lang='lat' dir='ltr'><strong>mammona</strong></span> <span class='ocrx_word' id='word_1_89' title='bbox 647 1190 783 1253; x_wconf 64' lang='lat' dir='ltr'><strong>iniqoimis.</strong></span> <span class='ocrx_word' id='word_1_90' title='bbox 795 1207 810 1237; x_wconf 80' lang='lat' dir='ltr'><strong>u</strong></span> <span class='ocrx_word' id='word_1_91' title='bbox 833 1192 962 1243; x_wconf 85' lang='lat' dir='ltr'><strong>liammona</strong></span> 
     </span>
     <span class='ocr_line' id='line_1_14' title="bbox 164 1259 963 1328; baseline 0 -18"><span class='ocrx_word' id='word_1_92' title='bbox 164 1267 240 1312; x_wconf 90' lang='lat' dir='ltr'><strong>autem</strong></span> <span class='ocrx_word' id='word_1_93' title='bbox 251 1261 363 1324; x_wconf 81' lang='lat' dir='ltr'><strong>significet</strong></span> <span class='ocrx_word' id='word_1_94' title='bbox 372 1259 473 1310; x_wconf 86' lang='lat' dir='ltr'><strong>diuitias.</strong></span> <span class='ocrx_word' id='word_1_95' title='bbox 483 1261 543 1324; x_wconf 79' lang='lat' dir='ltr'><strong>Eryo</strong></span> <span class='ocrx_word' id='word_1_96' title='bbox 550 1263 579 1312; x_wconf 84' lang='lat' dir='ltr'><strong>de</strong></span> <span class='ocrx_word' id='word_1_97' title='bbox 586 1259 673 1312; x_wconf 81' lang='lat' dir='ltr'><strong>divitiis</strong></span> <span class='ocrx_word' id='word_1_98' title='bbox 677 1260 756 1325; x_wconf 79' lang='lat' dir='ltr'><strong>inique</strong></span> <span class='ocrx_word' id='word_1_99' title='bbox 762 1261 883 1325; x_wconf 71' lang='lat' dir='ltr'><strong>aopnsitis</strong></span> <span class='ocrx_word' id='word_1_100' title='bbox 889 1266 963 1328; x_wconf 90' lang='lat' dir='ltr'><strong>potest</strong></span> 
     </span>
     <span class='ocr_line' id='line_1_15' title="bbox 164 1331 958 1397; baseline 0 -15"><span class='ocrx_word' id='word_1_101' title='bbox 164 1331 207 1382; x_wconf 87' lang='lat' dir='ltr'><strong>sihi</strong></span> <span class='ocrx_word' id='word_1_102' title='bbox 220 1331 302 1394; x_wconf 85' lang='lat' dir='ltr'><strong>aliquis</strong></span> <span class='ocrx_word' id='word_1_103' title='bbox 312 1331 439 1396; x_wconf 83' lang='lat' dir='ltr'><strong>spirituales</strong></span> <span class='ocrx_word' id='word_1_104' title='bbox 453 1331 537 1382; x_wconf 90' lang='lat' dir='ltr'><strong>amicos</strong></span> <span class='ocrx_word' id='word_1_105' title='bbox 554 1332 645 1397; x_wconf 89' lang='lat' dir='ltr'><strong>laoere,</strong></span> <span class='ocrx_word' id='word_1_106' title='bbox 660 1333 818 1397; x_wconf 75' lang='lat' dir='ltr'><strong>eleemosynas</strong></span> <span class='ocrx_word' id='word_1_107' title='bbox 832 1334 958 1396; x_wconf 80' lang='lat' dir='ltr'><strong>largiendo.</strong></span> 
     </span>
    </p>

    <p class='ocr_par' dir='ltr' id='par_1_6' title="bbox 163 1403 965 2181">
     <span class='ocr_line' id='line_1_16' title="bbox 194 1403 961 1469; baseline 0.007 -19"><span class='ocrx_word' id='word_1_108' title='bbox 194 1407 218 1451; x_wconf 76' lang='lat' dir='ltr'><strong>t.</strong></span> <span class='ocrx_word' id='word_1_109' title='bbox 234 1405 362 1460; x_wconf 74' lang='lat' dir='ltr'><strong>preterea,</strong></span> <span class='ocrx_word' id='word_1_110' title='bbox 373 1415 440 1452; x_wconf 89' lang='lat' dir='ltr'><strong>omne</strong></span> <span class='ocrx_word' id='word_1_111' title='bbox 454 1405 520 1466; x_wconf 90' lang='lat' dir='ltr'><strong>turpe</strong></span> <span class='ocrx_word' id='word_1_112' title='bbox 532 1404 620 1452; x_wconf 90' lang='lat' dir='ltr'><strong>lucrum</strong></span> <span class='ocrx_word' id='word_1_113' title='bbox 630 1403 779 1454; x_wconf 81' lang='lat' dir='ltr'><strong>videturesse</strong></span> <span class='ocrx_word' id='word_1_114' title='bbox 792 1403 874 1455; x_wconf 80' lang='lat' dir='ltr'><strong>illicite</strong></span> <span class='ocrx_word' id='word_1_115' title='bbox 885 1405 961 1469; x_wconf 88' lang='lat' dir='ltr'><strong>sequi·</strong></span> 
     </span>
     <span class='ocr_line' id='line_1_17' title="bbox 163 1473 961 1540; baseline 0.003 -15"><span class='ocrx_word' id='word_1_116' title='bbox 163 1474 243 1525; x_wconf 88' lang='lat' dir='ltr'><strong>situm.</strong></span> <span class='ocrx_word' id='word_1_117' title='bbox 260 1473 304 1524; x_wconf 83' lang='lat' dir='ltr'><strong>Sed</strong></span> <span class='ocrx_word' id='word_1_118' title='bbox 322 1477 388 1538; x_wconf 89' lang='lat' dir='ltr'><strong>turpe</strong></span> <span class='ocrx_word' id='word_1_119' title='bbox 403 1473 491 1523; x_wconf 90' lang='lat' dir='ltr'><strong>lucrum</strong></span> <span class='ocrx_word' id='word_1_120' title='bbox 508 1477 545 1524; x_wconf 88' lang='lat' dir='ltr'><strong>est</strong></span> <span class='ocrx_word' id='word_1_121' title='bbox 556 1474 617 1537; x_wconf 84' lang='lat' dir='ltr'><strong>qnod</strong></span> <span class='ocrx_word' id='word_1_122' title='bbox 628 1474 658 1525; x_wconf 84' lang='lat' dir='ltr'><strong>de</strong></span> <span class='ocrx_word' id='word_1_123' title='bbox 676 1474 807 1526; x_wconf 87' lang='lat' dir='ltr'><strong>meretricio</strong></span> <span class='ocrx_word' id='word_1_124' title='bbox 824 1476 961 1540; x_wconf 77' lang='lat' dir='ltr'><strong>acquiritnr3</strong></span> 
     </span>
     <span class='ocr_line' id='line_1_18' title="bbox 163 1545 963 1609; baseline 0.003 -15"><span class='ocrx_word' id='word_1_125' title='bbox 163 1547 222 1596; x_wconf 85' lang='lat' dir='ltr'><strong>rmde</strong></span> <span class='ocrx_word' id='word_1_126' title='bbox 236 1549 259 1596; x_wconf 92' lang='lat' dir='ltr'><strong>et</strong></span> <span class='ocrx_word' id='word_1_127' title='bbox 275 1545 302 1596; x_wconf 82' lang='lat' dir='ltr'><strong>tle</strong></span> <span class='ocrx_word' id='word_1_128' title='bbox 318 1545 448 1609; x_wconf 83' lang='lat' dir='ltr'><strong>hujusmodi</strong></span> <span class='ocrx_word' id='word_1_129' title='bbox 466 1545 601 1595; x_wconf 80' lang='lat' dir='ltr'><strong>sacrificium</strong></span> <span class='ocrx_word' id='word_1_130' title='bbox 615 1547 653 1596; x_wconf 83' lang='lat' dir='ltr'><strong>rol</strong></span> <span class='ocrx_word' id='word_1_131' title='bbox 666 1545 750 1597; x_wconf 84' lang='lat' dir='ltr'><strong>oblatio</strong></span> <span class='ocrx_word' id='word_1_132' title='bbox 762 1547 809 1597; x_wconf 87' lang='lat' dir='ltr'><strong>lleo</strong></span> <span class='ocrx_word' id='word_1_133' title='bbox 825 1547 906 1598; x_wconf 85' lang='lat' dir='ltr'><strong>olierri</strong></span> <span class='ocrx_word' id='word_1_134' title='bbox 920 1561 963 1599; x_wconf 91' lang='lat' dir='ltr'><strong>nor</strong></span> 
     </span>
     <span class='ocr_line' id='line_1_19' title="bbox 164 1616 962 1680; baseline 0 -12"><span class='ocrx_word' id='word_1_135' title='bbox 164 1617 247 1680; x_wconf 86' lang='lat' dir='ltr'><strong>debet,</strong></span> <span class='ocrx_word' id='word_1_136' title='bbox 259 1616 384 1667; x_wconf 72' lang='lat' dir='ltr'><strong>mouudim</strong></span> <span class='ocrx_word' id='word_1_137' title='bbox 401 1616 455 1666; x_wconf 88' lang='lat' dir='ltr'><strong>illud</strong></span> <span class='ocrx_word' id='word_1_138' title='bbox 469 1618 582 1674; x_wconf 73' lang='lat' dir='ltr'><strong>Denter„</strong></span> <span class='ocrx_word' id='word_1_139' title='bbox 598 1617 689 1667; x_wconf 83' lang='lat' dir='ltr'><strong>XXlll:</strong></span> <span class='ocrx_word' id='word_1_140' title='bbox 705 1633 719 1665; x_wconf 84' lang='lat' dir='ltr'><strong>u</strong></span> <span class='ocrx_word' id='word_1_141' title='bbox 733 1618 785 1667; x_wconf 84' lang='lat' dir='ltr'><strong>Non</strong></span> <span class='ocrx_word' id='word_1_142' title='bbox 805 1617 891 1669; x_wconf 75' lang='lat' dir='ltr'><strong>olferes</strong></span> <span class='ocrx_word' id='word_1_143' title='bbox 904 1633 962 1670; x_wconf 90' lang='lat' dir='ltr'><strong>mer-</strong></span> 
     </span>
     <span class='ocr_line' id='line_1_20' title="bbox 164 1687 965 1754; baseline -0.004 -14"><span class='ocrx_word' id='word_1_144' title='bbox 164 1690 242 1740; x_wconf 85' lang='lat' dir='ltr'><strong>cedem</strong></span> <span class='ocrx_word' id='word_1_145' title='bbox 253 1687 372 1753; x_wconf 83' lang='lat' dir='ltr'><strong>prostibuli</strong></span> <span class='ocrx_word' id='word_1_146' title='bbox 383 1688 408 1737; x_wconf 90' lang='lat' dir='ltr'><strong>in</strong></span> <span class='ocrx_word' id='word_1_147' title='bbox 426 1687 493 1738; x_wconf 88' lang='lat' dir='ltr'><strong>domo</strong></span> <span class='ocrx_word' id='word_1_148' title='bbox 505 1687 547 1737; x_wconf 83' lang='lat' dir='ltr'><strong>ltei</strong></span> <span class='ocrx_word' id='word_1_149' title='bbox 566 1687 608 1736; x_wconf 88' lang='lat' dir='ltr'><strong>tui.</strong></span> <span class='ocrx_word' id='word_1_150' title='bbox 627 1704 642 1734; x_wconf 85' lang='lat' dir='ltr'><strong>u</strong></span> <span class='ocrx_word' id='word_1_151' title='bbox 656 1687 764 1738; x_wconf 86' lang='lat' dir='ltr'><strong>Similiter</strong></span> <span class='ocrx_word' id='word_1_152' title='bbox 778 1687 848 1738; x_wconf 75' lang='lat' dir='ltr'><strong>etam</strong></span> <span class='ocrx_word' id='word_1_153' title='bbox 867 1690 965 1754; x_wconf 85' lang='lat' dir='ltr'><strong>turpiter</strong></span> 
     </span>
     <span class='ocr_line' id='line_1_21' title="bbox 164 1758 964 1826; baseline -0.001 -16"><span class='ocrx_word' id='word_1_154' title='bbox 164 1760 300 1824; x_wconf 84' lang='lat' dir='ltr'><strong>aequiritur,</strong></span> <span class='ocrx_word' id='word_1_155' title='bbox 318 1760 378 1823; x_wconf 84' lang='lat' dir='ltr'><strong>quod</strong></span> <span class='ocrx_word' id='word_1_156' title='bbox 395 1758 518 1822; x_wconf 83' lang='lat' dir='ltr'><strong>acquiritur</strong></span> <span class='ocrx_word' id='word_1_157' title='bbox 534 1771 576 1822; x_wconf 92' lang='lat' dir='ltr'><strong>per</strong></span> <span class='ocrx_word' id='word_1_158' title='bbox 596 1758 670 1822; x_wconf 82' lang='lat' dir='ltr'><strong>aleas3</strong></span> <span class='ocrx_word' id='word_1_159' title='bbox 690 1758 744 1822; x_wconf 85' lang='lat' dir='ltr'><strong>quia</strong></span> <span class='ocrx_word' id='word_1_160' title='bbox 767 1763 793 1808; x_wconf 90' lang='lat' dir='ltr'><strong>ut</strong></span> <span class='ocrx_word' id='word_1_161' title='bbox 811 1758 964 1826; x_wconf 84' lang='lat' dir='ltr'><strong>Philosophus</strong></span> 
     </span>
     <span class='ocr_line' id='line_1_22' title="bbox 165 1830 962 1894; baseline 0 -12"><span class='ocrx_word' id='word_1_162' title='bbox 165 1832 220 1882; x_wconf 86' lang='lat' dir='ltr'><strong>dieii</strong></span> <span class='ocrx_word' id='word_1_163' title='bbox 238 1833 261 1881; x_wconf 90' lang='lat' dir='ltr'><strong>in</strong></span> <span class='ocrx_word' id='word_1_164' title='bbox 276 1832 314 1882; x_wconf 90' lang='lat' dir='ltr'><strong>lV.</strong></span> <span class='ocrx_word' id='word_1_165' title='bbox 327 1832 413 1882; x_wconf 71' lang='lat' dir='ltr'><strong>netto,</strong></span> <span class='ocrx_word' id='word_1_166' title='bbox 428 1831 498 1894; x_wconf 89' lang='lat' dir='ltr'><strong>(cap.</strong></span> <span class='ocrx_word' id='word_1_167' title='bbox 509 1833 524 1880; x_wconf 84' lang='lat' dir='ltr'><strong>t</strong></span> <span class='ocrx_word' id='word_1_168' title='bbox 536 1831 573 1880; x_wconf 87' lang='lat' dir='ltr'><strong>uel</strong></span> <span class='ocrx_word' id='word_1_169' title='bbox 586 1831 632 1894; x_wconf 79' lang='lat' dir='ltr'><strong>t),</strong></span> <span class='ocrx_word' id='word_1_170' title='bbox 643 1831 700 1882; x_wconf 86' lang='lat' dir='ltr'><strong>tales</strong></span> <span class='ocrx_word' id='word_1_171' title='bbox 710 1831 738 1880; x_wconf 86' lang='lat' dir='ltr'><strong>at</strong></span> <span class='ocrx_word' id='word_1_172' title='bbox 747 1830 826 1881; x_wconf 87' lang='lat' dir='ltr'><strong>amicis</strong></span> <span class='ocrx_word' id='word_1_173' title='bbox 839 1832 962 1892; x_wconf 80' lang='lat' dir='ltr'><strong>lucrantur,</strong></span> 
     </span>
     <span class='ocr_line' id='line_1_23' title="bbox 165 1900 965 1968; baseline 0.003 -16"><span class='ocrx_word' id='word_1_174' title='bbox 165 1903 248 1967; x_wconf 87' lang='lat' dir='ltr'><strong>quibus</strong></span> <span class='ocrx_word' id='word_1_175' title='bbox 266 1905 356 1966; x_wconf 90' lang='lat' dir='ltr'><strong>oportet</strong></span> <span class='ocrx_word' id='word_1_176' title='bbox 372 1903 434 1954; x_wconf 90' lang='lat' dir='ltr'><strong>dare.</strong></span> <span class='ocrx_word' id='word_1_177' title='bbox 448 1901 586 1966; x_wconf 75' lang='lat' dir='ltr'><strong>turpissime</strong></span> <span class='ocrx_word' id='word_1_178' title='bbox 604 1901 672 1952; x_wconf 90' lang='lat' dir='ltr'><strong>etiam</strong></span> <span class='ocrx_word' id='word_1_179' title='bbox 686 1900 809 1965; x_wconf 87' lang='lat' dir='ltr'><strong>acquiritur</strong></span> <span class='ocrx_word' id='word_1_180' title='bbox 822 1903 911 1968; x_wconf 84' lang='lat' dir='ltr'><strong>aliquid</strong></span> <span class='ocrx_word' id='word_1_181' title='bbox 929 1917 965 1968; x_wconf 91' lang='lat' dir='ltr'><strong>per</strong></span> 
     </span>
     <span class='ocr_line' id='line_1_24' title="bbox 165 1973 965 2039; baseline 0.003 -15"><span class='ocrx_word' id='word_1_182' title='bbox 165 1975 296 2034; x_wconf 82' lang='lat' dir='ltr'><strong>simoniam,</strong></span> <span class='ocrx_word' id='word_1_183' title='bbox 311 1987 352 2036; x_wconf 91' lang='lat' dir='ltr'><strong>per</strong></span> <span class='ocrx_word' id='word_1_184' title='bbox 362 1985 429 2037; x_wconf 87' lang='lat' dir='ltr'><strong>quam</strong></span> <span class='ocrx_word' id='word_1_185' title='bbox 443 1973 525 2037; x_wconf 87' lang='lat' dir='ltr'><strong>aliquis</strong></span> <span class='ocrx_word' id='word_1_186' title='bbox 540 1973 637 2038; x_wconf 88' lang='lat' dir='ltr'><strong>Spiritui</strong></span> <span class='ocrx_word' id='word_1_187' title='bbox 648 1977 726 2024; x_wconf 89' lang='lat' dir='ltr'><strong>sancto</strong></span> <span class='ocrx_word' id='word_1_188' title='bbox 738 1973 847 2039; x_wconf 73' lang='lat' dir='ltr'><strong>iniurium</strong></span> <span class='ocrx_word' id='word_1_189' title='bbox 858 1976 925 2027; x_wconf 86' lang='lat' dir='ltr'><strong>lacit.</strong></span> <span class='ocrx_word' id='word_1_190' title='bbox 940 1977 965 2025; x_wconf 83' lang='lat' dir='ltr'><strong>st</strong></span> 
     </span>
     <span class='ocr_line' id='line_1_25' title="bbox 165 2045 963 2110; baseline 0.003 -16"><span class='ocrx_word' id='word_1_191' title='bbox 165 2049 242 2094; x_wconf 83' lang='lat' dir='ltr'><strong>temen</strong></span> <span class='ocrx_word' id='word_1_192' title='bbox 260 2045 288 2094; x_wconf 88' lang='lat' dir='ltr'><strong>de</strong></span> <span class='ocrx_word' id='word_1_193' title='bbox 305 2045 436 2109; x_wconf 87' lang='lat' dir='ltr'><strong>hujusmodi</strong></span> <span class='ocrx_word' id='word_1_194' title='bbox 455 2045 600 2109; x_wconf 72' lang='lat' dir='ltr'><strong>eleemosyna</strong></span> <span class='ocrx_word' id='word_1_195' title='bbox 614 2045 663 2096; x_wconf 86' lang='lat' dir='ltr'><strong>lieri</strong></span> <span class='ocrx_word' id='word_1_196' title='bbox 682 2049 769 2109; x_wconf 86' lang='lat' dir='ltr'><strong>potest.</strong></span> <span class='ocrx_word' id='word_1_197' title='bbox 784 2047 845 2110; x_wconf 69' lang='lat' dir='ltr'><strong>Eryo</strong></span> <span class='ocrx_word' id='word_1_198' title='bbox 858 2049 888 2099; x_wconf 89' lang='lat' dir='ltr'><strong>de</strong></span> <span class='ocrx_word' id='word_1_199' title='bbox 907 2047 963 2098; x_wconf 85' lang='lat' dir='ltr'><strong>malt</strong></span> 
     </span>
     <span class='ocr_line' id='line_1_26' title="bbox 166 2115 752 2181; baseline 0.003 -15"><span class='ocrx_word' id='word_1_200' title='bbox 166 2115 285 2180; x_wconf 85' lang='lat' dir='ltr'><strong>acquisitis</strong></span> <span class='ocrx_word' id='word_1_201' title='bbox 300 2120 376 2179; x_wconf 85' lang='lat' dir='ltr'><strong>potest</strong></span> <span class='ocrx_word' id='word_1_202' title='bbox 389 2116 471 2179; x_wconf 86' lang='lat' dir='ltr'><strong>aliquis</strong></span> <span class='ocrx_word' id='word_1_203' title='bbox 485 2118 654 2181; x_wconf 83' lang='lat' dir='ltr'><strong>eleemosynam</strong></span> <span class='ocrx_word' id='word_1_204' title='bbox 667 2117 752 2168; x_wconf 88' lang='lat' dir='ltr'><strong>lacere.</strong></span> 
     </span>
    </p>

    <p class='ocr_par' dir='ltr' id='par_1_7' title="bbox 164 2188 962 2682">
     <span class='ocr_line' id='line_1_27' title="bbox 198 2188 961 2254; baseline 0.008 -18"><span class='ocrx_word' id='word_1_205' title='bbox 198 2192 221 2236; x_wconf 83' lang='lat' dir='ltr'><strong>s.</strong></span> <span class='ocrx_word' id='word_1_206' title='bbox 242 2189 366 2251; x_wconf 78' lang='lat' dir='ltr'><strong>Praeterea,</strong></span> <span class='ocrx_word' id='word_1_207' title='bbox 382 2188 468 2251; x_wconf 69' lang='lat' dir='ltr'><strong>mnjora</strong></span> <span class='ocrx_word' id='word_1_208' title='bbox 487 2189 546 2238; x_wconf 86' lang='lat' dir='ltr'><strong>male</strong></span> <span class='ocrx_word' id='word_1_209' title='bbox 561 2193 614 2238; x_wconf 89' lang='lat' dir='ltr'><strong>snut</strong></span> <span class='ocrx_word' id='word_1_210' title='bbox 627 2189 700 2253; x_wconf 82' lang='lat' dir='ltr'><strong>magis</strong></span> <span class='ocrx_word' id='word_1_211' title='bbox 713 2189 822 2253; x_wconf 66' lang='lat' dir='ltr'><strong>utenda,</strong></span> <span class='ocrx_word' id='word_1_212' title='bbox 835 2190 907 2254; x_wconf 81' lang='lat' dir='ltr'><strong>qntm</strong></span> <span class='ocrx_word' id='word_1_213' title='bbox 926 2191 961 2241; x_wconf 87' lang='lat' dir='ltr'><strong>ni·</strong></span> 
     </span>
     <span class='ocr_line' id='line_1_28' title="bbox 166 2259 962 2326; baseline 0.005 -16"><span class='ocrx_word' id='word_1_214' title='bbox 166 2271 228 2310; x_wconf 86' lang='lat' dir='ltr'><strong>nore.</strong></span> <span class='ocrx_word' id='word_1_215' title='bbox 241 2260 285 2310; x_wconf 84' lang='lat' dir='ltr'><strong>sed</strong></span> <span class='ocrx_word' id='word_1_216' title='bbox 301 2259 376 2308; x_wconf 87' lang='lat' dir='ltr'><strong>minus</strong></span> <span class='ocrx_word' id='word_1_217' title='bbox 387 2263 504 2323; x_wconf 86' lang='lat' dir='ltr'><strong>peecatum</strong></span> <span class='ocrx_word' id='word_1_218' title='bbox 518 2264 553 2310; x_wconf 88' lang='lat' dir='ltr'><strong>est</strong></span> <span class='ocrx_word' id='word_1_219' title='bbox 565 2260 665 2311; x_wconf 76' lang='lat' dir='ltr'><strong>detemm</strong></span> <span class='ocrx_word' id='word_1_220' title='bbox 678 2261 712 2312; x_wconf 92' lang='lat' dir='ltr'><strong>rei</strong></span> <span class='ocrx_word' id='word_1_221' title='bbox 730 2261 824 2325; x_wconf 79' lang='lat' dir='ltr'><strong>alenae,</strong></span> <span class='ocrx_word' id='word_1_222' title='bbox 841 2277 913 2326; x_wconf 82' lang='lat' dir='ltr'><strong>qnam</strong></span> <span class='ocrx_word' id='word_1_223' title='bbox 927 2267 962 2314; x_wconf 84' lang='lat' dir='ltr'><strong>lio·</strong></span> 
     </span>
     <span class='ocr_line' id='line_1_29' title="bbox 165 2330 962 2395; baseline 0.003 -16"><span class='ocrx_word' id='word_1_224' title='bbox 165 2330 280 2380; x_wconf 79' lang='lat' dir='ltr'><strong>micittrun</strong></span> <span class='ocrx_word' id='word_1_225' title='bbox 296 2346 302 2378; x_wconf 77' lang='grc' dir='ltr'><strong>ι</strong></span> <span class='ocrx_word' id='word_1_226' title='bbox 319 2331 379 2393; x_wconf 83' lang='lat' dir='ltr'><strong>quod</strong></span> <span class='ocrx_word' id='word_1_227' title='bbox 393 2330 475 2394; x_wconf 85' lang='lat' dir='ltr'><strong>aliqrris</strong></span> <span class='ocrx_word' id='word_1_228' title='bbox 487 2331 599 2395; x_wconf 87' lang='lat' dir='ltr'><strong>incurrit,</strong></span> <span class='ocrx_word' id='word_1_229' title='bbox 614 2331 659 2382; x_wconf 89' lang='lat' dir='ltr'><strong>nisi</strong></span> <span class='ocrx_word' id='word_1_230' title='bbox 677 2331 716 2381; x_wconf 90' lang='lat' dir='ltr'><strong>alii</strong></span> <span class='ocrx_word' id='word_1_231' title='bbox 728 2331 753 2381; x_wconf 90' lang='lat' dir='ltr'><strong>in</strong></span> <span class='ocrx_word' id='word_1_232' title='bbox 765 2332 846 2385; x_wconf 80' lang='lat' dir='ltr'><strong>mtima</strong></span> <span class='ocrx_word' id='word_1_233' title='bbox 859 2334 962 2386; x_wconf 86' lang='lat' dir='ltr'><strong>necessi-</strong></span> 
     </span>
     <span class='ocr_line' id='line_1_30' title="bbox 165 2401 958 2471; baseline 0.003 -21"><span class='ocrx_word' id='word_1_234' title='bbox 165 2405 211 2450; x_wconf 89' lang='lat' dir='ltr'><strong>tate</strong></span> <span class='ocrx_word' id='word_1_235' title='bbox 225 2401 358 2464; x_wconf 74' lang='lat' dir='ltr'><strong>surbreniat,</strong></span> <span class='ocrx_word' id='word_1_236' title='bbox 367 2404 393 2450; x_wconf 91' lang='lat' dir='ltr'><strong>ut</strong></span> <span class='ocrx_word' id='word_1_237' title='bbox 404 2404 466 2464; x_wconf 84' lang='lat' dir='ltr'><strong>petet</strong></span> <span class='ocrx_word' id='word_1_238' title='bbox 475 2414 517 2465; x_wconf 91' lang='lat' dir='ltr'><strong>per</strong></span> <span class='ocrx_word' id='word_1_239' title='bbox 530 2402 672 2454; x_wconf 70' lang='lat' dir='ltr'><strong>Ambrosium</strong></span> <span class='ocrx_word' id='word_1_240' title='bbox 685 2403 859 2467; x_wconf 74' lang='lat' dir='ltr'><strong>dicentemluhi</strong></span> <span class='ocrx_word' id='word_1_241' title='bbox 869 2406 958 2471; x_wconf 79' lang='lat' dir='ltr'><strong>supral:</strong></span> 
     </span>
     <span class='ocr_line' id='line_1_31' title="bbox 167 2471 960 2538; baseline 0.006 -18"><span class='ocrx_word' id='word_1_242' title='bbox 167 2489 181 2520; x_wconf 86' lang='lat' dir='ltr'><strong>u</strong></span> <span class='ocrx_word' id='word_1_243' title='bbox 193 2471 265 2523; x_wconf 84' lang='lat' dir='ltr'><strong>Pasce</strong></span> <span class='ocrx_word' id='word_1_244' title='bbox 277 2473 337 2523; x_wconf 86' lang='lat' dir='ltr'><strong>lame</strong></span> <span class='ocrx_word' id='word_1_245' title='bbox 350 2473 498 2536; x_wconf 87' lang='lat' dir='ltr'><strong>morientem,</strong></span> <span class='ocrx_word' id='word_1_246' title='bbox 509 2473 614 2536; x_wconf 87' lang='lat' dir='ltr'><strong>quoniam</strong></span> <span class='ocrx_word' id='word_1_247' title='bbox 629 2473 650 2531; x_wconf 86' lang='lat' dir='ltr'><strong>si</strong></span> <span class='ocrx_word' id='word_1_248' title='bbox 659 2488 704 2525; x_wconf 91' lang='lat' dir='ltr'><strong>non</strong></span> <span class='ocrx_word' id='word_1_249' title='bbox 714 2475 819 2538; x_wconf 81' lang='lat' dir='ltr'><strong>paveris,</strong></span> <span class='ocrx_word' id='word_1_250' title='bbox 829 2477 960 2528; x_wconf 82' lang='lat' dir='ltr'><strong>occidistis</strong></span> 
     </span>
     <span class='ocr_line' id='line_1_32' title="bbox 164 2543 961 2610; baseline 0.004 -16"><span class='ocrx_word' id='word_1_251' title='bbox 164 2543 224 2608; x_wconf 79' lang='lat' dir='ltr'><strong>Ergo</strong></span> <span class='ocrx_word' id='word_1_252' title='bbox 247 2543 329 2608; x_wconf 84' lang='lat' dir='ltr'><strong>aliquis</strong></span> <span class='ocrx_word' id='word_1_253' title='bbox 346 2547 423 2608; x_wconf 88' lang='lat' dir='ltr'><strong>potest</strong></span> <span class='ocrx_word' id='word_1_254' title='bbox 443 2544 611 2610; x_wconf 75' lang='lat' dir='ltr'><strong>eleemosynam</strong></span> <span class='ocrx_word' id='word_1_255' title='bbox 626 2545 699 2597; x_wconf 87' lang='lat' dir='ltr'><strong>tacere</strong></span> <span class='ocrx_word' id='word_1_256' title='bbox 717 2545 742 2596; x_wconf 92' lang='lat' dir='ltr'><strong>in</strong></span> <span class='ocrx_word' id='word_1_257' title='bbox 765 2545 843 2610; x_wconf 82' lang='lat' dir='ltr'><strong>aliquo</strong></span> <span class='ocrx_word' id='word_1_258' title='bbox 863 2561 918 2600; x_wconf 88' lang='lat' dir='ltr'><strong>caso</strong></span> <span class='ocrx_word' id='word_1_259' title='bbox 939 2548 961 2597; x_wconf 86' lang='lat' dir='ltr'><strong>te</strong></span> 
     </span>
     <span class='ocr_line' id='line_1_33' title="bbox 166 2614 365 2682; baseline -0.005 -16"><span class='ocrx_word' id='word_1_260' title='bbox 166 2615 226 2666; x_wconf 79' lang='lat' dir='ltr'><strong>male</strong></span> <span class='ocrx_word' id='word_1_261' title='bbox 238 2614 365 2682; x_wconf 85' lang='lat' dir='ltr'><strong>acquisitis.</strong></span> 
     </span>
    </p>
   </div>
   <div class='ocr_carea' id='block_1_5' title="bbox 165 2767 960 2901">
    <p class='ocr_par' dir='ltr' id='par_1_8' title="bbox 165 2767 960 2901">
     <span class='ocr_line' id='line_1_34' title="bbox 202 2767 960 2836; baseline 0.005 -20"><span class='ocrx_word' id='word_1_262' title='bbox 202 2769 234 2831; x_wconf 80' lang='lat'><strong>(1)</strong></span> <span class='ocrx_word' id='word_1_263' title='bbox 248 2772 327 2819; x_wconf 84' lang='lat' dir='ltr'><strong>Deliis</strong></span> <span class='ocrx_word' id='word_1_264' title='bbox 342 2767 411 2818; x_wconf 87' lang='lat' dir='ltr'><strong>etism</strong></span> <span class='ocrx_word' id='word_1_265' title='bbox 422 2773 469 2828; x_wconf 81' lang='lat' dir='ltr'><strong>IV,</strong></span> <span class='ocrx_word' id='word_1_266' title='bbox 479 2771 558 2823; x_wconf 74' lang='lat' dir='ltr'><strong>Sasu,</strong></span> <span class='ocrx_word' id='word_1_267' title='bbox 569 2773 622 2819; x_wconf 86' lang='lat' dir='ltr'><strong>dist.</strong></span> <span class='ocrx_word' id='word_1_268' title='bbox 636 2772 666 2818; x_wconf 79' lang='lat' dir='ltr'><strong>ts</strong></span> <span class='ocrx_word' id='word_1_269' title='bbox 692 2774 771 2836; x_wconf 68' lang='lat' dir='ltr'><strong>qut,</strong></span> <span class='ocrx_word' id='word_1_270' title='bbox 784 2780 830 2820; x_wconf 86' lang='lat' dir='ltr'><strong>urt.</strong></span> <span class='ocrx_word' id='word_1_271' title='bbox 842 2775 873 2836; x_wconf 79' lang='lat' dir='ltr'><strong>t,</strong></span> <span class='ocrx_word' id='word_1_272' title='bbox 886 2786 960 2834; x_wconf 81' lang='lat' dir='ltr'><strong>quss-</strong></span> 
     </span>
     <span class='ocr_line' id='line_1_35' title="bbox 165 2807 956 2901; baseline 0.001 -22"><span class='ocrx_word' id='word_1_273' title='bbox 165 2835 239 2881; x_wconf 87' lang='lat' dir='ltr'><strong>tluno.</strong></span> <span class='ocrx_word' id='word_1_274' title='bbox 254 2835 270 2878; x_wconf 70' lang='grc' dir='ltr'><strong>Ξ</strong></span> <span class='ocrx_word' id='word_1_275' title='bbox 288 2840 312 2880; x_wconf 90' lang='lat' dir='ltr'><strong>et</strong></span> <span class='ocrx_word' id='word_1_276' title='bbox 321 2831 350 2890; x_wconf 66' lang='grc' dir='ltr'><strong>ὃς</strong></span> <span class='ocrx_word' id='word_1_277' title='bbox 365 2840 389 2880; x_wconf 89' lang='lat' dir='ltr'><strong>et</strong></span> <span class='ocrx_word' id='word_1_278' title='bbox 400 2833 526 2891; x_wconf 71' lang='lat' dir='ltr'><strong>Quodls‘t„</strong></span> <span class='ocrx_word' id='word_1_279' title='bbox 538 2837 594 2896; x_wconf 77' lang='grc' dir='ltr'><strong>ΧΠ,</strong></span> <span class='ocrx_word' id='word_1_280' title='bbox 610 2843 654 2884; x_wconf 81' lang='lat' dir='ltr'><strong>ert.</strong></span> <span class='ocrx_word' id='word_1_281' title='bbox 664 2807 706 2898; x_wconf 51' lang='lat'><strong>49,</strong></span> <span class='ocrx_word' id='word_1_282' title='bbox 718 2850 761 2885; x_wconf 89' lang='lat' dir='ltr'><strong>seu</strong></span> <span class='ocrx_word' id='word_1_283' title='bbox 771 2849 813 2897; x_wconf 79' lang='lat' dir='ltr'><strong>qu.</strong></span> <span class='ocrx_word' id='word_1_284' title='bbox 828 2838 869 2901; x_wconf 82' lang='lat'><strong>18,</strong></span> <span class='ocrx_word' id='word_1_285' title='bbox 884 2837 956 2888; x_wconf 75' lang='lat' dir='ltr'><strong>ortt.</strong></span> 
     </span>
    </p>
   </div>
   <div class='ocr_carea' id='block_1_6' title="bbox 0 0 1001 3317">
    <p class='ocr_par' dir='ltr' id='par_1_9' title="bbox 0 0 1001 3317">
     <span class='ocr_line' id='line_1_36' title="bbox 0 0 1001 3317; baseline 0 0"><span class='ocrx_word' id='word_1_286' title='bbox 0 0 1001 3317; x_wconf 95' lang='lat' dir='ltr'><strong> </strong></span> 
     </span>
    </p>
   </div>
   <div class='ocr_carea' id='block_1_7' title="bbox 995 1514 996 2565">
    <p class='ocr_par' dir='ltr' id='par_1_10' title="bbox 995 1514 996 2565">
     <span class='ocr_line' id='line_1_37' title="bbox 995 1514 996 2565; baseline 0 0"><span class='ocrx_word' id='word_1_287' title='bbox 995 1514 996 2565; x_wconf 95' lang='lat' dir='ltr'><strong> </strong></span> 
     </span>
    </p>
   </div>
  </div>
 </body>
</html>
