1992 3317
109 148 155 198 tea
241 157 494 211 scemmemcuuce,
512 140 768 211 cunnensium
882 114 895 143 ⁰

409 325 572 378 marcatus
584 326 603 377 1.

298 442 384 495 Utrdm
399 442 516 498 contemto
525 442 558 487 uit
576 445 643 487 uotae
650 442 718 501 fidei.

140 561 173 612 td
184 560 283 625 primum
297 560 330 611 cic
347 558 475 625 proceditur
483 559 528 623 (tt.
544 559 638 610 Videtur
653 558 713 623 quod
732 558 848 613 confessio
865 574 914 614 non

108 632 139 683 eit
151 635 216 682 ectus
228 631 288 682 tidei.
300 632 351 682 Noc
367 630 429 681 enim
441 630 503 682 idem
515 636 579 680 actus
595 630 693 695 pertinet
705 630 733 681 ad
744 630 847 684 diuersas
861 634 912 685 uir·

107 707 177 754 tutes.
195 704 237 754 Sed
257 702 372 754 confessio
384 701 485 766 pertinet
498 702 528 751 ad
544 702 711 767 paenitentiam,
731 702 798 767 cujus
816 705 914 769 ponitur

109 787 170 839 pars.
182 774 240 838 Ergo
252 777 344 824 nonest
359 777 423 823 actm
435 773 496 825 ddei.

139 848 161 895 2
178 847 303 909 Praeterea,
313 844 542 910 edhmquddhomu
552 844 685 896 confiteatur
695 844 915 909 intemperantior

107 916 219 969 interdurn
228 928 270 980 per
279 917 383 969 timorem
393 916 445 979 ‚net
455 916 524 965 etium
537 920 628 981 propter
639 916 736 981 aliquem
748 916 893 969 catusionem
905 938 912 971 :

108 990 167 1039 unde
176 991 199 1038 et
208 989 340 1053 Apostotus,
349 988 385 1039 ud
395 988 495 1052 tipice..
509 988 561 1052 ult,
572 987 627 1051 petit
638 988 695 1038 orari
706 998 746 1051 pm
756 1000 790 1049 se,
804 991 913 1043 uidetur

107 1059 151 1110 sini
167 1074 242 1111 «cnm
264 1059 345 1111 fiducia
359 1062 438 1110 notum
452 1058 529 1109 iecere
543 1059 676 1123 mysterium
692 1058 818 1123 Evangelii.
836 1076 851 1109 a
866 1062 916 1115 Sed

108 1144 154 1181 nou
171 1134 275 1183 recedere
289 1131 303 1182 i
318 1131 379 1181 nono
392 1134 485 1195 propter
498 1126 707 1181 confusionem‘vel
720 1129 842 1195 timorem,
858 1146 915 1199 per-

107 1203 164 1253 tinet
178 1204 206 1253 ad
220 1202 438 1265 fortitudinemque
449 1202 577 1252 moderatur
586 1200 689 1251 audacius
699 1204 722 1251 et
734 1201 839 1253 timores.
850 1204 916 1269 Ergo

106 1273 196 1326 uidetur
206 1273 385 1339 quddcontessio
394 1286 442 1325 non
450 1274 481 1324 sit
490 1274 556 1324 actus
565 1272 672 1335 fidei,red
681 1272 753 1336 nugis
761 1272 915 1329 tortitudinis

104 1346 142 1397 uel
156 1345 298 1397 constantie.
560 1405 566 1408 .

138 1422 160 1467 3.
175 1418 300 1481 Preterea,
313 1418 372 1468 sicot
387 1431 429 1481 per
445 1418 498 1469 fidei
517 1416 628 1469 terrorem
647 1415 763 1467 inducitur
778 1417 866 1483 aliquis
882 1424 914 1475 ad

106 1490 257 1541 condiendum
270 1490 338 1540 fldem
351 1488 464 1551 eximiis,
480 1490 514 1539 itu
527 1489 596 1541 etiam
610 1488 722 1539 inducitur
736 1489 824 1539 adalia
842 1494 914 1545 exte·

105 1562 164 1612 mura
173 1562 231 1613 bona
240 1574 309 1627 opere
318 1561 433 1625 iaciende3
445 1561 597 1612 diciturenim
610 1560 708 1621 Gutum,
717 1558 745 1621 V,
754 1559 814 1625 qudd
825 1578 840 1609 n
848 1562 914 1617 tides

105 1633 302 1698 perdilectionem
318 1636 430 1699 operatur.
445 1649 459 1680 >r
473 1632 517 1683 Sed
529 1632 572 1682 ulia
582 1631 692 1683 exteriora
704 1642 772 1697 opera
791 1644 843 1683 non
863 1650 912 1700 pc·

106 1709 191 1756 unnim
204 1709 268 1756 actus
278 1706 339 1757 fidei.
357 1706 417 1768 Ergo
430 1704 500 1755 etiam
512 1716 585 1767 neque
598 1703 718 1754 confession

136 1778 179 1827 Sed
195 1783 274 1829 contra
286 1781 338 1841 est,
350 1778 409 1841 quod
422 1776 451 1827 11.
466 1776 502 1825 cd
516 1774 630 1834 Thessal„
642 1775 667 1839 Ι,
679 1786 748 1839 super
760 1774 816 1826 iliud
829 1792 835 1825 :
854 1778 915 1831 «Et

106 1849 224 1913 opustidei
236 1849 259 1899 io
270 1850 391 1913 uincam»
411 1848 466 1899 dicit
477 1845 557 1898 Glossa
573 1863 578 1895 :
596 1845 648 1897 «ld
663 1850 709 1910 est,
725 1842 912 1917 contessionem,

106 1935 156 1987 qum
172 1921 264 1985 proprie
277 1925 312 1972 est
325 1934 382 1985 opus
396 1920 456 1972 fidei.
468 1937 482 1967 a

137 1994 295 2059 (Concessio.
313 2020 345 2031 -
361 1994 425 2045 Sicut
437 1992 531 2044 interior
543 1994 666 2056 conceptus
683 2002 760 2042 eorum
777 2006 829 2056 que
850 1994 915 2049 tidei

106 2070 172 2127 sunt,
188 2068 223 2116 est
232 2065 323 2130 pmprie
334 2066 385 2117 tidei
401 2070 478 2130 actus,
492 2064 524 2117 ita
535 2066 664 2116 eorumdem
674 2064 772 2115 exterior
784 2066 911 2123 confessio

105 2151 162 2203 opus
181 2137 234 2189 ndei
247 2138 307 2201 est.)

133 2209 268 2274 Respondeo
286 2209 420 2273 dicendum,
434 2208 495 2274 quod
513 2210 576 2259 actus
590 2208 712 2259 exteriores
729 2206 792 2257 iltius
809 2208 915 2267 virtutis

103 2280 194 2346 proprie
207 2285 261 2331 sunt
274 2285 346 2343 actus,
361 2282 389 2331 ad
401 2281 466 2345 cnjus
476 2280 535 2331 fines
548 2278 671 2331 secundnm
685 2278 781 2343 speciem
795 2279 911 2336 referun-

102 2357 151 2413 tur,
166 2352 225 2403 sicut
235 2352 342 2416 jejunare
355 2352 479 2404 secunddm
493 2366 557 2403 suain
570 2352 669 2417 speciem
681 2351 777 2402 refertor
791 2353 912 2411 adfinem

102 2423 319 2487 castrametemur
341 2428 376 2475 est
395 2437 540 2489 compescere
557 2427 648 2475 carnem
664 2438 670 2473 :
685 2431 708 2473 et
721 2422 772 2473 idco
786 2426 822 2474 est
837 2431 912 2483 actus

102 2495 252 2547 abstinentiae.
264 2496 383 2548 Confessio
395 2500 470 2547 entem
486 2510 565 2547 acrum
579 2510 629 2559 qne
642 2499 695 2547 suut
705 2494 758 2545 fidei
772 2498 912 2553 secundnm

102 2579 166 2619 anem
182 2567 280 2631 speciem
297 2568 421 2628 ordinatur,
432 2568 491 2618 sicut
505 2568 532 2617 ad
543 2566 625 2628 tinem,
640 2566 668 2617 ad
680 2566 701 2617 id
712 2566 771 2631 qnod
782 2570 818 2619 est
832 2570 911 2639 fidei,

101 2637 226 2689 secunddm
235 2638 289 2689 iliud
299 2640 328 2689 lt.
342 2639 377 2689 cd
388 2640 456 2697 Gora,
469 2638 498 2689 lv
510 2655 515 2689 :
528 2639 662 2689 «Habentes
676 2640 780 2690 cumdem
791 2640 910 2704 spiritum

102 2706 169 2773 ndei,
178 2710 299 2776 credimus,
308 2715 400 2777 propter
409 2711 469 2775 quod
484 2714 508 2762 et
520 2710 644 2775 lcquimm3
655 2726 669 2759 n
679 2708 776 2762 exterior
789 2710 856 2763 enim
869 2715 912 2769 lo·

135 2825 166 2890 (t)
181 2832 215 2876 lta
225 2830 262 2877 tric
271 2832 342 2877 etiam
351 2832 394 2888 iv,
405 2829 482 2880 Serri„
497 2830 554 2877 diat.
567 2828 611 2889 17,
630 2836 671 2888 qn·
683 2832 707 2893 d,
719 2834 766 2879 ert.
786 2830 814 2893 2,
826 2843 916 2893 qums.

28 2920 32 2925 -
90 2886 640 2955 'unmc.a‚errnnom.,x‚trrr.n,cota
