1992 3317
302 262 334 297 nn
349 258 493 297 moduinus
509 260 613 299 sinuum.
828 258 858 305 st

77 328 142 405 gunfis
153 334 180 381 'et
192 333 294 387 remissio
313 337 388 401 culpae
403 336 508 387 dicuntur
521 350 549 388 ex
565 340 628 402 parte
642 338 687 390 Dei
699 338 847 404 justificantis
851 381 860 407 ,

75 401 119 451 nien
133 404 203 456 udins
213 411 301 458 nomene
315 408 383 471 prior
398 409 436 457 esi
448 408 524 469 gratie
537 408 634 471 infusio,
646 424 714 473 quem
732 412 803 477 culpae
822 426 859 464 re·

76 472 149 524 nisio
160 477 200 527 Sed
210 478 230 527 si
245 482 367 529 sumantur
379 491 407 529 ea
423 482 538 541 quesunt
552 494 581 530 ex
591 484 653 545 parte
667 482 767 533 hominis
775 484 861 547 justiti·

75 544 122 607 ceti,
133 547 189 599 estd
204 562 326 613 converso3
342 562 396 599 nam
408 549 473 612 prius
486 554 522 600 est
540 552 617 602 ordine
629 556 716 603 nntium
730 554 834 605 liberatio
847 556 861 605 i

74 616 127 679 culpo
137 632 198 681 quam
206 621 341 672 consecutio
353 619 432 684 gratim
440 620 594 683 justificantis.
609 622 649 673 Vei
659 628 735 687 potest
746 625 789 674 dici
800 627 859 689 qnod

74 688 150 736 termini
157 690 325 753 justificationis
334 694 391 741 sunt
403 692 470 755 ecilpa
482 692 541 743 sient
555 696 571 744 d
585 708 646 759 poe,
661 698 684 745 et
698 694 789 759 justitie
800 696 860 747 sieut

73 757 103 807 nd
114 775 195 826 qnenn;
209 764 282 827 guntin
301 776 357 814 vero
377 767 414 813 est
430 776 500 812 ceusu
518 764 659 815 remissionis
672 766 745 829 culpo
756 770 780 816 et
791 768 860 831 adep-

73 828 133 881 tionis
145 833 246 896 justitiae.
733 831 736 835 ’

98 902 126 952 td
136 908 256 957 secundum
270 908 407 968 dicendum,
423 907 483 969 quood
502 906 622 971 dispositio
635 906 734 971 subjecti
751 907 859 971 pcaecedit

72 976 218 1039 susceptionem
237 980 318 1030 tonnae
339 978 418 1028 ordine
433 980 532 1041 neturae3
548 977 649 1040 sequitur
660 980 737 1027 temen
747 980 859 1031 actionem

73 1047 157 1107 egentis,
169 1064 209 1113 per
222 1065 293 1114 quam
304 1050 374 1100 etiam
384 1050 459 1113 ipsum
471 1049 600 1113 subjeetum
616 1048 742 1113 disponitur
755 1064 760 1098 ι
776 1054 798 1099 ει
806 1051 859 1102 ideo

72 1119 134 1168 notus
147 1119 209 1171 libeni
229 1120 321 1171 arbitrii
338 1124 425 1170 nntnrae
446 1119 523 1170 ordine
548 1118 654 1183 procedit
678 1120 858 1172 consecutionem

68 1188 146 1251 tritis,
164 1193 268 1257 sequntur
284 1196 361 1243 nutem
380 1190 459 1255 gratim
472 1190 621 1241 infusionem.

92 1262 120 1311 td
135 1264 226 1315 tertium
239 1265 377 1326 dicendum,
393 1260 452 1325 quid
472 1262 529 1312 sieut
551 1260 703 1326 Philosophus
717 1260 772 1313 dieit
790 1262 815 1313 iu
827 1265 856 1313 ll.

65 1329 130 1397 Ptps.
140 1336 204 1400 (tent.
223 1336 276 1400 89),
290 1352 305 1382 n
317 1334 454 1385 inmotibus
463 1334 542 1395 nunni,
556 1334 648 1385 omnino
661 1336 767 1399 precedit
782 1338 857 1388 motus

65 1403 84 1451 in
97 1406 226 1468 principium
245 1406 425 1471 speculationis,
445 1406 482 1455 vel
495 1405 521 1455 in
539 1406 607 1455 tinem
627 1407 735 1470 aetionis3
747 1424 760 1455 n
778 1408 859 1457 sedin

66 1479 197 1529 extenoribus
206 1480 323 1539 motibus,
332 1477 430 1529 remotio
442 1477 598 1541 impedimenti
614 1478 719 1541 praecedit
734 1478 858 1530 assecutio·

66 1560 106 1597 nen
119 1549 184 1615 tinis3
196 1554 220 1602 et
234 1550 292 1613 quio
303 1554 388 1600 motus
396 1548 463 1599 libeni
476 1548 563 1599 arbitrii
570 1552 606 1599 est
620 1549 783 1614 mutuemini,
795 1549 858 1615 prius

64 1623 137 1673 nutum
148 1622 227 1673 ordine
243 1624 350 1671 mouetur
362 1620 388 1669 io
404 1620 480 1669 Deum
493 1620 551 1671 sient
562 1620 587 1669 in
601 1620 683 1685 tinem,
696 1634 764 1685 qnam
781 1620 809 1671 ad
823 1633 859 1669 re-

64 1692 184 1746 nnuendum
193 1692 389 1758 impedimentum
401 1690 497 1755 peccati.

341 1859 507 1913 sustentus
530 1862 569 1913 lx.

135 1986 374 2045 ntromjnstineatio
383 1984 453 2042 impii
463 1985 496 2030 sit
506 1986 638 2031 monimum
648 1998 705 2043 opius
720 1986 773 2031 Dei.

87 2114 118 2165 nd
130 2128 216 2168 nouom
230 2116 268 2167 sic
280 2115 414 2181 proceditur
421 2114 464 2180 (η.
473 2114 569 2164 Videtur
581 2115 639 2178 qnod
650 2112 781 2177 justificatio
793 2113 859 2177 impii

62 2198 100 2234 iton
119 2190 148 2238 sit
160 2190 288 2239 maximnm
305 2199 364 2251 opus
380 2185 434 2236 Dei.
450 2186 494 2235 Per
511 2185 696 2249 justificationem
713 2183 775 2235 euim
791 2184 857 2249 irnpii

62 2260 196 2323 consequitur
207 2260 294 2323 ntiqnis
306 2258 403 2321 gentiani
422 2256 474 2307 vie.
490 2257 535 2306 Sed
556 2270 596 2319 per
607 2255 789 2319 glorificationem
801 2270 856 2305 eun·

61 2330 153 2392 sequitur
171 2332 255 2396 siquis
269 2330 365 2395 mutiam
379 2328 476 2393 patric,
488 2342 539 2391 once
559 2328 631 2391 major
647 2330 689 2377 est.
703 2328 762 2391 tingo
774 2326 857 2389 glorifi-

63 2400 114 2449 catio
123 2405 256 2467 angelorum
266 2404 303 2453 net
313 2401 445 2462 hominnm,
455 2404 489 2449 est
499 2400 573 2463 noejus
582 2412 639 2463 opus
650 2411 716 2463 quem
725 2397 858 2463 justificatio

63 2483 125 2536 impu.

59 2601 150 2656 Ennea..
163 2607 197 2661 V,
209 2604 314 2650 versit:
329 2603 417 2648 Erotis
427 2600 561 2657 aliqnando
573 2598 689 2647 tenebre,
701 2600 858 2643 noscentem

59 2662 102 2707 iux
112 2667 141 2712 in
150 2668 265 2713 Βοειίειο.
284 2666 328 2712 Ubi
342 2664 506 2711 Theodorems
519 2681 525 2708 :
539 2664 570 2708 nt
589 2662 694 2708 notionis
711 2661 766 2707 estin
778 2660 858 2717 porti·

58 2729 127 2784 cipes,
140 2735 162 2775 ει
176 2729 330 2781 mentimini
342 2727 456 2785 Spiritus
467 2726 575 2783 pretium
590 2724 724 2782 accepistis.

90 2796 118 2856 (i)
131 2802 163 2846 Ite
177 2802 213 2847 his
227 2801 300 2846 ctiam
311 2799 387 2856 iniri,
399 2798 442 2843 ΙΙΙ.
454 2802 524 2855 punt,
540 2808 579 2853 qu.
591 2793 636 2852 te,
649 2800 693 2840 snt.
706 2794 735 2851 d,
751 2792 779 2838 nd
793 2792 819 2843 23
835 2794 859 2833 ut

60 2863 82 2901 ct
93 2862 136 2919 IV,
146 2864 225 2914 Soet,
239 2864 294 2910 dist.
306 2861 352 2920 17,
367 2873 409 2918 qu.
424 2856 453 2917 1,
468 2864 512 2903 ort.
523 2858 547 2917 5,
559 2858 697 2914 questione.
709 2854 721 2899 t
732 2888 738 2911 ‚
751 2854 780 2899 nd
793 2852 819 2903 is
835 2854 859 2893 et

55 2923 108 2966 dist.
118 2923 159 2985 te,
174 2938 213 2983 qn.
224 2926 253 2986 2,
269 2932 314 2973 aut.
326 2924 338 2970 i
348 2958 355 2984 ,
366 2922 505 2980 questione.
516 2920 539 2983 3,
553 2920 581 2967 nd
592 2918 620 2973 ῖς
634 2924 657 2965 et
668 2918 692 2963 iu
702 2916 786 2964 teon„
796 2912 856 2967 XIV,

55 2986 109 3032 ieet.
119 2987 143 3048 i,
158 2990 202 3035 eol.
214 2988 238 3035 1.
