1992 3317
309 175 343 213 tt!
359 171 512 215 mmm
526 174 608 219 tim.
814 168 858 221 188

50 268 96 304 non
109 254 193 304 hahuit
209 254 235 303 iu
246 253 322 318 primo
331 257 395 303 statu
405 254 517 318 angelice
531 256 680 319 conditionis,
691 262 731 308 aut
745 261 858 325 horreum

50 341 96 377 unu
107 327 173 379 euim
185 331 238 377 erat
251 326 284 377 ibi
297 326 390 376 auditne
404 327 433 376 alr
445 328 498 378 alio.
510 329 567 391 lingo
577 330 632 381 tides
646 330 670 379 iu
688 334 748 381 statu
763 332 802 382 illo
810 346 858 384 non

49 405 97 449 erat
110 412 189 463 neque
204 399 232 449 in
245 398 348 458 homine,
364 410 440 461 neque
453 398 479 447 tn
492 402 581 463 angelo.

81 472 218 522 sedconm
235 473 272 521 est
280 508 289 534 ,
303 469 366 533 quod
380 471 506 535 Apostolus
518 473 572 523 dicit
585 474 622 523 orl
634 474 719 535 Hebe,
729 477 777 526 lll·
791 480 858 528 ‹ric-

52 545 172 593 cedentem
189 544 220 593 ad
232 544 306 593 lterum
324 546 418 607 oportet
436 544 562 594 credere.»
582 546 625 596 Sed
642 548 735 611 angelus
751 551 774 597 el
787 551 856 601 homo

36 617 78 665 .in
93 614 127 665 sui
145 615 221 679 prima
243 615 376 666 conditione
394 618 460 665 eraut
474 615 500 664 tu
516 620 576 667 statu
593 619 713 669 accedendi
731 622 758 671 ad
775 622 854 673 lleum.

51 689 110 751 Ergo
121 688 165 737 lide
180 686 329 750 indigebant.

79 761 89 821 (
95 760 245 811 wanno.
252 757 351 809 -Crim
361 759 457 823 angelus
470 762 523 809 aute
534 761 738 826 confirmationem,
748 766 771 814 et
783 764 855 816 tomo

46 835 100 881 ante
109 834 238 895 pecatum·
246 844 300 881 eam
309 830 476 881 beatitudiuem
488 844 534 882 uon
550 832 729 896 tenuerintque
743 836 807 885 Deus
815 849 856 900 per

46 902 176 952 essentiam
182 902 279 966 ridetur,
288 901 510 964 necessariumTuit‚
521 903 623 965 nnumin
633 904 678 953 Dei
687 906 757 967 gretia
767 911 855 971 essent,

45 973 102 1023 illos
118 974 188 1023 ltdem
200 974 316 1023 tmoisse.
330 973 340 1037 l

79 1046 216 1109 despondeo
225 1046 364 1108 dicendum,
378 1045 438 1109 qndd
453 1045 547 1109 quidam
559 1047 647 1109 dicuni,
661 1046 721 1110 quod
733 1047 758 1097 iu
770 1050 856 1112 angelis

43 1122 100 1168 ante
109 1117 311 1170 confirmationem
321 1119 346 1167 et
358 1117 465 1180 lapsum,
477 1120 503 1166 et
514 1117 539 1166 in
551 1118 643 1169 nomine
658 1120 712 1167 ante
726 1122 853 1182 peccatum,

42 1205 87 1240 uon
102 1190 147 1239 tuit
160 1190 232 1251 tideo,
242 1192 338 1253 propter
348 1189 495 1239 manifestam
507 1190 724 1255 contemplationem
738 1201 789 1255 quc
802 1194 857 1241 tuuc

42 1266 91 1312 erat
104 1262 134 1311 de
150 1262 222 1311 rebus
240 1260 336 1311 diuinis.
350 1261 396 1310 Sed
410 1273 463 1309 cum
478 1260 508 1310 sit
522 1266 707 1325 «argumentum
721 1276 768 1313 uon
784 1276 856 1328 appa·

42 1334 155 1394 rentium,
172 1350 188 1380 r
200 1333 330 1383 seeundum
345 1333 494 1395 Apostolum,
513 1336 536 1381 el
549 1346 590 1396 per
606 1335 673 1384 fidem
689 1335 811 1385 credantur
828 1346 854 1385 ea

45 1418 98 1466 qum
111 1418 157 1454 non
169 1404 296 1467 videntur,
310 1406 337 1453 ut
348 1404 489 1467 Augustinus
509 1404 563 1453 dicit
578 1404 635 1465 (ubi
648 1409 739 1469 supra),
754 1406 792 1455 illa
807 1406 854 1455 sola

46 1474 201 1527 manifestatio
213 1474 319 1527 excludit
331 1474 385 1525 lidei
398 1474 510 1524 rationem
520 1513 526 1536 ‚
537 1488 577 1539 per
587 1488 654 1539 quum
665 1478 766 1527 redditur
775 1490 855 1540 oppa-

43 1563 115 1603 recs,
128 1549 168 1598 rel
179 1549 283 1602 cirum,
294 1546 319 1596 ld
332 1548 361 1596 de
373 1558 419 1609 quo
429 1545 585 1609 principaliter
597 1550 632 1597 est
645 1547 710 1597 tides.
723 1547 851 1609 Principale

41 1625 120 1668 antem
138 1620 258 1683 objectum
275 1618 330 1668 fidei
345 1623 383 1668 est
404 1618 491 1667 veritas
510 1619 596 1681 prima,
617 1618 685 1681 cujus
704 1616 762 1667 risio
776 1617 855 1668 beatos

40 1691 110 1754 tacit,
120 1695 145 1741 et
154 1690 211 1741 tirtel
221 1690 335 1740 succedit.
346 1690 405 1739 Cum
414 1702 470 1751 ergo
479 1690 574 1751 angelus
584 1692 637 1739 ante
649 1688 853 1749 confirmationem,

40 1767 63 1813 et
75 1766 147 1815 lromo
159 1766 217 1813 aute
228 1764 351 1825 peccatum
364 1774 411 1811 non
421 1760 543 1811 inbuerint
557 1760 618 1809 illam
638 1758 799 1810 beatitudinem
811 1774 854 1823 qua

39 1837 100 1886 Deus
114 1846 159 1900 per
173 1833 302 1885 &sentiam
317 1832 426 1893 ridetur,
438 1831 584 1882 manifestum
595 1835 630 1882 est
641 1830 702 1896 rpudd
715 1844 761 1881 non
774 1831 854 1882 hahuit

38 1909 70 1955 sic
88 1907 241 1957 manifestam
267 1903 439 1967 cognitionem,
459 1902 525 1965 quod*
538 1904 695 1954 excluderetur
714 1903 772 1953 ratio
790 1902 851 1953 fidei.

42 1981 105 2029 lude
115 1979 181 2042 qnod
195 1990 242 2027 non
254 1976 363 2025 habuerit
373 1976 459 2035 fidem,
472 1975 517 2024 troc
529 1988 634 2025 essenon
645 1974 732 2037 potuit,
745 1973 790 2025 nisi
799 1974 853 2039 quia

43 2051 135 2114 penitus
149 2052 175 2101 ei
187 2054 239 2099 erat
252 2048 357 2111 ignotum
367 2048 391 2097 id
403 2048 433 2097 de
446 2060 492 2109 quo
503 2049 539 2097 ost
550 2047 613 2097 ides.
629 2046 678 2097 lttsi
690 2049 759 2097 homo
772 2051 795 2097 et
814 2059 853 2097 au-

40 2126 104 2174 ectus
121 2124 223 2173 ineunt
235 2120 308 2170 creati
321 2120 347 2169 in
360 2118 425 2183 puris
439 2118 594 2178 naturalibus,
613 2122 639 2167 ut
659 2119 750 2181 quidam
765 2119 852 2181 dicunt,

42 2196 98 2247 torte
112 2196 196 2260 pomet
210 2191 300 2253 teneri,
315 2193 375 2255 quod
389 2191 448 2241 lidos
464 2204 509 2240 non
520 2192 591 2241 luerit
602 2191 626 2241 in
639 2193 719 2255 angelo
732 2194 783 2241 ante
798 2204 850 2242 con-

41 2268 216 2328 firmationem,
233 2277 278 2315 uec
293 2263 319 2313 in
337 2262 431 2313 homine
451 2266 504 2313 ante
523 2268 649 2327 peccatum.
670 2263 774 2327 cognitio
791 2262 852 2313 enim

42 2339 94 2388 ndei
112 2342 150 2390 est
162 2348 237 2400 supra
247 2334 375 2385 mtumlem
389 2333 544 2397 cognitionem
559 2336 587 2385 de
599 2336 658 2398 Deo,
671 2348 716 2385 non
729 2336 801 2385 solum
811 2335 852 2383 tro-

43 2411 124 2473 rninis‚
137 2409 182 2459 sed
195 2406 267 2459 etium
281 2406 366 2469 angeli.
380 2406 424 2456 Sed
434 2406 487 2468 quia
497 2404 521 2455 in
531 2406 605 2469 primo
616 2406 663 2470 jam
674 2406 780 2469 diximus,
791 2404 852 2469 quod

44 2482 112 2532 lromo
128 2486 153 2531 et
168 2480 268 2543 angelus
284 2478 357 2529 crecti
374 2480 429 2528 sunt
442 2490 493 2526 cum
508 2478 567 2529 dono
586 2478 681 2541 gratie,
695 2478 746 2527 ideo
760 2488 851 2527 necesse

43 2560 76 2602 ost
90 2554 168 2604 dicere
184 2552 248 2615 qnod
265 2550 415 2615 pergratiam
431 2552 549 2613 acceptam
565 2554 589 2599 el
600 2550 699 2599 noudum
709 2560 852 2599 consumma·
923 2552 928 2564 ’

45 2631 99 2687 lam,
108 2627 181 2676 luent
190 2625 217 2673 in
229 2623 266 2673 eis
277 2621 395 2673 inchoatio
404 2622 507 2685 quedam
520 2625 614 2685 sperate
628 2620 789 2683 beatitudinis;
800 2632 851 2683 que

44 2698 135 2759 quidem
149 2697 277 2747 inchoatur
293 2694 317 2742 in
335 2695 455 2745 voluntate
471 2706 511 2757 per
529 2706 593 2758 spem
612 2696 635 2743 et
650 2692 797 2752 charitatem,
811 2692 851 2741 sed

46 2771 70 2817 ru
84 2769 204 2819 intellectu
217 2781 261 2832 per
276 2766 361 2829 fldem,
373 2768 401 2815 ut
418 2764 486 2828 sopri
498 2764 583 2815 dictum
603 2766 639 2815 est
650 2766 704 2829 (qu.
719 2767 743 2825 t,
756 2765 798 2811 art.
813 2762 850 2825 t).

44 2844 72 2890 Et
84 2844 247 2893 tdeouecesse
261 2838 381 2890 ostdieere
391 2875 398 2899 ,
410 2837 472 2899 quod
485 2838 580 2900 angelus
594 2839 645 2886 aute
659 2830 853 2885 mndrmalionem

41 2915 121 2964 tabuit
141 2914 264 2976 tidem,et
277 2910 383 2963 similitor
401 2910 473 2960 homo
488 2912 542 2961 unte
562 2910 691 2973 peccatum.
711 2903 758 2955 Sed
777 2904 853 2949 tamen
