1992 3317
135 194 179 241 tto
243 199 354 241 sacuam
370 200 498 249 secunus,
516 168 607 245 quasa.
625 194 697 243 nav,
715 196 770 236 aar.
787 197 821 235 xa.

132 275 193 339 qubd
204 272 317 323 «dilectio
326 272 346 322 si
356 285 403 323 uon
412 274 448 323 est
461 283 525 334 uasa,
533 269 628 321 dilectio
640 269 737 319 dicenda
747 280 795 319 nou
805 272 849 320 est.
861 284 877 316 n
887 268 938 322 Sed

134 346 254 409 sicutipse
267 344 324 394 dicit
336 344 361 394 iu
372 343 439 411 epist.
456 342 491 392 od
501 342 636 393 sationum
651 342 770 390 comitem
785 357 794 390 .·
805 357 820 388 u
830 341 940 393 Charitas

132 430 183 482 quac
197 417 292 467 delicere
301 419 391 479 potest,
401 414 641 479 nunquamrcraiuit.
651 429 666 460 r
681 414 741 476 iirgo
751 426 825 477 neque
834 413 939 465 charitas

132 488 183 538 luit.
194 488 219 537 Si
233 500 287 551 crgo
300 487 399 537 charitas
411 486 480 538 semel
494 486 613 545 habeatnr,
627 497 744 549 nunquam
756 484 876 535 amittitur.

165 564 187 609 3.
203 560 326 619 Praetcrca,
342 556 462 623 Gregorius
476 557 532 607 dicit
545 556 571 606 in
583 556 650 605 hom.
671 558 825 608 pentecostes
834 558 880 618 (uel
890 562 938 621 ab,

134 632 160 681 io
171 630 290 696 Eanum),
302 630 362 695 qubd
372 642 455 681 «amor
465 629 505 680 bei
514 642 595 692 magum
605 627 751 692 opcmtnr,si
762 632 810 691 est;
818 628 840 679 si
851 628 941 679 decinit

132 702 230 767 operari,
241 702 338 753 charitas
347 716 394 753 non
406 704 449 752 ast,
461 716 474 747 o
487 701 531 751 Sed
541 699 617 750 nullus
626 712 708 766 magra
720 700 837 762 opemndo
849 699 938 749 amittit

133 774 273 825 charitatem.
284 775 343 837 Ergo
355 774 374 824 si
386 773 485 824 charitas
495 771 565 831 insit,
576 770 650 821 amitti
662 782 709 820 uon
722 773 806 833 potest.

164 848 187 896 t.
199 848 310 897 Praeterea
318 884 326 910 ‚
335 846 432 897 liberum
446 844 562 895 arbitrium
573 854 620 893 uun
631 842 754 891 inclinatur
763 843 790 891 ad
803 846 936 906 peccatam,

133 916 178 968 nisi
193 928 234 983 par
245 916 336 981 aliquod
352 918 462 967 motivum
473 916 501 965 ad
509 913 660 979 peccandum.
671 912 713 963 sed
724 913 825 963 charitas
833 914 938 965 excludit

132 990 208 1040 omnia
222 990 307 1040 motiva
320 991 347 1039 ad
360 988 519 1053 peccandum,
535 991 560 1037 et
577 996 677 1035 amorem
690 984 727 1034 sui
741 988 765 1035 ct
777 984 937 1050 cupiditatum,

133 1063 156 1111 et
171 1061 280 1126 quidquid
291 1061 352 1111 aliud
365 1058 494 1123 hujusmodi
508 1061 552 1108 ast.
562 1057 623 1120 Ergo
636 1056 735 1107 charitas
745 1056 821 1107 amitti
834 1070 881 1107 utta
892 1072 939 1121 po-

133 1134 184 1183 test.
705 1163 709 1166 Δ

85 1210 92 1222 ·
164 1204 207 1254 Sed
221 1205 300 1253 contra
318 1205 369 1264 cst,
380 1202 441 1264 quod
455 1199 538 1250 dicitur
548 1200 637 1265 Apoc„
651 1202 672 1250 li
687 1214 693 1249 ε
708 1199 806 1250 «timeo
816 1197 938 1251 adiersnm

132 1276 155 1323 te
168 1286 249 1338 pauca,
260 1272 320 1337 qubd
338 1273 436 1336 primam
450 1271 584 1323 charitatem
598 1270 719 1336 reliquisti.
733 1288 747 1319 o

164 1343 318 1407 (Concessio.
335 1354 366 1381 —·
380 1344 522 1406 Quamquam
534 1344 614 1408 patriae
632 1342 743 1405 charitas,
757 1341 798 1392 ubi
814 1342 876 1393 bens
894 1356 938 1408 per

132 1414 256 1464 essentiam
276 1414 381 1477 videtur,
394 1414 468 1465 amitti
489 1415 621 1465 nallatenus
638 1412 726 1479 possit3
741 1412 840 1463 charitas
857 1418 939 1465 tamen

132 1486 192 1551 ria,
205 1487 230 1539 in
242 1488 309 1553 cujus
321 1492 381 1541 statu
392 1488 432 1540 bei
446 1488 546 1541 essentia
559 1501 607 1539 non
619 1486 722 1549 ridctur,
736 1485 810 1537 auat
819 1488 937 1549 peccando

131 1558 241 1623 potest.)
591 1560 595 1563 ’

164 1630 300 1695 Respondet
314 1630 446 1695 dicendum,
461 1628 522 1693 qubd
533 1643 575 1694 per
587 1630 721 1680 charitatem
734 1626 832 1691 Spiritus
841 1632 939 1683 sanctus

132 1700 157 1753 iu
172 1702 239 1755 nobis
249 1702 353 1763 habitat,
364 1706 388 1757 ut
399 1715 428 1752 aa
438 1700 505 1767 supri
514 1701 581 1753 dictis
591 1704 655 1765 patet
664 1701 722 1764 (art.
734 1704 758 1762 2,
769 1702 792 1748 et
801 1703 883 1763 quaest.
894 1705 934 1764 at,

132 1777 176 1824 art.
192 1778 230 1837 i).
245 1774 373 1838 Triplicitar
383 1786 436 1837 erga
446 1786 567 1837 possumus
578 1771 723 1822 conaderara
732 1771 938 1824 charitatemhm

131 1846 199 1896 modo
209 1850 309 1909 exparte
320 1844 418 1909 Spiritus
429 1844 505 1896 sancti
517 1843 630 1895 moveatis
642 1842 741 1894 animam
753 1841 784 1891 ad
795 1842 937 1905 diligendum

131 1917 211 1967 Deum.
224 1918 252 1967 itt
263 1931 291 1968 ex
304 1918 347 1966 hac
356 1920 419 1981 parte
429 1916 530 1969 charitas
540 1915 753 1981 impeccabilitatem
765 1915 835 1975 habet
843 1930 875 1970 ea
887 1916 935 1967 uir-

130 1990 180 2039 tute
191 1987 289 2051 Spiritus
302 1986 385 2047 sancti,
400 1986 440 2051 qui
449 1988 600 2042 iniallibititar
608 1991 714 2052 opemtar
723 1988 885 2052 quodcumque
895 2002 937 2041 ro·

130 2058 206 2110 luerit.
221 2058 286 2110 Uada
298 2058 438 2123 impossibiie
459 2065 492 2111 est
513 2062 562 2111 hec
575 2062 620 2112 duo
634 2060 702 2111 simul
720 2072 774 2111 asso
791 2072 860 2125 vera,
874 2062 937 2125 qubd

131 2130 229 2194 Spiritus
243 2133 335 2180 sauctus
349 2131 405 2181 velit
419 2132 519 2195 aliquem
531 2146 623 2184 morere
636 2133 667 2183 ad
679 2135 757 2183 actum
770 2133 904 2195 absumtis.
913 2139 939 2189 et

130 2200 191 2266 qubd
205 2203 254 2266 ipse
268 2202 400 2255 charitatem
415 2205 504 2255 amitat
519 2206 649 2270 pcccaod03
664 2217 716 2258 aaut
728 2204 814 2258 donum
827 2217 937 2269 pensares

131 2274 210 2333 rsutiae
226 2278 370 2338 computatur
382 2276 442 2326 iuter
454 2277 564 2327 beneficia
578 2277 632 2337 ilci,
648 2294 662 2323 u
671 2275 753 2341 quibus
767 2276 894 2328 certissimi
907 2278 938 2327 li..

130 2342 246 2410 barontus,
257 2344 393 2411 quicumque
413 2348 546 2412 liberantur,
561 2365 575 2395 o
590 2352 615 2398 nt
630 2346 771 2413 hrrgustinus
782 2345 837 2399 dicit
853 2348 878 2399 in
893 2348 937 2404 lib.

133 2415 168 2466 De
183 2416 410 2469 praedestinatione
423 2419 539 2471 sanctor.
554 2420 605 2470 lilio
625 2420 693 2470 modo
707 2423 783 2483 potest
796 2420 940 2476 considerari

130 2487 227 2553 charitas
240 2491 365 2541 secundum
379 2490 492 2557 propriam
503 2492 622 2543 rabonem.
636 2492 665 2542 Et
678 2490 712 2541 sic
725 2491 824 2542 charitas
835 2506 884 2543 nou
891 2507 936 2559 po-

132 2562 175 2626 test
184 2560 283 2624 aliquid,
292 2561 337 2615 uisi
348 2562 371 2613 id
382 2564 444 2629 quod
458 2563 559 2628 pertinet
569 2565 598 2616 ad
610 2562 726 2616 charitatis
735 2564 857 2615 rationem.
870 2564 940 2616 Unde

131 2632 230 2686 charitas
245 2634 307 2686 nullo
322 2636 388 2689 modo
407 2640 483 2703 potest
499 2650 616 2702 peccaro:
634 2636 718 2687 csicm
729 2649 773 2686 nce
785 2636 847 2687 calor
859 2640 938 2701 potest

130 2701 271 2769 infrigidare,
284 2710 307 2758 et
318 2707 378 2758 siem
389 2708 457 2759 etiam
470 2709 582 2774 injustitia
592 2724 638 2761 uon
651 2709 818 2774 potestbouum
828 2708 936 2773 lateran

131 2778 157 2827 nl
171 2777 313 2841 Augustinus
332 2781 388 2831 dicit
406 2782 431 2832 in
442 2782 482 2833 lib.
501 2782 539 2831 De
552 2782 670 2832 Sermone
684 2780 792 2831 Domita
804 2782 832 2830 in
845 2786 938 2831 moon.

131 2847 208 2899 lertio
219 2850 287 2902 modo
295 2854 371 2919 potest
384 2853 521 2908 considerari
531 2853 631 2905 ebaritas
642 2854 745 2917 exparte
753 2851 864 2916 subjecti,
872 2851 935 2916 qaod

132 2922 167 2971 est
177 2919 280 2976 rudibile
290 2922 418 2980 secundum
429 2923 517 2979 arbitrii
526 2924 662 2980 libanium.
671 2923 753 2977 Potest
760 2925 838 2975 auam
846 2923 935 2976 attendi
