1992 3317
143 164 191 217 stc
269 150 378 213 mcum
393 154 525 221 mouns,
540 160 636 215 ouum.
651 148 682 217 a,
699 161 753 205 rur.
771 161 815 204 ru,

144 255 256 315 unimam
269 263 337 314 quum
348 247 419 313 patris
431 245 540 309 minabo,
556 245 626 311 tqno
634 244 702 297 habet
715 256 806 308 corpus.
826 240 884 295 Non
896 254 953 309 crgo

143 328 177 377 ast
194 324 305 388 injustum
317 322 337 371 si
349 320 414 385 pueri
434 319 561 384 judeorum
587 314 713 369 carnalibus
730 315 865 381 parentibus
887 320 954 369 unie-

144 398 231 458 nutu,
244 397 268 444 et
279 395 326 443 lieo
339 406 380 457 per
390 391 529 456 baptismum
541 392 713 441 consecrentur.

175 469 199 515 b.
213 467 338 528 Ροοοοοοο,
348 462 476 528 baptismus
488 460 603 513 efficacior
611 464 647 513 est
659 462 688 511 ad
699 459 795 511 salutem
808 460 881 523 pians
894 474 953 526 pre·

144 537 238 600 dicati03
255 536 309 601 quin
327 548 368 600 per
383 534 520 599 baptismum
541 534 619 584 statim
638 532 724 584 tollitm
741 532 830 595 pcccati
840 535 951 596 macula,

144 612 220 660 matus
233 622 316 672 poenae,
326 610 349 657 et
359 607 459 671 aperitur
466 608 539 670 janna
549 606 609 657 oceli.
619 605 663 657 Sed
676 604 696 655 si
704 603 830 668 periculum
839 603 952 667 sequitur

144 694 174 731 eu
184 678 273 729 delectu
286 676 466 743 predicationis,
482 676 606 741 imputatur
619 674 687 740 siqui
701 687 748 725 non
757 672 913 739 predicavit,
926 680 951 725 ut

144 750 240 804 habetur
260 750 361 811 Ezecb,
380 749 412 799 lli
431 751 455 799 et
467 746 576 809 XXXIII,
591 747 619 799 de
633 760 661 798 ec
675 763 690 795 «
702 746 743 811 qui
761 746 823 797 videt
842 746 951 811 gladium

143 822 290 887 sementem,
306 825 329 873 et
342 833 389 873 non
410 818 539 872 insonuerit
552 821 614 872 tuba.
631 835 646 867 n
660 820 718 884 Ergo
734 816 805 869 muttit
823 818 952 882 magis‚si

140 894 207 963 pueri
217 894 343 959 judeorum
355 894 490 945 damnentur
507 896 599 957 propter
613 891 727 943 deiectum
736 888 857 954 baptismi,
873 888 950 953 impu-

142 968 206 1016 tatur
219 968 248 1017 ud
256 970 374 1033 poecstnru
384 964 419 1019 eis
429 964 469 1032 qui
479 966 601 1032 potuerunt
613 964 730 1031 baptizare
743 965 765 1014 et
778 973 826 1015 nou
841 960 950 1028 baptiza·

143 1042 234 1091 uerunt.

174 1110 218 1162 Sed
240 1114 318 1164 contra
336 1114 386 1175 est,
405 1112 465 1176 quod
482 1109 571 1165 nemini
590 1109 695 1163 fouenda
711 1110 747 1161 est
759 1108 855 1173 iniuria
869 1106 948 1159 Fieret

143 1187 219 1236 autern
230 1184 313 1249 judeis
325 1182 419 1247 injuria,
434 1184 545 1235 sicerum
555 1182 596 1233 ulii
609 1180 788 1247 baptizarentur,
804 1180 841 1231 ais
855 1179 947 1243 inuitis3

142 1257 195 1320 quio
205 1256 335 1307 omitterent
341 1256 381 1321 jus
388 1255 468 1319 patrie
478 1256 599 1321 potestatis
612 1254 637 1306 iu
649 1252 708 1307 filios
716 1255 765 1320 janu
773 1252 863 1306 fideles.
877 1252 944 1319 Ergo,

142 1325 176 1378 eis
191 1327 281 1390 inritis,
298 1339 344 1378 nou
358 1331 412 1377 snut
427 1326 570 1393 baptizandi.

173 1398 333 1462 (Conuunsro.
349 1400 441 1451 -Non
453 1404 508 1451 sunt
528 1400 654 1451 infidelium
669 1400 752 1466 pueri,
766 1398 846 1450 inritis
862 1412 945 1465 paren-

142 1468 211 1532 tibus,
226 1470 363 1537 baptizandi,
378 1471 431 1537 qnia
440 1472 464 1524 id
479 1472 588 1524 Ecclesiae
601 1472 642 1524 bei
653 1472 792 1525 consuetudo
802 1470 827 1521 in
837 1472 946 1523 omnibus
986 1506 987 1509 ,

142 1543 265 1608 mouenda,
282 1556 397 1608 nunquam
409 1544 529 1608 probauit;
544 1544 605 1609 quod
618 1549 642 1595 et
652 1544 749 1609 justitio
762 1544 862 1596 nonnuli
876 1555 944 1608 repu·
986 1562 987 1626 p

142 1618 230 1681 guarel,
247 1619 271 1668 et
282 1616 336 1667 inde
351 1616 407 1668 ides
419 1616 444 1667 in
453 1616 579 1682 periculum
593 1616 671 1668 venire
685 1616 791 1683 posset.)

172 1688 308 1753 Respondeo
324 1688 460 1753 dicendum,
478 1687 538 1753 qubd
555 1689 677 1739 maximam
697 1689 766 1739 habet
785 1689 943 1740 auctoritatem

141 1761 250 1813 Ecclesie
263 1762 411 1825 consuetudo,
422 1774 475 1825 que
484 1773 576 1826 semper
584 1765 621 1813 est
633 1762 658 1811 in
674 1760 779 1813 omuibus
796 1761 940 1821 aemulunda3

141 1834 194 1899 quia
212 1834 235 1885 ei
249 1835 301 1899 ipsa
312 1833 414 1885 doctina
427 1833 587 1885 catholicorum
600 1835 720 1885 Doctorum
733 1834 761 1884 ab
772 1834 879 1885 Ecclesia
891 1846 941 1883 auc·

141 1905 254 1955 mutuum
266 1905 336 1957 habs
347 1922 354 1956 ι
364 1906 424 1959 unde
437 1905 511 1969 magis
523 1906 628 1958 standum
638 1910 674 1957 est
684 1906 812 1957 auctoritati
821 1904 940 1965 Ecclesiae,
985 1916 986 1973 3

141 1975 210 2041 quim
223 1976 349 2028 auctoritati
359 1979 398 2030 uel
407 1977 529 2043 Augustini
538 1978 576 2029 uel
584 1978 718 2045 Ilieronpmi
727 1979 765 2029 vel
777 1978 940 2043 cujuscumque
985 1976 986 2001 l

141 2048 246 2100 doctoris.
261 2048 310 2099 lioc
322 2053 397 2101 autem
410 2050 519 2102 Ecclesiae
531 2064 587 2103 usus
599 2064 716 2115 uunquam
731 2049 810 2101 babuit
827 2050 892 2115 qubd
902 2048 939 2098 tn·
985 2071 986 2086 t

141 2120 240 2170 duorum
254 2118 308 2185 tilii,
322 2120 400 2172 inuitis
417 2121 565 2186 parentibus,
579 2122 755 2188 baptizarentur,
769 2122 877 2187 quanvis
892 2119 940 2169 ine·

139 2190 186 2240 rint
204 2192 322 2243 retroactis
337 2194 477 2259 temporibus
493 2194 559 2245 multi
571 2194 679 2246 catholici
694 2193 808 2259 principes
828 2192 937 2259 potentis·

139 2262 206 2326 muni,
220 2267 246 2313 ut
257 2265 584 2329 consumpsissemus
595 2304 603 2331 ,
617 2266 699 2331 quibus
710 2264 833 2317 lamdiams
848 2264 937 2316 fuerunt

138 2336 275 2387 sanctissimi
287 2336 409 2403 Episcopi,
423 2341 449 2389 ut
459 2339 576 2403 sylvester
590 2338 756 2401 Consentino,
767 2341 791 2389 et
805 2334 936 2389 ambrosius

138 2407 285 2461 Theodosios
299 2411 339 2475 qni
349 2411 411 2462 nullo
421 2412 489 2463 modo
500 2411 698 2475 pratemisissent
711 2412 739 2461 ub
752 2409 785 2461 eis
790 2409 932 2475 impetrare,
984 2454 985 2477 ἶ

138 2481 159 2535 si
172 2483 216 2533 boc
231 2485 291 2533 esset
305 2496 428 2534 consonum
444 2483 537 2535 rationi.
558 2482 589 2535 Et
609 2484 659 2535 idco
680 2482 832 2547 periculosum
849 2482 934 2533 viuum

138 2555 198 2605 banc
207 2555 355 2608 assertionem
365 2555 395 2607 de
408 2567 468 2607 nouo
482 2556 605 2621 inducere,
618 2558 643 2607 nt
653 2558 735 2620 preter
747 2552 932 2607 consuetudinem

137 2626 163 2677 in
180 2626 279 2679 Ecclesia
295 2630 407 2681 baconus
423 2628 582 2691 observatam,
599 2626 836 2694 juramentorum
856 2637 932 2693 paren-

137 2698 209 2763 tibus,
226 2699 267 2749 tilii
276 2700 426 2765 baptizentur.
439 2702 467 2751 Et
475 2702 545 2765 hujus
557 2702 664 2762 ratioest
676 2701 767 2766 duplex.
783 2700 833 2751 Una
845 2698 931 2765 qudem

136 2773 229 2833 propter
243 2770 368 2835 perium
380 2770 433 2821 ildei
442 2788 450 2821 r
460 2771 486 2821 Si
498 2772 561 2823 mm
569 2773 633 2839 pueri
647 2774 748 2825 nonduin
758 2784 827 2823 nsum
841 2766 928 2822 titicus

137 2840 260 2906 bibentes,
276 2842 413 2907 bsptinuur
431 2844 590 2909 mseipoerent,
603 2846 749 2911 postmodun
767 2854 820 2894 cum
834 2844 864 2894 ud
883 2850 930 2907 per

136 2910 218 2969 tectam
230 2917 320 2973 etatem
330 2913 447 2980 renent,
463 2917 492 2972 dc
501 2915 563 2975 iecit
575 2918 672 2983 possess
687 2915 844 2983 speciebus
856 2908 929 2973 sumo
983 2940 984 3002 p
