1992 3317
262 150 298 193 nn
312 143 480 193 mrmrnnrnrn
492 142 522 187 -nn
538 130 656 186 nonumr.
815 130 864 181 stt

58 245 92 295 est
99 236 276 293 immeritum
286 230 375 283 domini
385 229 412 279 in
423 228 461 278 tris
471 239 522 290 qnae
535 224 563 277 ad
580 225 703 273 humanam
720 218 791 270 uitam
810 232 864 282 per·

57 315 142 365 tinent:
155 311 216 362 nont
225 310 252 357 et
262 303 371 355 minister
387 298 481 354 ertitiois
495 302 532 347 est
548 296 720 347 instrumentum
732 289 826 343 artificis
837 289 863 341 in

57 387 90 436 his
105 398 154 449 pon
165 380 287 447 pertinent
301 376 332 425 art
344 372 502 438 operationem
516 368 577 418 artis.
589 367 635 417 Sed
649 366 673 415 in
689 364 772 414 tatibus
786 364 863 427 potest

57 457 123 507 indetis
137 452 227 514 manen
246 446 347 511 subjici,
362 447 461 509 possunt
473 441 534 492 enim
549 439 627 491 fideles
645 436 769 487 infidelium
786 433 864 485 notoni

59 542 114 579 eme.
130 528 188 589 nrpo
202 520 313 573 infideles
328 519 428 585 possunt
440 513 545 565 fidelihus
557 510 641 578 praefici
649 546 658 574 ,
673 509 742 561 etiam
752 510 863 573 qnantum

61 603 88 651 nrt
100 601 228 651 dominium.

91 674 130 723 Sed
145 676 224 723 contra
240 671 295 730 est,
308 663 371 728 quod
381 661 411 713 nd
424 674 476 711 num
488 658 530 724 qui
545 659 646 721 prmest,
658 654 759 719 pertinet
779 652 866 703 habere

59 746 159 808 judicium
172 756 245 805 super
259 752 302 790 eos
316 737 402 800 nuihns
415 736 508 798 preest.
524 730 566 780 Sed
584 728 687 778 infideles
703 739 750 776 non
767 725 864 788 ponunt

58 819 152 882 judicare
166 818 194 866 de
209 811 331 871 fidelibus3
349 806 406 857 uicit
423 804 485 855 enim
502 800 623 867 Apostolus
642 800 660 849 1.
678 796 713 847 od
725 796 795 858 Com,
811 794 864 843 Ἧι

62 908 75 937 u
89 891 156 939 tutet
169 886 253 949 ationis
267 886 373 933 uestmm
394 878 480 927 habens
496 873 613 935 negotium
633 870 741 919 aduersus
754 868 866 927 atterum,

61 960 151 1025 judicari
161 959 217 1021 apud
234 956 333 1017 iniquos
345 954 354 1015 (
365 946 562 1007 internumerari
575 947 598 992 ot
609 954 655 991 non
665 940 724 1003 apud
736 944 836 990 moetos.
848 950 863 983 u

62 1034 115 1096 Ergo
126 1031 210 1081 ridetur
225 1026 291 1092 quod
310 1022 415 1073 infideles
431 1018 535 1069 fidelihus
557 1026 653 1078 prmesse
668 1024 715 1062 non
734 1010 830 1074 possint.

90 1098 348 1166 (Concursum—Non
361 1097 417 1144 sunt
426 1090 530 1142 infideles
549 1084 680 1137 assumendi
694 1084 725 1133 ud
740 1082 866 1133 dominium

58 1192 94 1229 seu
108 1178 254 1243 praelaturam
269 1169 388 1228 fidetium,
402 1166 492 1215 coderet
506 1161 565 1213 enim
585 1162 630 1209 hon
650 1157 675 1206 iu
695 1153 826 1205 scandatum
840 1166 869 1203 ae

58 1251 175 1313 portentum
202 1245 274 1306 fidei3
298 1245 336 1301 nt,
357 1239 377 1289 si
395 1234 558 1302 preeuntem,
578 1227 692 1285 tolerandi
709 1226 815 1278 videntur
836 1222 866 1279 nd

58 1324 181 1373 mutatum
194 1313 349 1374 mnndum.)
789 1328 793 1332 ·

88 1393 220 1459 {impendeo
241 1386 385 1443 dicendum,
399 1380 462 1446 pntd
476 1378 537 1429 eirea
550 1378 595 1426 hoo
608 1373 728 1437 tuptioiter
739 1370 803 1435 loqui
813 1380 867 1433 pos·

62 1482 143 1518 summ
151 1467 205 1517 ttuo
219 1462 292 1512 modo
302 1460 331 1508 de
343 1453 455 1511 dominio,
469 1452 506 1501 vet
522 1448 652 1513 pretatione
663 1444 789 1495 infidelium
800 1452 870 1505 supet

63 1541 139 1589 fideles
151 1540 181 1588 de
193 1546 258 1587 noro
273 1528 425 1587 instituenoa3
438 1527 462 1575 et
473 1525 519 1573 too
529 1520 590 1570 nutlo
602 1520 669 1569 modo
680 1513 869 1581 permundemur

62 1612 152 1660 neneret
160 1608 224 1659 enirn
233 1608 282 1655 hoo
291 1602 319 1651 in
328 1598 463 1651 mandatum
479 1598 504 1644 et
515 1593 540 1642 iu
551 1590 676 1655 perieulum
685 1586 747 1636 fidei.
758 1587 790 1637 nr
805 1581 867 1634 arni

61 1682 120 1732 enim
133 1680 166 1730 itti
178 1680 218 1743 qni
232 1674 392 1739 snbjiciuntur
405 1668 500 1719 aliorum
509 1659 671 1728 jurisdictioni,
680 1655 796 1707 immutari
806 1663 871 1715 pos·-

61 1758 113 1803 ernt
123 1753 152 1802 atr
164 1752 199 1803 ein
214 1750 304 1814 quitus
323 1744 436 1804 romanu,
455 1736 624 1802 utseqnantur
638 1741 718 1781 eorum
734 1723 865 1787 imperinm,

61 1826 103 1877 nisi
114 1826 147 1876 itti
162 1825 203 1889 qui
215 1822 326 1879 subsunt,
332 1814 421 1866 fuerint
435 1824 523 1875 magnae
535 1806 633 1858 uirtutis.
646 1804 674 1853 Et
687 1797 807 1858 similiter,
817 1795 869 1847 inti-

62 1900 120 1950 detes
137 1895 293 1949 contemnunt
312 1888 399 1949 tidem,
418 1883 550 1935 sitidettnm
565 1880 668 1931 detentus
678 1871 824 1935 eognosnant.
839 1868 870 1917 nt

61 1971 109 2021 ineo
126 1968 254 2034 Apostolus
273 1960 392 2026 prohibuit
411 1960 439 2007 ut
457 1955 540 2011 fideles
557 1964 605 2002 non
624 1945 762 1999 contendant
781 1938 868 2006 judinio

62 2056 133 2093 norum
145 2042 224 2106 jndice
240 2034 336 2087 infideli.
353 2033 383 2081 nt
401 2030 455 2079 iuteo
468 2028 531 2077 nuto
547 2024 613 2075 modo
625 2016 736 2085 permittit
747 2012 870 2071 Emtesta,

61 2115 118 2178 quid
131 2114 241 2165 infideles
254 2106 375 2172 anquirunt
389 2100 516 2153 dominium
530 2109 598 2161 snper
606 2094 699 2153 fideles,
708 2087 747 2138 rut
759 2084 868 2149 qualiter-

62 2200 157 2249 cnmque
170 2185 207 2235 eis
217 2179 373 2247 preficiantur
386 2174 413 2223 in
421 2171 496 2235 nhqno
512 2168 594 2220 officio.
610 2163 659 2214 Atio
670 2160 737 2209 modo
748 2164 870 2221 possumum

61 2259 120 2321 toqui
131 2260 161 2308 de
175 2253 281 2306 dominio
296 2250 335 2300 ret
345 2246 476 2312 praelatione
490 2242 538 2306 jam
554 2232 718 2303 prmexinteuti.
737 2230 781 2281 nm
794 2226 870 2279 nonni·

63 2330 187 2379 demonum
199 2329 253 2387 est,
265 2322 328 2387 qotd
339 2316 466 2369 dominium
478 2316 503 2365 et
515 2309 616 2376 prolatio
634 2304 762 2357 introductu
775 2302 828 2353 snut
840 2308 870 2349 ex

62 2400 111 2467 jure
126 2403 246 2463 humanm
261 2390 382 2447 usinum
397 2391 475 2441 numm
492 2384 593 2437 fidetem
610 2374 773 2433 etiuttdetium
788 2372 825 2424 ent
838 2382 869 2421 nn

63 2573 165 2629 specim
183 2562 333 2615 instrumenti
352 2562 433 2608 teneat
451 2558 478 2603 tn
498 2556 586 2603 artibus
606 2548 718 2605 minister,
731 2545 758 2591 nt
778 2536 867 2589 titutum

63 2634 188 2691 subjungit.
203 2635 235 2678 ltt
245 2637 301 2675 mox
320 2644 329 2671 r
344 2628 482 2673 porrorum
494 2618 611 2679 quiddam
625 2614 866 2659 primumprimur

65 2703 117 2747 at,
127 2693 203 2753 iuquit
218 2691 341 2763 (ἔμψυχον
350 2686 456 2756 κνήμη),
469 2688 494 2729 et
507 2683 570 2729 'vetut
580 2676 772 2727 instrumentum
784 2669 869 2714 emoto

65 2769 231 2814 instrumento
241 2762 399 2824 pmeedeor,
409 2757 448 2803 oet
461 2754 572 2801 tornum
585 2751 705 2799 excutient
717 2746 869 2789 nostrumnon

66 2834 114 2885 nir,-
128 2833 155 2877 ut
169 2835 224 2876 rrnrn
242 2830 302 2877 nnn
316 2824 387 2876 moto
399 2831 500 2882 omnm
513 2816 606 2889 ὄργανον
615 2814 659 2886 πρὸ
671 2809 774 2880 teneret
786 2802 867 2863 ΝΜ

69 2905 142 2964 tempi
154 2906 244 2962 ponem
