1992 3317
147 87 193 134 918
254 95 362 133 secusne
378 95 505 142 sueonum,
523 94 614 138 ouusr.
630 94 711 142 urm,
726 95 780 130 aar.
797 95 832 130 ru.

177 172 311 236 Respondes
325 170 442 222 dicendum
452 206 460 230 ‚
471 168 532 232 qnod
543 168 602 219 sicud
614 181 643 218 ex
657 169 724 219 dietis
735 174 815 232 petet,
824 171 872 221 duo
884 177 946 224 sumt.

146 247 255 307 quantum
269 243 296 293 ad
305 241 445 305 propositum
456 239 569 303 pertinet,
578 240 638 293 eirea
649 240 752 302 judioem
763 241 944 293 musiderauda:

146 327 240 378 qnorum
253 326 323 363 uuum
338 317 387 374 est,
395 311 456 374 quod
466 311 517 374 ipse
530 313 599 361 habet
605 312 708 375 judicare
720 311 783 363 iuter
792 319 947 364 accusatorem

111 417 120 440 ι
147 390 171 436 et
183 399 261 448 renm3
276 383 336 434 aliud
352 387 428 432 autom
450 385 485 432 est
498 383 559 445 quod
570 383 620 446 ipse
634 395 679 432 non
693 381 741 434 fert
756 382 844 446 judieii
857 390 947 435 senteu-

146 457 215 516 tiam,
229 455 293 520 quasi
307 467 335 504 er
348 454 451 518 propria,
466 455 507 505 sed
519 455 585 516 quasi
606 467 636 503 ex
652 453 744 516 publiea
760 459 892 516 potestate.
906 458 946 504 llo-

147 527 203 592 plioi
215 540 267 590 ergo
281 525 368 576 ratione
381 525 503 588 impeditur
516 525 589 589 judex
601 537 631 575 ue
643 537 708 574 mum
722 523 736 575 l
750 538 823 588 puema
834 528 946 577 absolvero

146 600 228 664 possit.
241 596 415 660 primoquidem
433 609 461 646 er
470 601 535 660 perte
547 595 693 657 accusatoris,
703 597 733 648 ad
744 597 816 661 eujus
828 599 872 664 jus
884 612 947 661 uuar-

147 671 220 733 deque
236 663 333 732 pertinet
352 672 379 717 ut
395 681 447 719 reus
462 666 578 732 punietur,
589 666 643 731 putl
657 671 751 730 propter
765 669 874 732 aliquam
889 670 947 732 inju-

148 740 202 790 riam
214 739 238 788 in
248 741 324 804 ipsum
338 739 492 802 commissum,
507 739 574 803 eujus
584 738 692 788 relaxatio
710 750 759 789 nou
772 745 813 790 est
823 741 852 789 iu
862 740 946 790 arbitrio

148 811 244 875 alicujus
259 810 344 875 judicis
352 827 359 872 ;
368 810 421 874 quia
432 809 527 872 quilibet
538 808 609 872 judex
621 812 712 858 tenetur
720 809 762 872 jus
772 825 847 860 suum
860 813 946 861 reddere

147 880 279 945 uuicuique.
294 881 343 932 llio
360 881 426 931 modu
440 879 570 944 impeditur,
589 883 696 944 exparte
714 881 870 945 reipublicae,
889 883 947 942 eujus

148 955 260 1016 potestate
277 951 391 1015 luuntur,
406 952 434 1000 ad
452 950 518 1014 cujus
535 951 625 1001 bouum
639 951 740 1016 pertimet
760 952 824 1016 quod
848 955 946 1004 maleine-

148 1028 210 1074 tores
223 1025 353 1089 puuiautmr.
367 1023 412 1074 Sed
426 1025 502 1072 umen
514 1026 625 1085 quantum
635 1025 715 1074 adhoc
727 1023 805 1075 differt
817 1025 885 1076 iuter
895 1024 946 1072 inte

149 1095 219 1146 riores
235 1093 325 1157 judiees
336 1097 359 1144 et
370 1106 498 1157 supremum
515 1092 630 1157 judicem,
645 1093 734 1144 scilieet
752 1094 903 1160 prinoipem,
916 1093 947 1142 eui

149 1170 184 1218 est
196 1164 297 1232 plenarie
312 1168 412 1229 potestas
426 1164 515 1228 publiea
531 1164 662 1223 commissa.
680 1166 754 1216 ludex
772 1166 838 1216 euim
856 1166 945 1218 interior

148 1253 196 1290 non
208 1239 276 1288 hebet
288 1239 430 1300 potestatem
437 1237 571 1288 absolvendi
583 1251 648 1286 reum
661 1237 674 1288 i
688 1251 759 1301 puna
772 1244 856 1289 eontra
867 1236 946 1302 legent

148 1308 263 1373 superiore
277 1307 320 1357 sibi
328 1307 455 1371 impositas.
468 1308 542 1370 Unde,
552 1321 622 1371 super
630 1308 687 1361 illud
695 1311 779 1366 doum,
791 1311 849 1360 xlx
860 1327 868 1360 ι
878 1327 893 1356 ιι
903 1310 946 1358 riom

147 1379 243 1434 haberes
255 1377 374 1429 adversum
386 1391 423 1428 rue
435 1382 571 1442 potestatem
590 1379 702 1440 ullam,»
716 1380 775 1430 dieit
787 1381 944 1444 Augustinus:

150 1451 252 1506 «Talem
273 1450 333 1500 Dens
352 1449 444 1500 dederat
462 1450 535 1500 Pilato
552 1453 703 1513 potestatem,
720 1455 748 1502 ut
760 1457 827 1504 esset
848 1452 894 1502 sulr
905 1451 947 1500 sae

148 1521 204 1572 saris
213 1524 340 1586 potestate,
354 1533 383 1570 ne
401 1520 422 1570 ei
436 1521 528 1570 omniuo
538 1520 634 1570 liberum
653 1526 714 1572 esset
726 1526 864 1572 accusatum
877 1523 946 1573 absol

148 1606 210 1646 rere.
225 1608 238 1640 ιι
253 1593 296 1642 Sed
311 1591 420 1656 princeps
433 1593 473 1654 qui
492 1592 561 1642 habet
572 1592 697 1655 plenariam
712 1597 855 1656 potestatem
875 1595 900 1643 im
915 1605 945 1641 re

149 1663 253 1729 publiea,
270 1662 291 1712 si
302 1662 340 1712 ille
357 1663 397 1725 qui
407 1675 486 1726 passus
500 1666 536 1712 est
548 1662 665 1724 iujuriam,
678 1663 736 1713 velit
752 1677 806 1714 eam
821 1664 944 1718 remittere,

149 1735 232 1798 polerit
247 1747 312 1784 reum
330 1733 391 1785 licite
410 1733 541 1797 absolvere,
555 1733 576 1783 si
588 1735 633 1783 hoo
648 1735 745 1798 publice
761 1735 859 1785 utilitati
871 1732 945 1786 uiderit

150 1820 196 1858 mou
209 1819 261 1856 esse
273 1805 388 1856 nocivum.

181 1877 325 1942 ltprimum
339 1889 392 1940 ergo
406 1877 534 1937 dicendum,
543 1875 604 1940 quod
617 1875 774 1928 misericordia
785 1878 874 1942 judicis
883 1878 945 1927 habet

150 1949 224 2000 locum
234 1948 257 1998 in
269 1948 308 1998 his
319 1961 370 2011 qum
380 1947 472 1998 arbitrio
484 1947 568 2011 judicis
581 1945 752 2012 relinquuntur,
763 1949 789 1998 in
803 1949 889 2012 quibus
898 1948 945 1998 toni

150 2020 195 2069 uiri
209 2025 246 2070 est
253 2057 261 2083 ,
275 2023 301 2069 ut
311 2019 341 2069 sit
355 2018 503 2070 diminutivus
515 2031 646 2083 poeuarnm,
659 2018 718 2068 siout
727 2019 888 2084 Philosophus
898 2017 945 2070 dieii

134 2092 207 2150 inv
224 2091 308 2142 Ethie.
323 2093 351 2141 lu
371 2091 408 2141 his
421 2095 495 2140 auum
517 2104 568 2154 que
586 2095 640 2140 suut
656 2091 805 2141 determinata
829 2090 945 2142 seouudirm

151 2164 226 2226 legem
247 2162 346 2214 dirimam
364 2163 402 2212 rel
419 2163 555 2224 humanam,
569 2174 617 2212 uon
633 2167 669 2212 est
689 2175 755 2213 suum
773 2162 945 2215 miseriordiam

151 2233 234 2288 iacere.
811 2240 815 2247 ⁴

182 2304 354 2355 desecandum
370 2304 509 2364 dicendum,
523 2303 585 2366 quod
601 2304 663 2354 Deus
679 2303 749 2358 trahet
762 2317 896 2368 supremam
912 2316 946 2366 pu

151 2379 255 2426 testatem
266 2376 399 2439 judieaudi,
415 2379 438 2426 et
451 2375 567 2440 adipsum
583 2375 682 2438 pertinet
693 2375 805 2438 quidquid
817 2383 900 2428 eontm
912 2374 946 2424 ali·

151 2460 219 2518 quem
233 2449 350 2510 peccatur.
365 2449 394 2496 Et
406 2446 457 2496 ideo
468 2446 564 2496 lilrerour
575 2446 598 2496 ei
611 2450 646 2495 est
654 2458 746 2510 punam
755 2448 884 2512 remittere,
896 2459 946 2510 pro

151 2517 218 2581 oiput
231 2515 283 2568 eirm
299 2522 393 2580 peceato
407 2531 435 2567 ex
452 2517 497 2566 hoo
509 2531 577 2582 pmua
595 2515 695 2568 maxime
710 2518 904 2582 debeatur,qndd
916 2522 947 2566 est

152 2593 230 2640 eontra
247 2589 330 2654 ipsum.
350 2590 401 2639 Nom
424 2591 501 2638 tamen
520 2587 614 2639 remittit
634 2602 740 2653 punam,
762 2589 808 2639 nisi
826 2589 945 2640 seeundum

151 2659 210 2722 quod
221 2661 286 2712 decet
300 2671 363 2708 suam
371 2660 508 2720 bonitatem,
522 2674 573 2722 quae
585 2664 622 2710 est
631 2660 733 2710 ommium
742 2661 819 2722 legurm
830 2661 905 2712 radin.

182 2732 215 2779 dd
228 2729 318 2780 tertium
333 2730 466 2792 dcendmm,
480 2729 540 2792 quid
551 2731 636 2796 judex,
648 2731 668 2780 si
682 2731 796 2781 ordinarit
809 2747 902 2795 paenam
914 2744 945 2779 re·

152 2797 264 2858 mitteret,
279 2805 438 2852 nocumentum
449 2799 546 2851 inferret
557 2807 582 2856 et
593 2803 808 2866 commendationi
825 2804 944 2868 experituri
