1992 3317
217 243 221 250 ,
320 205 353 242 DE
368 203 548 242 restitutione.
789 195 835 242 857

54 283 87 335 ille
100 281 134 346 qui
144 281 240 346 accepit,
251 281 290 332 sed
300 281 368 332 etiam
377 281 410 331 illi
422 281 461 346 qui
471 281 666 344 qualitercumque
676 284 834 346 cooperantur,

53 358 160 419 augeretur
169 367 197 404 ex
208 353 251 404 lroc
258 367 295 405 res
305 351 367 404 illius
374 353 411 403 cui
419 356 455 404 est
466 353 550 417 aliquid
562 354 710 415 eutuactnm,
722 357 771 404 turn
782 355 835 417 quia

53 427 92 477 sibi
102 425 206 477 multoties
216 425 329 476 restitutio
339 425 410 485 deret,
421 423 547 475 tumeliam
556 423 610 489 quia
619 425 754 489 quandoque
764 425 835 489 aliqui

51 509 135 563 operam
148 498 197 547 dant
211 497 238 548 ad
252 499 297 548 nuc
310 496 370 560 quod
381 495 456 559 aliqua
468 509 505 547 res
515 496 583 546 adsui
594 497 722 558 auferatur,
736 511 788 562 puae
801 502 836 547 ta·

50 585 99 621 men
112 582 154 619 non
164 569 183 620 ci
195 569 302 618 aulertur.
318 569 377 632 Ergo
389 581 435 618 non
448 571 553 618 tenemur
565 567 604 617 alii
617 569 645 618 ad
657 569 831 620 restitutionem.
866 563 870 572 '
884 614 893 632 ,

78 647 99 690 ³.
115 640 322 699 succensuimus
342 642 432 690 tenetur
451 652 476 690 se
498 638 600 704 periculo
615 653 731 703 exponere
748 641 777 691 ad
790 643 834 691 hoc

47 713 103 778 qnod
119 725 163 762 rem
180 709 271 760 alterius
289 711 369 761 salvet.
385 711 429 761 Sed
443 711 563 774 aliquando
579 711 748 762 manilestando
762 712 832 762 latro·

47 799 105 844 mern,
115 781 181 832 selei
194 781 334 846 resistendo,
350 781 431 846 aliquis
442 781 542 846 periculo
561 781 641 832 mortis
659 793 685 832 se
700 787 832 847 exponeret.

46 859 93 907 Non
111 867 161 918 ergo
172 855 262 903 muetur
280 853 361 917 aliquis
378 853 405 902 ed
423 852 590 904 restitutionem
608 856 700 916 propter
711 855 756 904 hoc
772 853 833 918 quod

45 941 87 978 mon
102 925 227 976 manifestat
240 924 363 988 latronem,
382 925 419 974 vel
435 925 457 974 ei
472 937 519 974 non
530 924 627 975 resistit.

72 998 118 1048 Sed
127 997 200 1046 contra
220 1000 264 1060 est,
279 997 338 1059 quod
352 995 433 1046 dicitur
443 997 557 1056 llum.,l:
571 1012 585 1045 u
598 995 664 1060 ltigni
678 1000 732 1046 sunt
747 1001 831 1059 morte,

43 1083 86 1121 nou
97 1068 166 1120 solim
176 1068 215 1132 qui
226 1067 321 1128 laniunt,
329 1069 368 1118 sed
381 1067 449 1118 etiarn
459 1068 499 1131 qui
509 1067 655 1118 consentiunt
664 1067 831 1117 iacientibus.»

43 1145 98 1205 Ergo
114 1139 162 1204 pari
176 1139 261 1190 ratione
274 1139 343 1189 etiam
357 1139 525 1190 eonsentientes
538 1138 621 1189 debera
634 1139 762 1190 restituere.

72 1213 269 1277 (Conmusro.-
286 1211 336 1260 Nou
356 1209 423 1261 modd
436 1209 475 1274 qui
494 1209 567 1260 aliena
584 1213 722 1274 rapuerunt,
739 1210 780 1260 sed
793 1210 833 1274 qui

40 1284 106 1334 etiam
118 1283 209 1346 injusto
222 1281 358 1346 acceptionis
366 1281 441 1345 aliquo
455 1283 522 1332 modo
531 1293 599 1333 causa
605 1282 708 1345 luerunt,
717 1279 834 1333 restituere

38 1357 150 1414 tenentur,
164 1365 291 1416 quanquam
306 1352 351 1416 ipsi
365 1365 410 1402 non
427 1351 581 1416 acceperint)

68 1425 202 1490 despondeo
211 1423 409 1488 dicendum,qudd
417 1424 477 1474 sicut
486 1425 572 1476 dictum
581 1428 623 1486 est,
631 1424 660 1474 ad
667 1423 833 1476 restitutionem

37 1500 128 1548 tenetur-
137 1496 228 1560 aliquis,
242 1508 288 1547 non
297 1494 370 1546 solium
379 1495 509 1546 reticuerat
519 1495 780 1560 alienaquamaucepit‚
791 1496 832 1545 sed

35 1570 103 1618 etiam
124 1568 211 1618 ratione
224 1566 340 1631 injuriosae
363 1567 508 1630 acceptionis.
530 1568 558 1616 Et
577 1567 629 1616 ideo
647 1566 782 1630 quicumque
797 1569 833 1616 est

34 1654 101 1690 causa
122 1639 214 1703 injusta
236 1637 388 1703 acceptionis,
409 1640 500 1688 tenetur
526 1638 554 1686 ad
573 1635 747 1688 restitutionem.
768 1635 832 1694 Quod

33 1713 124 1775 quidem
140 1710 252 1774 contingit
265 1709 395 1774 dupliciter,
410 1707 495 1759 directe
513 1706 600 1757 scilieet
615 1709 639 1756 et
658 1705 777 1756 indirecte.
792 1703 832 1754 ni-

32 1783 93 1833 rectd
114 1783 223 1846 quidem,
235 1781 323 1845 quaudo
336 1779 423 1830 inducit
436 1778 517 1843 aliquis
530 1777 600 1828 alium
613 1778 641 1829 ad
654 1775 831 1840 acccipiendum.

31 1857 59 1904 Et
71 1857 115 1904 troc
124 1853 219 1917 quidem
227 1851 353 1916 tripliciter.
366 1849 542 1914 primoquidem
551 1849 737 1912 medumpam
750 1860 832 1912 aecep-

28 1926 115 1987 tionis,
140 1917 255 1976 movendo
280 1925 308 1973 ad
325 1924 397 1988 ipsam
420 1921 590 1985 acceptionem,
609 1920 670 1984 quod
692 1919 783 1984 quidem
808 1920 834 1969 lit

27 1997 202 2062 principiendo,
214 1993 351 2046 consulendo
359 2031 366 2058 ,
382 1992 544 2044 consentiendo
558 1990 666 2056 expresse
680 1994 704 2040 et
721 1990 832 2041 laudando

26 2071 130 2133 aliquem
151 2067 217 2132 quasi
238 2069 355 2117 sueonum
378 2065 406 2116 de
423 2067 466 2115 hoc
487 2063 550 2128 qudd
569 2063 642 2114 aliena
662 2062 760 2128 accepit.
783 2062 833 2114 atio

26 2142 106 2204 modo,
116 2153 152 2190 eor
162 2141 239 2202 purte
248 2138 331 2201 ipsius
340 2137 495 2208 accipientis,
502 2135 651 2198 quiasoilicet
658 2147 709 2186 mm
720 2137 832 2198 acceptat,

26 2214 61 2264 uvel
76 2212 279 2277 qualitercumque
293 2207 314 2258 ei
331 2208 441 2258 auxilium
457 2207 509 2258 lert.
525 2205 600 2258 renio
617 2207 696 2269 modo,
710 2221 743 2256 eo
760 2209 834 2270 porte

26 2288 64 2334 νεῖ
87 2285 217 2347 ample,
233 2280 287 2344 quia
301 2279 390 2330 scilicet
408 2279 523 2343 particeps
539 2281 575 2328 est
595 2279 651 2328 lurti
672 2279 711 2329 rel
734 2277 832 2342 rapina,

26 2356 91 2419 puasi
106 2353 189 2406 socius
203 2351 315 2402 maleficii.
330 2349 443 2401 indirecte
452 2349 522 2413 uero,
533 2349 623 2412 wando
634 2349 718 2413 aliquis
730 2362 776 2399 nou
793 2349 836 2397 inr-

29 2428 103 2489 ›edit,
120 2425 180 2476 edm
204 2423 278 2488 possit
305 2427 329 2473 et
351 2422 432 2472 debeat
453 2421 579 2485 impedire,
596 2421 631 2471 vel
649 2419 703 2483 quia
723 2420 837 2470 subtrahit

27 2500 172 2562 rrmceptum
187 2493 367 2546 siveconsilium
382 2493 509 2557 impediens
523 2493 607 2542 lurtum
621 2493 659 2542 rel
670 2489 787 2556 rapinam,
799 2490 837 2541 uel

26 2571 77 2633 {uia
91 2567 216 2620 subtrahit
229 2579 296 2617 suum
310 2564 490 2628 auxiliumque
505 2565 585 2627 posset
595 2563 719 2624 obsistere,
731 2563 770 2613 rel
784 2561 837 2626 quia

26 2643 127 2691 ccultat
142 2641 200 2706 post
213 2639 314 2701 lactum
329 2649 379 2701 que
391 2635 427 2689 his
436 2634 537 2685 omnbus
550 2635 787 2697 comprehenduntur:

168 2751 240 2798 lucrio,
251 2748 362 2800 eonsilium,
372 2759 482 2794 consensus,
491 2747 558 2797 palpo,
572 2758 666 2793 recursus,

168 2809 295 2858 Partieipurrs,
305 2813 376 2854 mutus,
388 2817 426 2843 uon
436 2805 520 2851 obitam,
530 2817 568 2842 num
577 2803 706 2843 manifestans.

49 2917 190 2970 Sciendum
208 2919 286 2968 tamen
299 2915 360 2981 quod
373 2913 472 2981 qumque
488 2913 657 2980 promissurum
678 2922 769 2976 semper
782 2907 839 2960 oili·
