1992 3317
203 153 207 161 ·
291 149 323 188 os
337 137 473 190 landuino
489 133 641 194 cirmini.
821 135 868 196 ott

101 225 134 277 dd
147 225 245 291 primum
260 237 313 290 ergo
322 226 455 289 dicendum,
468 227 528 291 quod
542 229 601 279 sicut
610 229 749 294 Augustinus
763 231 818 284 dicit
827 233 868 285 inl

73 298 107 347 De
124 297 241 348 doctrino
258 299 360 360 clirici.²
375 297 457 349 «de
472 303 568 363 quatuor
587 301 633 352 sint
645 314 674 354 ex
687 303 796 354 charitate
817 303 868 355 dili·

69 370 156 434 peuda,
167 370 194 419 de
208 371 306 422 secundo
317 373 341 421 et
358 375 452 436 quarto,
466 371 489 422 id
505 376 539 422 est
554 373 582 423 de
600 373 723 426 dilectione
735 375 772 426 sui
785 380 808 427 et
818 388 869 428 cor-

68 441 130 506 poris
141 441 235 508 proprii,
248 441 311 491 nulla
320 445 435 506 praccepta
445 443 520 494 danda
531 448 605 495 erant.
615 447 787 506 Quantumlibet
804 447 868 499 enim

70 513 137 564 horno
151 513 241 564 excidat
254 511 267 562 l
284 513 397 578 veritate,
411 519 513 565 remanet
525 515 560 565 illi
576 516 669 568 dileetio
682 517 719 568 sui
734 520 758 569 ct
775 518 868 571 dilectio

68 583 167 648 corporis
186 585 230 635 sui.
245 599 260 632 s
275 584 355 635 llodus
371 589 447 636 comm
464 585 574 650 diligendi
588 587 754 653 precipiendus
770 593 805 641 est
823 591 867 643 ho·

68 654 139 720 mini,
156 658 183 705 ol
197 655 286 708 scilicet
296 667 320 708 sc
331 655 434 710 ominare
445 657 533 723 diligat,
544 663 567 710 et
576 671 661 724 corpus
670 661 795 725 proprinm3
804 664 865 728 quod

67 725 158 791 quidem
171 725 197 776 lit
210 741 250 792 per
262 729 306 778 hoc
319 727 379 792 quod
391 729 461 779 horno
475 729 549 793 diligit
560 731 632 780 licum
647 735 671 782 et
681 732 816 796 proximum.
859 754 864 762 ·

99 799 132 849 nd
150 799 273 849 secundnm
290 798 423 861 dicendum,
438 799 500 863 quod
519 800 559 850 olii
575 804 639 852 aelus
655 802 770 854 charimtis
785 817 867 856 conse·

66 871 167 934 quuntur
184 882 212 920 er
227 874 278 920 actu
303 869 446 940 dilectionis,
462 869 521 920 sicut
540 870 634 921 effectus
648 885 676 922 ex
696 885 763 925 causa
774 913 781 940 ‚
794 880 822 926 ut
836 887 865 926 ex

66 939 136 1004 suprl
154 939 220 991 dictis
234 943 297 1005 patet
309 938 343 1005 (l)
361 955 368 990 r
383 939 442 990 unde
457 939 480 988 in
499 943 619 1005 preceptis
636 941 764 994 dilectionis
782 944 865 998 uirtute

65 1011 213 1063 includuntur
220 1015 334 1076 praecepta
345 1012 373 1062 de
384 1011 436 1061 aliis
445 1011 542 1062 actious.
553 1013 581 1062 la
590 1016 667 1063 tamen
681 1018 772 1080 propter
781 1016 866 1068 midio-

63 1096 103 1134 res
114 1083 262 1134 inveniuntur
272 1083 300 1134 de
310 1081 405 1148 singulis
418 1082 525 1148 explicite
534 1089 648 1149 precepta
657 1085 739 1136 uadita
750 1103 756 1136 ε
770 1085 798 1137 de
809 1100 865 1152 gan·

65 1155 215 1220 diopuldum,
228 1153 334 1220 Philip„
347 1155 377 1204 lV
390 1169 396 1204 ε
412 1155 536 1206 nilacdete
551 1155 576 1205 in
589 1155 684 1207 llomino
694 1170 821 1222 semper3n
836 1158 865 1210 de

64 1238 122 1290 pace
141 1229 226 1290 antenn
241 1226 277 1276 od
290 1225 374 1290 ileon,
390 1225 448 1276 illl:
464 1222 570 1277 «Pacem
583 1227 706 1297 sequimini
722 1241 773 1279 curn
787 1228 866 1279 omni·

63 1299 124 1361 hus3
136 1313 149 1344 n
160 1298 188 1348 de
199 1297 349 1348 beneficentia
360 1301 434 1347 antem
442 1336 449 1361 ,
458 1298 493 1348 oti
505 1297 604 1359 Galat„
615 1299 671 1350 ult:
684 1301 765 1351 ullum
774 1303 865 1366 tempus

63 1367 189 1432 habemns,
206 1381 324 1436 operemur
342 1368 426 1419 bonurn
446 1369 475 1419 ad
494 1381 580 1420 omnes.
594 1385 608 1417 u
622 1375 655 1420 lte
670 1371 766 1436 cingulis
778 1371 866 1423 bened·

62 1439 147 1491 contio
157 1437 259 1504 partibus
265 1437 414 1490 inveniuntur
420 1443 536 1504 precepta
543 1440 658 1491 traditain
666 1454 730 1493 sacra
738 1442 863 1508 scriptura,

61 1515 89 1561 at
101 1513 167 1576 patet
177 1510 297 1573 diligenter
308 1509 472 1561 consideranti.

95 1581 129 1633 nd
143 1580 234 1632 tertium
246 1581 378 1646 dicendum,
390 1581 450 1646 qudd
463 1581 516 1646 plus
530 1585 565 1633 esi
578 1582 668 1646 operari
682 1581 782 1647 bonum,
796 1583 865 1648 quim

60 1653 136 1705 vitare
150 1654 243 1704 malum.
262 1653 290 1703 nt
306 1653 358 1704 idco
372 1653 397 1704 in
408 1653 527 1719 preceptis
544 1654 685 1706 affirmatims
695 1654 779 1706 uirtute
791 1655 865 1707 inclu-

60 1728 148 1778 duntur
168 1729 282 1791 precepta
304 1726 419 1790 negativa.
441 1725 470 1776 lit
490 1727 569 1776 tamen
592 1724 698 1789 explicite
717 1724 892 1779 inveniuntur·
987 1718 989 1725 ’

59 1802 180 1862 precepta
199 1797 252 1848 data
274 1799 352 1847 contra
369 1797 426 1847 uitia
448 1795 554 1846 charitati
576 1795 689 1860 opposita.
707 1795 765 1846 llam
787 1803 865 1849 contra

59 1869 141 1920 odium
155 1868 238 1920 dicitur
246 1870 334 1927 tecit..
346 1869 414 1920 xiil:
427 1884 441 1917 ι(
449 1869 483 1919 Ne
495 1867 570 1919 oderis
581 1867 673 1917 tratrem
682 1869 748 1918 tuum
758 1867 783 1918 in
796 1869 863 1919 corde

59 1945 144 2006 tuo;n
159 1944 237 1992 conire
253 1941 353 1992 acediam
369 1939 451 1991 dicitur
464 1939 568 2001 reon,
581 1939 631 1990 vl:
648 1939 706 1989 «Ne
716 1939 825 1991 acedieris
837 1940 863 1991 in

58 2012 163 2064 uinculis
173 2012 239 2077 ejus,
252 2015 354 2064 »contra
364 2011 483 2075 invidiam,
495 2011 623 2069 Gotat.,V
634 2025 640 2062 :
653 2011 726 2062 «Non
736 2010 864 2062 efficiamur

57 2085 140 2136 inanis
156 2083 233 2149 glorie
246 2085 338 2150 cupidi,
351 2084 449 2136 inuicem
462 2089 623 2150 provocantes,
641 2082 741 2135 invicem
757 2083 865 2134 inriden-

57 2161 96 2208 tes
105 2173 114 2222 ;
123 2173 139 2206 n
154 2159 234 2207 contra
245 2155 379 2208 discordiam
395 2155 464 2218 vero,
478 2157 488 2207 l
503 2156 539 2206 od
553 2157 623 2209 Goru
640 2156 650 2206 l
667 2171 674 2205 ε
689 2155 815 2220 oldipsum
828 2155 864 2206 di·

57 2229 120 2280 catis
132 2239 228 2291 omnes,
243 2231 325 2278 elnon
343 2228 390 2278 sint
402 2227 428 2277 in
443 2227 509 2279 rodis
519 2227 656 2291 schismata3
669 2243 683 2275 n
697 2232 777 2277 eontra
794 2240 862 2278 scan-

55 2300 138 2351 dalum
157 2301 249 2359 autum,
264 2297 300 2348 od
320 2299 402 2360 nom„
417 2297 468 2350 lllll
488 2299 575 2350 :ulle
592 2296 683 2364 ponatis
701 2298 865 2350 offendiculam

56 2370 125 2424 tratri
140 2369 177 2420 vel
191 2370 356 2421 scandalum.»

93 2523 128 2588 (l)
148 2521 207 2571 'loun
220 2535 260 2581 qu.
276 2521 320 2584 ii,
339 2523 368 2570 do
382 2523 480 2584 gaudl03
497 2531 547 2571 tum
563 2538 603 2584 qu.
621 2523 709 2586 19,ᾶο
726 2533 799 2586 pacc;
816 2533 866 2576 tum

56 2599 100 2646 qu,
113 2586 160 2650 ³1,
176 2587 205 2633 do
219 2585 383 2648 beneficentia,
403 2589 486 2646 utinm
499 2588 577 2648 snprl.
