1992 3317
136 104 182 154 sot
239 114 347 152 sncnsnu
364 109 491 163 escuinus,
509 110 601 156 onnes.
619 111 727 161 msuu,
741 114 798 150 sus.
814 115 833 150 1.

436 276 598 328 iuncosus
612 277 629 326 l.

280 401 364 446 Utrtlm
380 402 497 447 contentio
506 401 538 446 sit
546 404 671 458 pecatum
683 403 798 447 mortale.

169 528 203 578 sd
216 527 314 592 primum
326 526 359 580 sic
372 527 498 592 proceditur
513 526 559 591 (1).
574 525 668 577 Videtur
681 525 743 589 codd
759 528 884 580 contentio
900 541 944 578 uon

137 598 167 650 sit
181 599 298 662 peccatum
317 599 419 648 mortale.
437 599 557 648 Peccatum
573 597 636 648 enim
648 599 742 649 mortale
761 600 787 646 ln
805 597 863 650 siris
877 599 944 663 suist·

138 669 236 720 tualibus
250 683 296 720 nou
309 669 438 732 insonitum
450 668 474 716 iu
488 669 570 732 quibus
583 672 660 720 tanen
673 669 791 719 invenitur
806 672 943 732 contentio,
979 706 981 737 ÷

138 739 262 790 secunddm
276 741 329 792 illud
343 742 414 796 Luc..
431 733 491 792 llllll
505 756 511 788 :
528 740 624 790 «Facta
638 742 676 798 est
686 740 804 791 contentio
818 740 884 790 iuter
902 742 945 791 dis·
979 756 981 795 ;

139 809 226 875 cipulos
243 814 296 864 lesu
307 813 358 877 quis
367 825 444 864 eorum
458 815 521 886 esset
533 811 613 874 major.
622 828 637 858 u
652 811 838 874 Eugocoutentio
847 825 899 863 non
912 814 946 862 est
979 810 981 813 ’

138 885 256 948 peccatum
273 883 375 937 mortale.

171 959 194 1004 ἢ.
215 955 338 1018 Pretema,
351 953 405 1004 nulli
421 953 480 1004 benc
496 952 607 1016 disposito
627 953 695 1004 debet
708 953 801 1017 placere
823 961 946 1018 peccatum
979 968 981 1017 5

140 1028 233 1081 mortale
250 1028 273 1078 in
285 1026 395 1090 proximo.
414 1026 458 1077 Sed
470 1025 525 1075 dicit
537 1025 659 1088 Apostolus
669 1024 704 1074 od
721 1024 821 1076 noim
837 1042 845 1076 t
858 1044 874 1074 u
891 1027 946 1084 Qui-

141 1100 192 1150 dam
204 1114 232 1150 ex
248 1099 390 1150 contentione
400 1097 514 1148 chrisum
527 1096 675 1161 annuntiant3
690 1113 706 1164 s
716 1101 740 1148 st
751 1100 835 1161 postea
848 1099 943 1149 subdit:

142 1187 156 1218 u
170 1171 198 1220 llt
214 1171 238 1220 in
251 1171 295 1220 hoc
308 1169 411 1232 gaudeo,
430 1169 471 1220 sed
491 1172 515 1220 et
527 1169 638 1230 gaudebo.
655 1184 669 1214 u
689 1169 749 1232 Engo
763 1169 886 1220 contentio
901 1183 946 1220 non

141 1245 176 1292 est
187 1243 306 1302 peccatum
319 1239 421 1290 mortale.
979 1242 981 1245 '

173 1315 195 1359 3.
207 1311 328 1372 Praeterea,
341 1310 452 1375 contingit
464 1310 523 1376 qudd
537 1309 607 1374 aliqui
620 1309 655 1360 ucl
669 1308 791 1374 injudicio
808 1312 849 1362 uel
862 1311 887 1364 in
903 1313 946 1362 dis

139 1381 259 1448 nutatione
274 1381 412 1432 contendunt
419 1420 427 1446 ,
440 1396 487 1434 nou
500 1382 575 1445 aliquo
588 1380 664 1432 animo
681 1381 830 1444 malignante,
845 1385 891 1434 sed
908 1398 945 1448 po
979 1340 981 1423 l

139 1451 184 1502 tius
198 1451 343 1502 intendentes
358 1453 385 1502 ad
396 1453 490 1516 honum,
505 1452 563 1504 sicut
576 1451 610 1503 illi
619 1452 658 1516 qui
667 1456 747 1503 coutna
759 1453 888 1505 hereticos
903 1456 945 1507 dis·
979 1468 981 1497 :

141 1523 239 1588 nutando
251 1525 399 1578 contendunt.
415 1523 477 1574 Unde
489 1537 557 1587 super
568 1523 624 1574 illud
638 1523 657 1573 l.
673 1525 741 1587 deq..
757 1524 808 1574 xlv
819 1540 826 1574 ε
837 1542 852 1572 «
860 1526 947 1576 decidi
979 1528 981 1563 l

141 1597 236 1660 quadam
247 1595 312 1658 die‚»
323 1599 377 1657 cto,
389 1593 443 1644 dicit
454 1595 534 1646 Glossa
551 1610 558 1644 ε
576 1612 590 1642 u
601 1595 713 1647 Catholici
727 1599 808 1645 contra
820 1597 945 1648 hereticos
979 1606 981 1663 ξ

141 1667 297 1718 contentiones
313 1679 359 1716 non
377 1670 533 1730 commovent,
548 1665 593 1715 nisi
612 1664 675 1729 psius
687 1666 716 1714 ad
731 1667 850 1716 certamen
864 1682 948 1732 prono

141 1745 229 1792 celitur.
240 1757 253 1787 u
263 1741 321 1801 [lugo
337 1738 452 1790 contentio
468 1743 558 1789 nonest
571 1742 688 1802 peceatum
699 1739 803 1789 mortale.

169 1816 200 1862 ·t.
218 1814 342 1870 Pramnos,
357 1811 399 1860 lob
410 1809 501 1859 videtui
518 1823 569 1858 cum
582 1811 633 1860 Deo
646 1809 806 1873 contendisse,
818 1812 948 1863 secunddm

145 1883 199 1932 illud
212 1881 267 1940 lob,
282 1882 373 1932 lllllllll
388 1897 393 1930 :
414 1880 550 1944 «Numquid
570 1880 609 1943 qui
624 1881 740 1930 contendit
753 1895 804 1930 cum
821 1883 888 1946 Deo,
903 1888 948 1934 mm
979 1902 981 1949 5

143 1953 209 2002 tuelle
227 1951 382 2014 conquiescit?
398 1968 411 1998 u
430 1954 460 2000 Et
472 1955 547 2002 temen
562 1951 605 2002 lob
620 1965 667 2001 non
743 1952 791 2001 avit
805 1954 947 2015 mortalitem
979 1952 981 1963 '

143 2023 196 2088 quia
211 2021 318 2073 Dominus
332 2024 359 2072 de
373 2036 400 2072 eo
420 2021 476 2071 dicit
494 2038 500 2070 ε
517 2039 531 2069 u
545 2023 595 2072 Non
611 2022 666 2072 estis
689 2023 752 2073 ocuti
765 2027 855 2074 rectum
872 2039 949 2076 coram
979 2018 981 2021 ’

145 2109 180 2146 me
190 2133 196 2158 ,
208 2095 266 2144 sicut
280 2107 359 2144 munus
376 2107 439 2144 meus
452 2093 510 2154 doh,
524 2111 539 2141 u
549 2094 748 2153 utlnabeturlod,
767 2095 809 2144 ult.
821 2095 884 2160 Ergo
896 2112 949 2148 eon

145 2166 216 2216 tentio
226 2177 272 2214 nou
291 2167 325 2214 est
339 2177 428 2228 semper
440 2169 561 2227 peccatum
576 2166 677 2215 montale.

176 2237 220 2286 Sed
239 2239 316 2286 contra
333 2240 376 2298 est,
393 2235 452 2299 qudd
470 2236 620 2286 contrariatur
635 2239 749 2300 precepto
766 2237 891 2300 Apostoli,
911 2238 949 2303 quui

146 2308 199 2358 dicit
214 2309 233 2356 ll
247 2307 282 2356 ud
298 2308 372 2362 Tim„
384 2309 404 2356 ll
420 2323 425 2356 :
438 2307 515 2358 «Noli
529 2308 604 2358 vernis
614 2308 783 2371 contenderem
798 2312 822 2359 et
836 2309 911 2365 Gal,
920 2311 945 2368 tl,

145 2379 261 2429 contentio
273 2382 401 2428 numeratur
415 2378 472 2428 luto
487 2392 555 2444 opera
572 2380 658 2441 camis,
675 2397 689 2427 «
698 2393 749 2444 que
762 2381 802 2444 qui
816 2387 899 2446 agunt,
915 2395 948 2432 re

146 2463 214 2513 gnum
230 2449 270 2499 [lei
289 2462 334 2499 uon
354 2449 516 2512 possidebunt,
536 2466 550 2497 u
566 2454 592 2500 ut
610 2445 692 2501 ibidem
706 2451 795 2502 dicitur.
814 2451 861 2501 Sed
881 2466 947 2502 omne

146 2521 206 2584 quod
224 2521 323 2572 excludit
337 2520 350 2570 a
368 2533 437 2584 regno
451 2521 491 2570 llei
504 2525 527 2570 et
541 2522 601 2584 quod
614 2521 762 2571 contrariatur
774 2526 899 2587 precepto,
913 2527 947 2574 est

146 2596 262 2656 peccatum
278 2592 381 2642 mortale.
398 2591 455 2654 llcgo
466 2592 581 2643 contentio
595 2598 630 2644 est
645 2597 763 2657 peccatum
777 2595 883 2645 mortale.

180 2665 344 2725 (Couccusm.
358 2691 389 2702 —
405 2663 528 2714 contentio
543 2677 587 2727 qua
600 2663 745 2728 impugnatur
757 2668 842 2716 venius
863 2665 946 2718 inordi-

182 2817 213 2884 (1)
228 2822 260 2866 lte
272 2819 389 2868 hisatium
398 2821 430 2868 11.
446 2818 560 2869 Timotd,
573 2818 604 2878 11,
616 2819 672 2865 lect.
681 2819 706 2866 2.
