1992 3317
140 158 170 207 tt
276 166 351 206 unm
369 164 500 214 umorue,
516 164 607 211 ouesr.
624 164 679 214 oxu,
697 163 751 205 nur.
768 164 803 203 iv.

139 250 183 297 hoe
199 246 261 310 quod
278 246 314 295 est
326 242 481 309 preveniens
498 245 522 292 ot
535 240 700 306 moerorem,
720 240 848 292 standum
865 258 967 300 essen.

139 318 207 381 tiam,
226 316 266 367 sed
282 316 356 367 solum
366 314 491 366 seeundum
504 312 623 375 ereum,
644 313 704 365 sient
715 316 740 365 et
754 312 782 364 de
795 320 920 379 operante
938 326 967 373 et

138 391 274 454 cooperante
287 388 374 439 dietum
382 390 433 451 est;
448 385 583 451 quinetiam
594 386 717 436 secundum
728 386 791 449 puod
805 387 885 449 guntin
896 392 965 443 sub·
983 379 984 426 i

137 472 236 525 aqueus
257 459 285 509 ad
301 460 399 524 ¹gloriam
419 458 535 524 pertinet,
550 470 597 508 uon
615 461 650 507 est
667 455 712 507 aiii
727 469 821 508 numero
841 457 966 523 ingratia
983 435 984 470 ¹

138 531 295 597 preveniente
308 544 348 595 per
362 542 430 595 quam
443 542 505 581 nune
513 529 673 594 justitieomur.
685 529 748 578 sicut
762 529 822 579 euim
840 532 965 587 charitas

139 602 184 655 uie
193 615 238 653 uon
248 605 378 665 evacuatur,
389 602 430 653 sed
438 601 555 667 perficitur
566 601 591 651 iu
604 599 686 665 petrin,
696 600 728 651 ite
742 600 812 651 etiam
824 604 851 651 et
864 603 899 654 de
918 608 965 657 iu-

138 674 200 725 mine
213 674 291 739 gratio
302 677 338 725 ost
350 674 484 737 dicendum,
496 672 550 738 quin
564 676 668 723 neutrum
679 672 749 723 insui
759 670 848 723 ratione
859 673 963 741 imper-

139 744 259 798 fectionem
272 745 386 811 imment.

171 818 204 867 id
217 817 310 868 tertium
322 816 452 878 dicendum,
464 817 524 880 quod
534 814 637 881 quemuis
651 815 745 865 edoctus
760 815 837 879 gratie
851 820 962 880 possint

139 900 188 941 esse
200 888 285 941 induiti
298 902 408 949 numero,
421 888 479 940 sieut
490 892 543 939 sunt
560 887 643 938 induiti
657 890 722 937 notus
737 886 844 947 humani,
867 891 962 944 tannen

139 971 220 1011 omnes
236 960 372 1011 reducuntur
387 961 416 1011 ad
430 959 506 1023 eliqua
521 960 670 1011 determinato
685 958 711 1007 in
725 958 818 1023 speeie,
834 962 860 1008 et
883 974 961 1024 ρω-

139 1034 201 1083 teron
214 1042 292 1082 omues
310 1032 450 1084 conueniunt
463 1030 487 1081 in
501 1032 544 1080 hou
558 1031 619 1094 quod
633 1043 692 1080 unus
709 1028 778 1079 atium
791 1031 921 1093 precedit.

436 1173 593 1224 innodius
609 1173 648 1223 iv.

184 1281 270 1326 Utrdnt
287 1281 369 1339 pratia
387 1279 463 1337 pratis
480 1279 723 1390 ἕαὶίιῖὦοηυιηίεηῑεν
738 1280 771 1323 nd
789 1279 909 1335 Aportoto

496 1354 521 1386 ee
573 1354 612 1387 ur.

172 1454 205 1503 td
222 1454 325 1516 quartum
343 1451 377 1501 siu
387 1450 524 1515 proceditur.
540 1449 635 1501 Videtur
644 1451 705 1514 quod
719 1450 791 1513 podo
804 1450 878 1512 protis
894 1454 959 1506 data

140 1522 329 1577 intonuenienter
344 1522 373 1573 ab
391 1522 501 1587 Apostolo
514 1522 675 1585 distinguatur.
688 1522 762 1573 (inune
779 1522 842 1573 edm
856 1523 959 1577 donum

141 1596 202 1661 qnod
213 1596 278 1647 nohis
290 1595 303 1647 i
315 1595 362 1647 Deo
374 1595 445 1659 pratis
454 1594 530 1658 datur,
536 1597 612 1659 potest
619 1593 665 1644 diei
676 1594 764 1658 pratia
772 1594 858 1660 protis
870 1594 957 1649 data.

141 1667 185 1719 Sed
196 1666 286 1718 induite
297 1670 352 1719 sunt
361 1666 421 1717 dona
431 1679 481 1730 quae
491 1665 557 1717 nobis
568 1664 638 1730 produ
649 1664 719 1717 diieo
730 1666 888 1717 oonoeduntur
898 1671 958 1720 tem

142 1739 167 1789 in
182 1738 250 1790 honis
267 1737 349 1791 enimn
363 1750 431 1803 quun
445 1738 470 1787 in
480 1737 547 1789 bonis
560 1736 671 1801 corporis,
684 1750 734 1803 que
747 1741 825 1788 tnnen
836 1748 881 1788 uos
899 1739 959 1791 Deo

142 1812 219 1873 patos
233 1823 279 1860 non
292 1809 387 1861 fuciunt.
404 1809 462 1872 Ergo
473 1808 551 1872 gretie
565 1807 635 1872 pratis
644 1806 702 1859 dite
716 1821 763 1859 non
777 1805 874 1871 puisun
884 1822 960 1862 oom-

141 1881 254 1944 prehendi
265 1880 307 1932 suh
322 1881 470 1944 aliquandiu
485 1878 607 1930 divisione.

174 1957 198 2004 2.
213 1957 341 2017 Praetereo,
357 1952 431 2015 gretia
449 1954 535 2016 protis
551 1952 615 2002 doto
634 1952 783 2017 distinguitur
800 1957 879 2005 eontra
897 1970 959 2021 gra·

143 2024 197 2075 tiam
209 2026 315 2088 pratum
334 2023 477 2087 seuientem.
490 2022 536 2074 Sed
550 2022 606 2073 fides
619 2023 719 2087 pertinet
730 2024 759 2077 ud
775 2025 871 2088 pretinm
886 2042 958 2092 qra-

146 2099 202 2146 tum
216 2095 358 2158 facientem,
371 2094 425 2157 quia
437 2107 479 2158 per
490 2094 562 2160 ipsum
573 2094 739 2158 justificamur,
751 2098 879 2147 secundum
892 2097 960 2153 iliud

143 2168 224 2229 Rom„
242 2166 260 2215 V
279 2181 284 2215 :
301 2164 449 2216 «iustificati
468 2165 538 2230 igitur
553 2178 582 2216 ex
595 2167 657 2230 tide,
676 2171 720 2218 etc.
733 2182 748 2214 u
763 2165 958 2232 Erpo'iuoonue·

144 2237 232 2289 niente
245 2238 336 2302 ponitur
347 2236 404 2287 fides
412 2237 472 2289 inter
483 2237 567 2302 gratias
578 2238 648 2301 gratis
658 2239 738 2299 dates,
751 2240 881 2303 presertim
896 2254 957 2293 oum

144 2308 195 2360 iliu
205 2308 302 2359 uirtutes
314 2307 347 2359 iui
361 2322 407 2359 nun
419 2314 543 2373 ponuntur,
556 2313 581 2359 ut
595 2322 648 2375 spes
664 2314 688 2361 et
700 2309 808 2361 nunnitus.

176 2383 200 2427 t.
215 2379 342 2442 Praeterea,
358 2381 459 2443 operatio
478 2381 617 2444 saniorum,
631 2386 655 2431 et
674 2380 737 2446 loqui
755 2380 843 2433 diremi
865 2396 957 2447 genera

144 2449 285 2514 linguarum,
294 2450 401 2500 miracula
415 2452 518 2515 quedam
529 2454 594 2514 sunt3
607 2452 766 2517 interpretatio
776 2452 846 2503 etium
861 2466 959 2509 sermo·

144 2520 246 2571 nomed
266 2520 401 2585 sapientium
419 2522 456 2573 vel
477 2522 595 2574 seientiam
612 2522 727 2589 pertinet,
747 2524 873 2575 seeundum
892 2526 955 2580 iliud

146 2591 223 2652 Deo„
235 2592 245 2641 1
258 2607 265 2642 t
281 2592 387 2645 «Pueris
397 2593 434 2645 his
447 2594 510 2645 dedit
522 2594 584 2645 Deus
596 2594 715 2645 minutium
728 2597 753 2645 et
765 2594 913 2659 disciplinam
928 2598 957 2650 in

146 2662 208 2715 omni
218 2663 275 2715 libro
285 2668 307 2717 et
316 2664 437 2731 snpientia.
447 2682 461 2713 u
472 2666 531 2731 Ergo
541 2665 730 2717 inconvenienter
738 2665 871 2717 diuiduntur
879 2670 957 2731 gratia

146 2732 268 2787 enititum
277 2740 301 2787 et
311 2748 394 2802 genera
405 2736 534 2800 linguarum
544 2740 624 2788 eontra
632 2737 789 2801 operationem
799 2736 923 2804 uirtutum,
930 2747 956 2792 et

147 2804 304 2871 interpretatio
312 2822 442 2861 sermonum
452 2813 531 2859 wuito
539 2821 668 2859 sermonen
677 2808 796 2875 sapientie
805 2810 829 2860 et
838 2808 955 2865 scientio.

182 2880 205 2929 t.
220 2879 544 2947 inneneuuendiun
560 2884 585 2931 et
594 2879 691 2933 nuntio
704 2885 758 2935 suut
772 2881 877 2947 quedn
891 2883 954 2938 ᾱοω
