1992 3317
141 135 188 198 tlt
250 147 357 196 sicurms
373 143 504 204 suenrus,
516 142 611 200 nurum.
628 148 708 207 mo,
720 151 777 193 sur.
794 145 829 195 rt.

141 236 209 286 mmm
227 237 319 298 propter
333 231 447 284 tristitiem
463 231 536 282 multu
556 234 693 294 operantur,
707 231 747 282 rel
758 235 786 282 ut
801 231 873 296 ipsam
891 229 941 282 eui·
982 226 984 239 '

140 309 204 368 tent,
223 305 260 356 uel
273 303 323 367 ejus
335 305 433 367 pondere
446 303 470 352 in
481 302 557 366 ulique
572 303 659 366 agenda
675 308 861 366 prorumpentes.
874 304 941 354 tlnde
982 303 984 306 ’

141 377 219 426 acedia
230 375 280 426 cium
292 376 321 426 sit
334 374 423 425 tristitia
434 375 553 438 quedam,
566 377 593 422 nt
603 373 670 438 suprl
680 374 769 424 dictum
782 379 819 425 est
830 376 878 438 (t),
889 387 943 425 eon-

143 446 261 498 venienler
274 445 364 510 ponitur
376 445 455 495 uitium
469 444 575 508 ospitale.

174 519 208 568 Ad
217 517 314 580 primunr
322 529 376 580 eruo
387 515 507 567 dicendum
514 516 588 580 ,qnod
595 516 672 566 suedis
680 519 828 580 aggravando
833 519 943 582 animum,

144 588 258 640 hominem
271 588 364 652 impedit
378 587 407 638 ulo
421 587 466 637 illis
481 587 646 652 operibusque
656 587 770 638 tristitiam
780 593 889 653 causeum
906 591 944 640 sed

140 663 216 710 tumen
226 659 313 710 inducit
325 659 424 710 animum
434 659 462 708 nd
476 658 551 720 aliqua
561 659 664 721 agendo,
675 657 713 708 uel
719 673 770 722 pum
782 664 837 710 snut
845 661 944 711 tristitie
978 666 985 701 l-

141 743 256 794 consona,
272 730 331 781 sicut
349 731 376 781 ud
391 729 538 794 plorandum,
549 729 588 778 uel
605 728 674 779 etism
689 730 720 782 ud
735 730 813 794 ulium
836 744 879 795 per
895 745 945 795 qun

141 802 236 852 tristitia
245 801 351 852 evitatur.

173 875 208 924 Ad
219 874 343 924 secundum
355 873 490 934 dicendum,
506 869 567 934 quod
579 871 700 935 Gregorius
710 874 876 924 conuenienter
886 874 947 925 essi-

144 945 358 1009 gustllliasncediae3
367 944 420 1008 qnia
428 943 531 1004 snim‚ut
538 942 691 1007 Philosophus
700 942 844 994 dicitinlllll
850 945 947 1004 Elicio,

145 1035 159 1064 u
173 1018 247 1068 nullus
256 1018 294 1067 diu
308 1017 391 1079 absque
402 1014 552 1064 delectatione
564 1018 640 1077 potest
649 1027 740 1065 manue
753 1029 809 1065 curn
818 1017 945 1080 tristitis‚»

144 1101 239 1140 necesse
252 1093 288 1140 est
307 1087 367 1152 quod
386 1099 415 1138 es
428 1085 521 1136 tristitia
535 1084 620 1148 siquid
639 1085 760 1149 dupliciter
775 1087 883 1137 oriatur:
901 1101 949 1138 uno

145 1160 221 1222 nodo,
235 1163 260 1208 ut
271 1161 338 1210 homo
349 1159 438 1208 recedat
450 1156 461 1206 i
471 1155 668 1220 contristantium
678 1157 723 1207 alio
732 1159 817 1221 modo,
829 1162 856 1208 nt
865 1159 896 1210 sd
907 1159 949 1210 ulia

144 1233 246 1282 transeut
259 1229 283 1278 iu
296 1228 377 1293 quibus
393 1229 532 1280 delectetur:
548 1226 608 1278 sicul
622 1227 656 1278 illi
665 1228 704 1291 qui
717 1241 763 1280 non
778 1234 880 1292 possunt
892 1245 949 1294 guu-

145 1301 197 1350 dere
210 1301 235 1348 in
249 1299 403 1362 spiritualibus
418 1297 619 1360 delectationibus,
636 1298 775 1349 translemnt
785 1312 812 1349 se
829 1301 859 1351 ud
869 1315 949 1365 corpo

145 1371 213 1431 mles,
227 1370 350 1421 secundnm
361 1370 524 1432 Philosophum
536 1369 561 1420 iu
571 1370 593 1420 x
605 1371 689 1419 tilleio.
698 1371 726 1419 lu
738 1369 793 1433 inps
808 1376 888 1422 numm
900 1374 950 1423 tris
984 1426 985 1431 χ

145 1443 201 1494 tiliae
215 1443 267 1494 tulis
287 1455 407 1506 processus
425 1441 625 1504 connuncupata
639 1440 713 1506 primo
731 1443 801 1492 homo
820 1442 883 1506 fugit
896 1459 949 1496 uon·

145 1515 273 1578 tristanum
284 1512 381 1565 secundo
391 1512 459 1564 elium
471 1513 590 1576 impugnat
600 1524 628 1562 ea
636 1526 687 1576 qun
701 1511 819 1562 tristitiom
828 1514 948 1578 ingerunt.

147 1586 277 1652 Spirilmlia
288 1589 363 1636 sulem
376 1585 436 1636 hona
451 1581 569 1646 dequibus
583 1583 684 1650 tristetur
696 1583 782 1647 scedis,
793 1589 851 1635 sunt
864 1591 890 1637 et
901 1588 951 1638 linis

46 1713 49 1720 ,
147 1665 172 1712 et
182 1661 206 1711 ld
219 1659 279 1724 quod
293 1661 328 1708 eut
341 1658 369 1707 ud
380 1655 458 1706 finem.
473 1654 536 1717 Fuga
546 1657 622 1704 numm
635 1653 687 1704 linis
700 1655 776 1717 dtper
789 1655 952 1720 desperatum

38 1755 42 1767 ·
81 1721 123 1768 *35
129 1729 218 1795 ‘·uem,·
230 1733 283 1794 luga
297 1733 372 1779 sulem
390 1728 500 1777 bonorum
522 1739 572 1787 quus
584 1728 639 1775 sunt
651 1725 679 1774 ud
694 1726 776 1787 duem,
786 1732 905 1789 quantum
924 1730 952 1780 pp

149 1805 277 1865 nduuuuu
287 1801 382 1852 subsunt
391 1797 501 1860 consiliis,
516 1797 541 1846 dt
551 1809 593 1859 per
603 1797 868 1860 pusillanimitatem,
880 1814 953 1864 quan·
985 1800 986 1803 ’

149 1881 199 1926 tum
214 1879 289 1924 aulem
302 1873 330 1922 sd
343 1884 369 1922 es
386 1884 436 1933 qun
448 1868 566 1933 pertinent
580 1869 608 1918 ud
624 1880 768 1918 communem
779 1869 912 1932 justitium,
931 1872 955 1921 lit
985 1902 986 1931 p

150 1959 191 2009 per
212 1948 339 2008 torporem
356 1945 423 1992 circu
435 1942 572 2004 precepta.
586 1939 729 2002 impugnatio
752 1943 831 1989 sunm
854 1944 955 1994 connis·
985 1942 986 1965 ³

151 2016 250 2068 tuntinm
266 2015 375 2066 bonorum
395 2010 560 2077 spiritualium,
572 2011 707 2073 quandoque
727 2010 821 2074 quidem
837 2017 876 2064 est
894 2013 955 2064 circa

151 2088 270 2150 homines,
281 2086 321 2149 qui
335 2086 363 2136 ud
374 2085 434 2134 bone
443 2080 569 2146 spiritualia
582 2080 706 2142 inducunt,
720 2086 744 2132 et
758 2081 955 2148 ilcestruncor;

151 2159 285 2224 quandoque
297 2155 351 2207 uerd
362 2169 386 2208 se
395 2153 496 2206 extendit
508 2152 535 2202 ad
545 2151 594 2216 ipsu
604 2151 810 2216 spiritualemne,
821 2154 956 2217 inquorum

95 2225 127 2264 ff
152 2231 324 2282 detestationem
341 2226 423 2288 aliquis
434 2223 565 2281 adducitur,
581 2227 604 2272 et
621 2225 665 2272 hoc
680 2222 770 2286 proprie
784 2229 820 2274 est
832 2225 953 2277 mulitia.

150 2302 176 2350 ln
194 2304 303 2363 quantum
325 2303 400 2344 audem
419 2299 510 2358 propter
528 2294 640 2342 tristitiem
655 2294 668 2340 l
686 2292 842 2356 spiritualibus
866 2295 950 2357 aliqum

150 2375 258 2426 trunslerl
273 2387 295 2420 se
311 2373 338 2420 ud
354 2367 624 2425 llolectshiliuexteriors,
635 2367 726 2428 ponitur
736 2366 782 2416 lilia
795 2367 881 2417 credin
895 2387 952 2416 wal·

150 2448 223 2511 patio
233 2447 298 2492 circu
311 2441 412 2489 illicito.
423 2440 465 2487 Per
478 2439 537 2500 quod
545 2441 608 2498 potet
616 2437 734 2499 responsio
741 2438 769 2486 ud
780 2449 808 2486 es
822 2450 876 2499 quus
887 2442 949 2486 cirri

101 2541 129 2568 n·
150 2518 252 2580 singulus
261 2516 317 2563 lilius
326 2512 503 2576 olljiciellnntnr3
515 2522 566 2555 rrum
575 2507 678 2556 licutino
687 2519 734 2554 non
741 2505 854 2569 accipitur
863 2509 903 2556 inlr
917 2534 941 2556 0·-

151 2587 249 2640 oundiun
263 2586 323 2649 quiid
331 2589 365 2634 est
377 2595 447 2643 genus
462 2579 578 2639 uitiorum,
587 2580 625 2626 sod
636 2578 693 2626 sient
707 2577 791 2626 dictum
802 2582 848 2641 est;
860 2595 946 2629 rotun„

184 2747 217 2810 ll)
233 2753 268 2796 Ex
280 2750 422 2792 llumsscono
434 2754 517 2796 nempe
529 2748 572 2785 art.
585 2739 596 2784 1
607 2759 613 2794 ς
627 2745 685 2784 utet
696 2739 719 2799 l,
728 2740 802 2797 Qqu.
814 2739 856 2800 35,
867 2748 914 2788 m,
926 2742 950 2793 8,

152 2813 192 2858 nbi
206 2816 304 2867 quatuor
314 2809 409 2851 tristities
424 2804 553 2862 speciesex
568 2803 649 2848 eodem
658 2802 748 2862 plenitus
761 2802 918 2858 explicantur,
932 2812 954 2846 ol

152 2876 211 2919 inter
220 2873 271 2919 illas
281 2872 335 2918 ista.
