1992 3317
653 56 665 92 r

233 125 354 168 uerrutis
371 123 491 166 oeeoerrre
508 127 658 168 inmune.
798 119 843 166 llll

333 311 491 364 innodetis
510 312 558 365 vti.

165 438 250 484 Uirum
259 437 312 496 quis
319 437 400 482 deleat
409 449 457 481 esre
466 437 583 485 sollicitus
592 439 739 487 sciurorum.
824 476 826 479 .

86 565 118 615 nd
136 563 255 627 septimum
276 563 309 613 eic
325 561 463 628 proceditur.
477 563 571 613 Videtur
587 564 646 627 quod
665 565 748 630 uliquis
767 567 848 619 debced

57 635 163 686 sollicitus
172 646 223 685 esse
233 634 368 684 ituturoruur.
383 633 542 684 diciturenim
557 636 685 696 procero,
695 638 725 687 lll
740 653 746 687 ε
761 657 775 686 u
786 641 848 691 Vade

57 709 83 757 ad
96 704 226 766 formicam,
241 718 255 755 o
268 705 340 768 piger,
350 707 374 756 ct
384 703 634 769 considerandaeque,
645 711 668 756 et
683 708 743 760 disce
756 710 847 775 sapien·

56 775 121 838 tiam}
136 789 184 840 qne
203 789 254 826 cum
266 789 312 826 uon
327 776 408 826 habeat
422 777 517 836 ducent,
531 789 575 826 uec
591 782 770 842 preceptorem,
783 785 849 845 paret

56 849 80 896 in
94 850 168 898 estate
182 847 255 897 cibum
269 847 324 909 sibi,
335 850 358 898 et
371 850 492 910 congregat
503 846 527 896 in
544 861 617 898 messe
632 851 691 910 quod
704 851 814 901 comedet.
833 867 847 899 o

56 919 98 968 Sed
112 920 154 968 hoc
166 921 201 968 est
213 917 238 967 in
254 919 352 968 iciunum
366 917 490 968 sollicitari.
507 918 568 981 Ergo
581 919 699 970 laudabilis
712 924 748 970 cst
765 921 850 971 sollici-

56 991 109 1040 tudo
122 989 255 1038 futurorum.

86 1065 109 1109 t.
123 1060 372 1122 Preterea‚soliicitudo
382 1061 409 1110 ad
421 1059 565 1124 prudentiam
574 1060 676 1124 pertinet
688 1060 730 1125 (1).
742 1061 787 1112 Sed
795 1077 850 1126 pru·

55 1131 131 1181 denlie
142 1130 256 1194 precipui
270 1133 305 1180 est
321 1131 460 1194 iulurornm3
476 1131 590 1195 precipua
606 1130 667 1181 enim
681 1145 734 1194 puis
752 1131 802 1195 ejus
815 1136 852 1183 est

54 1201 192 1266 prouidentia
209 1202 351 1264 futurorum,
366 1205 471 1268 utsupra
487 1202 572 1253 dictum
590 1205 634 1252 est.
650 1202 709 1265 Ergo
724 1202 850 1253 dutuosm

54 1276 90 1322 esi
104 1270 217 1322 sollicitari
235 1271 366 1323 defuturis.
559 1277 562 1281 ’

86 1348 108 1391 3.
125 1345 249 1406 preterea,
265 1343 402 1408 quicumque
416 1345 508 1408 reponit
524 1343 609 1408 aliquid
622 1345 647 1393 in
662 1348 779 1408 posterum
795 1357 850 1395 con-

53 1414 199 1474 servandum,
208 1415 318 1464 sollicitus
328 1419 364 1465 eet
379 1415 525 1466 induturum.
537 1415 580 1467 Sed
593 1416 641 1480 ipse
651 1416 756 1466 Christus
766 1415 851 1478 legitur

52 1488 135 1539 Joon„
147 1485 203 1547 llll,
214 1486 300 1536 loculos
315 1487 423 1537 habuisse
439 1488 466 1536 ad
487 1487 571 1549 aliquid
586 1488 779 1548 conservandum,
793 1499 850 1549 quos

50 1557 124 1608 ludas
131 1555 254 1606 deiciebat.
266 1557 366 1620 Apostoli
372 1558 441 1608 etiarn
447 1557 612 1608 conservabant
621 1557 693 1620 pretia
703 1557 854 1620 prediorum,

51 1641 104 1690 que
118 1631 170 1676 ente
186 1627 256 1690 pedes
273 1640 351 1677 eorum
362 1628 513 1692 ponebantur,
525 1631 551 1676 ut
563 1626 723 1690 legiturdct„
739 1627 778 1676 lv.
792 1628 851 1688 Ergo

50 1699 144 1748 licitum
162 1701 197 1748 est
207 1698 234 1748 in
244 1699 346 1748 futurum
360 1697 484 1749 sollici-teri.

83 1769 130 1820 Sed
143 1772 224 1820 contre
234 1772 284 1830 est,
296 1769 356 1834 quod
369 1770 477 1820 Dominus
497 1768 553 1818 dicit
564 1767 664 1827 Matio„
678 1767 726 1816 lll:
748 1784 762 1814 u
779 1767 853 1818 Nolite

50 1839 145 1890 solliciti
156 1853 207 1888 esee
217 1840 241 1889 in
250 1840 406 1890 crarlinum.'o
416 1840 471 1890 Cres
481 1842 557 1889 autem
568 1837 600 1888 ili
610 1837 703 1902 ponitur
715 1837 850 1903 proiciam,

50 1913 114 1962 sicut
134 1910 189 1960 dicit
202 1911 361 1976 Hieronymus.

86 1983 285 2046 (conmunio-
295 1984 389 2046 Oportet
402 1982 518 2033 hominem
527 1982 629 2046 tempore
641 1980 775 2043 congruenti
788 1984 854 2044 utque

50 2057 200 2117 opportuno,
220 2065 267 2103 non
286 2057 360 2104 auom
378 2057 443 2104 extre
460 2053 517 2102 illud
537 2056 638 2116 tempus,
653 2053 681 2102 de
699 2052 782 2102 futuris
804 2064 855 2102 esse

49 2123 199 2186 sollicitum.)

84 2195 223 2259 Respondet)
236 2195 368 2255 dicendum,
379 2195 439 2258 quod
453 2195 540 2245 nudum
554 2207 612 2258 opus
622 2197 755 2258 potestesse
768 2194 855 2243 virtuo-

49 2280 104 2317 sum
118 2264 166 2314 nisi
180 2265 262 2316 debitio
279 2265 453 2316 circumstantiis
470 2265 581 2316 tutetur
596 2281 602 2314 ε
622 2265 681 2314 inter
693 2278 750 2328 ques
761 2278 807 2314 uua
819 2268 856 2314 eet

48 2337 156 2386 debitum
166 2336 399 2398 ternpus‚eecundum
407 2335 462 2386 illud
474 2335 576 2395 Eccles„
589 2336 657 2386 lllll:
671 2335 759 2386 «omni
767 2335 857 2398 negotio

48 2411 148 2470 tempus
165 2409 203 2456 est
212 2410 237 2456 et
246 2405 403 2470 opportunitas
412 2422 419 2466 3
429 2423 442 2454 n
451 2407 512 2469 quod
523 2419 570 2456 non
584 2408 658 2457 solum
671 2407 696 2456 iu
705 2406 857 2456 exterioribus

47 2478 184 2541 operibus,
201 2477 240 2527 sed
259 2478 328 2527 elium
350 2477 375 2525 in
398 2475 500 2526 interiori
519 2476 671 2526 sollicitudine
686 2477 761 2526 locum
777 2476 856 2526 hebet.

48 2547 188 2612 Unicuique
205 2547 266 2598 euim
288 2546 384 2611 tempori
405 2547 515 2610 competit
528 2546 623 2611 proprie
641 2545 782 2609 sollicitudo,
799 2545 859 2596 sicut

84 2708 120 2770 (1)
137 2711 169 2754 Ut
183 2721 212 2754 cx
228 2709 333 2766 proiecto
348 2709 491 2767 propositum
508 2714 531 2754 et
544 2710 665 2766 probatum
683 2713 734 2763 est,
749 2719 789 2763 qu.
810 2706 855 2767 tt,

45 2778 95 2880 gg.
111 2771 152 2880 69,
175 2771 235 2858 sicut
252 2772 321 2818 etiem
336 2773 398 2832 quod
420 2771 535 2835 sequitur,
550 2772 676 2818 indicatum
694 2776 730 2817 cet
749 2782 789 2828 qu.
811 2768 858 2831 te,
