1992 3317
381 115 411 158 hn
426 103 569 159 seersum.
831 109 875 162 dil
955 135 962 147 =

72 200 168 264 propter
184 189 335 248 idololatriam
348 201 402 248 sunt
419 197 488 261 aliqui
507 199 603 248 humana
622 208 705 262 mann,
717 197 792 264 gladio
804 199 876 251 inter·

71 269 145 332 lecti3
161 268 188 318 de
203 269 295 332 peccato
312 271 387 318 autem
398 267 526 336 schismatis
543 267 624 332 tegitur
637 271 727 334 Num„
742 271 792 320 xvi
809 286 815 320 ε
831 269 876 323 «Si

72 349 159 390 novam
170 352 217 389 rem
229 337 308 388 lecerit
317 339 438 400 Dominus,
451 341 476 387 ot
496 339 601 402 aperiens
612 344 671 390 terra
682 354 709 391 os
722 355 787 390 suum
798 343 877 406 deglu-

72 413 117 462 tiat
129 425 170 462 eos
185 414 208 460 et
218 411 293 460 omnia
308 405 358 473 qnia
372 409 399 458 nd
412 409 463 459 illos
478 409 606 474 portinent,
622 411 825 476 descenderintque
838 412 873 462 si·

72 487 157 534 nentes
171 483 198 532 ad
218 481 345 542 internum,
358 481 434 532 scietis
453 481 513 545 qnid
526 482 740 547 blasphemaverunt
755 484 874 534 [lominum

73 557 156 605 iteum.
179 569 193 600 a
212 555 294 604 liccam
310 553 379 604 etiam
393 552 478 614 trihus,
490 567 540 618 qun
559 553 615 604 vitio
635 555 762 607 schismatis
779 559 875 620 iregno

73 624 150 675 David
164 630 324 686 recesserunt,
339 628 392 674 suni
410 622 542 688 gravissimi
559 625 661 688 punitae,
676 631 701 676 nt
717 629 816 679 hahetur
834 627 874 678 iv,

76 695 146 758 lieo,
167 695 235 745 xvii.
257 697 315 760 Ergo
331 699 447 759 peccatum
466 695 594 746 schismatis
614 700 650 748 est
671 698 764 762 gravius
783 701 875 763 peceato

73 764 226 816 infidelitatis.
938 777 941 782 ·

107 841 131 886 2.
152 837 280 898 Preterea,
294 837 378 888 honum
400 837 550 888 multitudinis
571 841 607 888 est
624 838 699 902 majus
714 843 738 890 ct
758 841 870 904 divinius,

74 917 144 972 quom
155 907 240 957 honum
253 908 333 970 unius,
345 911 371 958 ut
383 911 446 971 patet
457 922 497 972 per
511 910 673 973 Philosophum
682 908 706 958 in
716 911 725 958 l
734 911 817 960 Echio.
828 913 873 963 Sed

75 978 177 1029 schisma
188 981 223 1030 esi
240 979 414 1029 contraherem
428 979 591 1042 mutitudinis,
605 979 628 1029 ii
640 983 689 1044 est,
703 985 782 1031 contra
795 983 875 1033 Eccle-

75 1049 191 1100 siasiicam
205 1049 328 1113 unitatem;
346 1049 466 1100 infidelitas
480 1054 556 1100 autem
570 1054 605 1100 esi
618 1054 695 1100 contra
707 1052 792 1102 henim
804 1053 875 1116 parti-

75 1121 152 1170 culare
169 1119 252 1184 nnius,
267 1123 326 1188 quod
342 1124 377 1172 cst
398 1121 453 1171 tides
470 1121 539 1172 unius
554 1121 653 1172 hominis
672 1121 801 1185 singularis.
815 1125 875 1187 Ergo

74 1191 168 1244 videtur
189 1191 250 1258 quid
272 1193 370 1244 schisma
388 1191 418 1243 sit
436 1194 526 1256 gravius
544 1198 676 1258 peecatum,
690 1207 758 1257 quam
777 1194 876 1245 infideli-

74 1266 120 1314 tas.

76 1327 78 1332 '
109 1339 132 1385 3.
148 1336 269 1398 praterea,
281 1335 361 1400 majori
377 1335 435 1386 malo
447 1335 519 1400 majus
532 1337 617 1388 bonnm
630 1335 751 1400 opponitur
761 1376 767 1398 ,
778 1340 804 1387 nt
814 1341 876 1404 patet

74 1420 118 1470 per
132 1405 296 1470 Philosophum
309 1407 334 1456 in
352 1407 401 1457 illi
414 1407 494 1456 titinio.
510 1407 555 1456 Sed
571 1407 671 1457 schisma
681 1409 805 1471 opponitur
821 1412 875 1459 cha-

74 1477 153 1541 ritati,
168 1491 218 1540 quie
233 1481 267 1527 esi
282 1481 353 1539 major
367 1477 438 1527 virtus
452 1476 520 1541 quim
533 1479 597 1540 tides,
609 1477 647 1527 cni
661 1479 781 1542 opponitur
794 1479 876 1532 infide·

74 1548 140 1612 litas,
157 1551 182 1597 ut
195 1560 223 1598 ex
240 1547 364 1612 premissis
385 1551 454 1612 patet.
474 1548 533 1612 Ergo
546 1549 644 1599 schisma
664 1552 701 1600 est
713 1551 804 1614 gravius
821 1565 874 1614 pec·

75 1623 153 1669 catum
168 1619 234 1683 quim
250 1619 379 1669 infidelitas.

109 1689 154 1740 Sed
165 1693 244 1740 contra
258 1693 291 1740 est
306 1705 312 1740 :
329 1691 387 1755 quod
398 1691 505 1752 sehabet
515 1703 545 1740 ex
555 1690 668 1742 additione
677 1692 705 1742 ad
719 1691 824 1756 altemm‚
834 1707 875 1757 po-

75 1762 124 1812 tius
140 1761 226 1812 estrei
244 1761 268 1811 in
282 1760 357 1824 hono,
373 1763 409 1812 sel
421 1762 444 1811 in
462 1763 530 1812 malo.
549 1761 595 1812 Sed
607 1761 702 1813 haeresis
717 1775 742 1813 se
755 1763 823 1812 hahet
835 1777 876 1827 per

75 1832 217 1898 additionem
228 1833 256 1882 ad
264 1833 361 1883 schisma
371 1871 377 1896 ,
389 1831 451 1882 addit
459 1831 521 1884 enim
529 1844 660 1897 perversum
671 1833 767 1895 dogma,
780 1837 876 1898 atpatei

76 1917 107 1955 ex
132 1903 263 1954 aucmritate
289 1903 421 1968 Hieronymi
446 1901 614 1966 superinducta.
638 1903 698 1967 tingo
718 1905 816 1955 schisma
840 1910 876 1956 est

76 1975 154 2027 minus
166 1979 283 2040 peccatum
294 1989 360 2040 quam
379 1973 509 2024 infidelitas.

112 2047 276 2112 (Concessio.
288 2073 319 2084 -
332 2045 387 2098 Cdm
406 2044 545 2095 infidelitatis
558 2048 674 2108 peccatum
693 2049 740 2096 lieo
761 2049 785 2099 et
797 2047 876 2111 prima

76 2119 170 2170 veritati
194 2120 231 2172 cui
254 2119 308 2169 tides
333 2117 445 2180 innititur,
466 2117 613 2179 adversetur,
633 2117 732 2166 schisma
750 2118 804 2168 vero
824 2118 876 2167 nni-

78 2192 120 2242 tati
141 2204 192 2254 quae
216 2194 302 2241 tantem
326 2189 426 2239 divinum
445 2191 480 2238 est
497 2188 598 2248 honum,
612 2191 732 2252 repugnet,
753 2189 827 2252 palam
842 2193 878 2240 est

75 2263 236 2314 infidelitatem
258 2275 286 2314 ex
308 2275 349 2312 sno
371 2274 453 2324 genere
476 2259 596 2310 schismate
620 2258 710 2323 granius
727 2273 777 2312 esse
800 2274 879 2329 pecca·

77 2333 156 2398 tum.)
452 2345 456 2350 ’

107 2407 242 2470 Respondeo
258 2403 391 2466 dicendum,
403 2402 463 2466 qudd
481 2402 580 2466 gravitas
594 2401 682 2466 peccati
700 2402 822 2467 dupliciter
839 2413 880 2469 po·

77 2481 126 2529 test
147 2474 284 2528 considerari
296 2491 302 2525 :
315 2489 360 2526 uno
380 2474 445 2524 modo
468 2475 594 2524 secundnm
611 2487 675 2524 snam
696 2474 811 2537 speciem,
833 2473 880 2524 atio

77 2550 147 2601 modo
162 2549 287 2599 secundnm
301 2545 489 2596 circumstantias.
508 2544 537 2593 Et
550 2544 603 2607 quia
622 2544 795 2594 circumstantie
809 2544 881 2608 parti·

77 2622 167 2671 celares
181 2624 233 2670 sont
244 2619 353 2678 intiniiae,
369 2618 400 2668 ita
414 2616 511 2666 infinitis
523 2617 596 2666 modis
606 2615 689 2666 variari
705 2620 810 2680 possunt.
823 2617 882 2666 Cum

78 2691 187 2756 qnaerhm
204 2691 228 2739 in
241 2689 356 2740 communi
374 2689 402 2738 de
416 2687 504 2740 dnobus
522 2686 623 2751 peccatis
648 2689 708 2752 quod
731 2687 762 2738 sit
781 2687 881 2750 gnanus,

78 2762 227 2825 intelligenda
238 2765 273 2812 est
283 2760 378 2824 questio
392 2760 419 2810 de
433 2757 543 2822 gravitate
555 2771 606 2822 que
617 2758 740 2809 attenditm
753 2759 881 2808 secundum

79 2847 154 2904 genus
171 2832 269 2902 peccati.
283 2831 359 2884 Genus
372 2833 503 2884 anhusen
517 2829 605 2901 specics
615 2829 707 2900 peccati
718 2829 842 2882 attenditur
852 2839 884 2878 ex

745 2930 792 2997 er,
