1992 3317
323 147 358 185 nr
374 145 525 187 nourrius
540 152 622 191 imru.
828 147 874 197 iso

65 222 242 287 tumreditnr,
259 222 391 273 secundum
415 224 471 274 iitud
486 227 551 287 duc,
573 230 593 279 li
614 244 619 278 z
642 246 656 279 u
677 231 722 289 Qui
741 232 838 284 offendit
851 234 876 285 in

68 306 123 359 uno,
134 295 208 346 iactus
221 296 260 346 est
271 294 378 345 omnium
393 309 456 347 rcus.
469 314 485 345 u

361 465 525 519 indictitiis
541 470 579 519 lv.

94 579 98 587 '
124 584 211 629 Utrum
218 584 282 639 fides
291 582 368 640 poerit
381 596 433 628 erre
443 586 521 641 major
529 586 555 631 iu
570 600 618 632 uno
624 620 631 643 ,
642 589 714 645 quidm
730 590 755 634 in
765 589 821 639 atio.

97 703 126 751 nd
135 706 247 766 quartum
259 701 295 752 sic
303 703 440 766 proceditur
445 703 487 767 (t).
498 704 591 755 Videtur
603 706 663 771 qudd
675 707 730 759 iideu
740 722 786 759 non
799 709 874 773 possit

67 786 113 824 esse
126 775 199 837 major
213 774 237 823 iu
251 787 314 837 uno,
327 774 399 837 quim
416 773 441 823 iu
454 774 507 825 olio.
522 776 641 835 Quantitas
656 778 717 827 enim
735 778 826 829 habitus
840 781 874 829 at·

66 845 165 895 tenditur
183 846 315 896 secuudum
328 845 433 908 objecta.
441 846 485 895 Sed
500 846 634 911 quicumque
645 850 714 899 habet
725 850 790 899 iidem
804 850 876 901 credit

67 916 143 966 omnia
154 931 203 979 quur
216 922 272 969 suut
285 917 355 981 fidei3
366 916 421 981 quia
435 917 474 981 qui
493 917 569 967 deficit
581 919 609 967 ab
623 932 668 969 uuo
681 921 782 973 totaliter
792 920 876 975 amittit

68 987 184 1047 iidem‚nt
192 989 261 1053 supriu
270 989 360 1039 dictum
373 992 418 1039 est.
431 989 492 1052 Ergo
502 988 601 1051 videtur,
613 992 672 1053 quod
683 991 739 1043 fides
747 1006 791 1043 non
804 992 875 1058 possit

70 1071 121 1109 erue
131 1059 203 1124 major
216 1061 243 1110 in
258 1074 308 1111 uno
327 1061 398 1125 quim
416 1060 440 1111 in
453 1060 507 1111 ulio.

99 1136 122 1180 2.
139 1132 267 1191 Praeterea,
283 1145 373 1197 caquae
390 1135 445 1183 suut
459 1132 483 1181 in
494 1146 591 1193 summo,
608 1145 654 1183 non
666 1132 781 1197 recipiunt
792 1138 876 1196 mauis

62 1216 135 1267 neque
149 1205 247 1253 minuo.
262 1204 308 1255 Sed
323 1204 382 1254 ratio
396 1202 450 1254 fidoi
464 1207 500 1253 est
517 1202 540 1253 in
556 1218 661 1267 summ03
677 1204 801 1269 requiritur
814 1205 875 1257 enim

64 1275 91 1325 ud
107 1276 177 1327 iidem
190 1277 255 1339 quod
274 1277 347 1325 homo
367 1274 478 1325 inherent
496 1274 574 1338 primu
589 1274 682 1326 veritati
702 1289 771 1340 super
790 1275 873 1327 omnio,

64 1346 120 1408 tirno
132 1348 190 1398 tides
208 1360 259 1397 non
273 1347 358 1411 recipit
371 1349 456 1407 monis
467 1349 491 1395 et
505 1347 597 1396 minuc.

98 1421 120 1468 3.
132 1417 266 1482 Ρηεῑθτοα,
276 1419 311 1468 ita
332 1430 358 1470 ue
372 1418 443 1467 habet
459 1417 515 1468 tides
528 1417 551 1467 iu
564 1418 694 1483 cognitione
709 1420 806 1483 gratuita
815 1420 876 1470 sicut

67 1485 191 1541 intellectus
200 1490 372 1555 principiorum
382 1490 407 1541 in
419 1487 550 1552 cognitione
560 1490 665 1553 naturaii3
676 1503 703 1540 eo
712 1492 773 1553 quod
782 1490 876 1541 Articuli

65 1560 115 1611 iidei
132 1566 187 1613 sunt
201 1563 278 1627 prima
296 1561 412 1626 principio
427 1560 532 1623 gratuitu
547 1560 697 1625 cognitionis,
712 1563 737 1611 ut
759 1576 788 1613 ex
809 1562 876 1611 dictis

66 1636 128 1695 putet
141 1635 198 1698 (qu.
212 1638 227 1685 1
240 1672 248 1695 ,
261 1637 306 1683 ort.
323 1632 364 1696 7).
381 1633 426 1683 Sed
441 1631 571 1683 intellectus
582 1632 744 1697 principiorum
759 1632 876 1696 equaliter

64 1701 180 1755 inuenitur
195 1705 221 1755 iu
232 1704 342 1755 omuibus
357 1704 500 1755 hominihus.
521 1704 580 1767 Ergo
600 1707 624 1755 et
637 1704 693 1753 tides
707 1702 824 1766 aequualiter
844 1703 876 1752 in·

64 1777 154 1827 venitur
169 1778 196 1827 iu
210 1777 321 1829 omnibus
333 1777 450 1827 fidelibus.

93 1850 139 1901 Sed
155 1852 253 1910 contro,
268 1848 409 1913 ubicumque
432 1846 549 1899 inuenitur
568 1860 676 1912 paruum
700 1850 723 1897 et
739 1862 874 1913 muqnum,

64 1918 95 1970 iti
107 1921 229 1971 inuenitur
242 1920 329 1984 mujue
339 1924 362 1970 et
375 1920 470 1968 ocinus.
486 1919 529 1969 Sed
539 1918 563 1969 in
574 1917 618 1969 tide
630 1918 743 1969 invenitur
755 1934 875 1983 rnopnum

63 1994 87 2042 et
100 2008 230 2058 pureum
247 1992 307 2042 dixit
319 1992 381 2041 enim
394 1990 505 2041 Dominus
515 1992 595 2054 Petro,
607 1992 709 2045 Mutilo„
725 1991 790 2041 XIV:
802 2008 815 2040 u
828 1992 875 2041 iio·

65 2062 118 2115 dice
132 2064 190 2114 iidei
206 2076 279 2127 quare
293 2062 447 2113 dubitastiiu
463 2062 493 2111 Iit
506 2061 596 2112 mulieri
612 2060 686 2125 dixit,
702 2062 799 2119 diutili„
814 2064 854 2113 XV
868 2079 873 2111 :

66 2136 180 2201 uitulier,
196 2149 282 2200 magua
295 2140 330 2187 est
341 2136 399 2187 tides
413 2139 462 2186 tun.
477 2152 491 2182 u
502 2134 561 2199 Ergo
577 2134 634 2185 fides
649 2138 786 2199 potestesse
803 2135 876 2199 maior

66 2205 90 2257 in
102 2222 149 2260 uno
167 2222 240 2273 quem
255 2206 280 2257 iu
290 2208 344 2259 aiio.

100 2281 271 2347 (Concuusro.
285 2280 407 2331 -Potest
428 2278 454 2328 in
470 2291 517 2329 uno
533 2278 606 2343 maior
625 2276 693 2343 quim
714 2278 738 2328 in
757 2278 801 2329 otio
819 2276 876 2329 fidos

67 2363 129 2414 esse,
138 2367 188 2404 uon
201 2355 293 2402 tuntum
306 2354 400 2417 propter
414 2350 524 2415 mojorem
538 2350 713 2419 certitudinem,
731 2350 874 2414 firmitatem,

67 2435 92 2474 ac
107 2424 241 2475 deuotionis
260 2424 387 2487 fervorem,
398 2422 438 2473 sed
454 2422 524 2473 etium
539 2423 663 2473 secundum
675 2422 735 2486 quod
746 2422 811 2487 piore
824 2422 875 2487 quis

67 2496 174 2561 expiioitt
189 2494 265 2547 credit
279 2496 349 2560 quim
360 2495 430 2545 alius,
444 2494 453 2557 i

97 2568 236 2633 despondeo
259 2566 396 2630 dicendum,
415 2564 475 2631 qudd
498 2566 559 2618 sicut
579 2565 647 2631 supri
670 2565 755 2617 dictum
780 2566 875 2631 esim),

104 2692 134 2755 (1)
152 2698 186 2742 ite
205 2696 244 2741 triu
258 2696 329 2741 otium
342 2696 368 2740 iu
386 2694 434 2752 ΠΙ,
446 2692 525 2744 Soet„
543 2693 597 2739 diet.
621 2692 665 2752 it,
682 2706 723 2750 qu.
743 2694 771 2753 ἱ,
787 2698 830 2739 ort.
851 2693 875 2753 ³,

75 2758 328 2890 wantiam
336 2813 484 2886 et'impiiottd
495 2827 509 2873 1
521 2860 527 2886 ‚
540 2826 556 2871 2
563 2861 569 2887 ,
582 2842 623 2887 qu.
635 2827 675 2886 52,
685 2832 728 2871 urt.
740 2825 753 2869 1
768 2840 773 2868 ε
790 2824 876 2868 Uirium

70 2886 325 2954 tantummode,
333 2894 378 2939 sub
389 2891 459 2937 Mem
468 2890 566 2946 ortieurti;
577 2892 619 2939 red
630 2888 761 2949 expromitis
772 2898 814 2942 qu.
821 2882 877 2941 iifl,
