1992 3317
212 164 221 179 ·
291 130 324 186 ai
338 130 478 187 miminis
494 133 622 187 abnuero.
811 129 855 185 aab

46 238 183 290 processum
202 222 287 287 luerit,
302 224 447 289 pervenietur
460 225 488 275 an
505 224 573 275 mium
589 225 702 275 formam:
715 224 774 275 sicot
791 228 844 288 pate

47 297 193 363 inpellere,
213 295 280 359 cujus
295 294 404 347 terminos
424 308 465 361 per
485 295 617 347 continuam
638 295 795 347 alterationem
815 296 857 345 ali-

47 370 98 432 quis
110 368 215 429 transit,
225 368 265 418 vet
275 368 304 418 ad
313 368 453 430 albedinem,
463 369 503 419 uel
514 369 543 419 ad
554 368 697 432 nigredinem
710 368 855 433 perveniens.

48 442 97 491 llio
110 442 182 492 modo
198 453 229 491 ex
243 442 309 504 parte
321 439 421 503 agentis,
437 440 503 503 cujus
515 439 587 490 virtus
600 454 647 491 non
666 454 691 490 se
708 440 811 491 extendit
827 441 856 490 ad

49 512 146 565 ultoriam
164 512 298 576 augendum
316 512 411 563 lormam
424 511 449 563 in
467 512 579 577 subjecto.
596 514 672 563 Tertio
683 519 788 578 exparte
801 514 854 566 aub-

51 585 103 647 jecti
110 622 119 649 ‚
130 585 196 649 quod
207 598 256 635 non
265 588 300 635 est
319 597 391 648 capax
405 584 521 635 ulterioris
533 585 689 649 perfeetionis.
700 586 767 637 Nullo
782 589 858 637 autem

52 656 151 707 istorum
162 656 283 707 modorum
302 655 427 721 imponitur
442 656 552 707 terminus
565 660 686 720 nomento
703 657 818 708 eharitatis
841 657 867 707 in

53 732 114 777 statu
139 727 193 779 uiae.
211 728 265 791 lpsa
281 726 343 777 enim
362 728 459 778 charitas
478 728 605 778 secundum
628 729 742 779 rationem
764 743 820 793 prop
828 728 868 779 ria

53 797 143 861 speciei
156 798 282 849 terminum
297 798 412 862 augmenti
429 812 475 849 non
488 798 572 861 habet;
584 801 620 848 est
637 799 700 849 enim
714 800 867 863 participatio

53 872 161 933 quedam
182 870 278 921 infinitae
292 869 422 933 charitatis,
436 884 487 933 quaa
501 873 537 920 est
553 870 649 933 Spiritus
663 875 754 921 sanctus
766 873 810 936 (l).
822 873 859 923 Si-

54 942 145 991 militer
164 942 230 993 etiam
249 954 320 995 causa
340 954 409 1005 agens
429 942 565 993 charitatem
582 944 619 991 est
638 940 735 992 infinite
755 942 858 1007 intotis,

55 1010 151 1062 scilieet
162 1012 227 1064 heus.
242 1012 353 1063 Similiter
366 1013 436 1063 etiarn
445 1026 474 1063 ex
486 1017 550 1077 parte
570 1013 668 1077 subjecti
679 1013 791 1063 terminus
805 1014 864 1065 boio

54 1087 181 1149 augmento
196 1084 284 1151 praefigi
298 1099 343 1136 non
354 1089 444 1149 potest;
460 1085 515 1149 quia
528 1099 636 1151 semper,
650 1085 760 1136 charitate
770 1100 860 1137 excres-

56 1160 135 1219 cente,
156 1156 337 1222 superexcrescit
351 1158 458 1209 habilitas
472 1159 501 1209 ad
513 1159 610 1210 ulterius
622 1162 778 1223 augmentum.
797 1159 863 1210 Unde

55 1228 194 1293 relinquitur
212 1228 274 1293 qubd
287 1228 404 1280 charitatis
418 1234 539 1293 augmento
553 1232 629 1283 nullus
643 1230 757 1282 terminos
774 1230 860 1295 praefigi

55 1301 129 1363 possit
139 1301 166 1351 in
179 1302 223 1351 hac
236 1300 294 1351 uita.

85 1374 122 1423 ad
135 1371 239 1437 primum
251 1384 305 1435 erqo
315 1371 445 1438 dicandum,
455 1373 517 1439 qubd
533 1379 680 1438 augmentum
691 1374 808 1426 charitatis
826 1379 862 1426 est

57 1446 81 1494 al
97 1443 203 1509 aliquem
218 1444 303 1507 tinem;
317 1445 358 1495 sed
370 1444 409 1496 ille
425 1445 478 1497 finis
492 1451 587 1497 nonest
600 1446 626 1495 in
636 1448 681 1497 hac
693 1446 757 1509 uita,
772 1448 861 1498 sediu-

56 1520 112 1567 tura.

87 1588 120 1639 bul
130 1586 403 1653 ebrodonnensium,
418 1589 479 1653 quod
493 1588 605 1653 capacitas
618 1594 727 1642 creature
745 1590 862 1640 rahonalis

57 1674 95 1723 per
114 1658 254 1711 chanabeni
269 1662 377 1724 augetur3
393 1660 448 1723 quia
463 1661 588 1725 peripsam
601 1660 768 1722 conlaetatur,
782 1673 862 1709 meun-

58 1734 108 1783 oum
123 1731 185 1782 illud
199 1732 229 1782 ll.
248 1731 284 1781 od
302 1734 369 1789 Cor„
384 1734 431 1781 Vl:
452 1748 466 1781 o
482 1734 527 1782 Cor
539 1735 643 1782 nostrum
657 1732 776 1781 dilabtum
788 1734 833 1780 est.
847 1748 861 1779 a

58 1806 83 1854 llt
94 1804 151 1855 ideo
166 1802 242 1855 adbuc
252 1802 346 1853 mteriue
365 1806 442 1854 manet
452 1803 558 1854 habilitas
575 1804 605 1854 ad
618 1802 693 1866 majus
707 1806 861 1865 augmentum.

87 1876 122 1927 hd
142 1872 241 1925 tertiam
254 1872 388 1937 dicendum,
401 1874 462 1937 qubd
474 1874 532 1925 ratio
551 1874 590 1924 illa
608 1872 711 1938 procedit
727 1873 752 1922 iu
763 1872 800 1923 his
813 1888 864 1938 qoae

57 1950 146 2001 hahent
160 1946 312 2011 quantitatem
334 1946 434 2010 ejusdem
446 1944 552 2010 rationis,
570 1960 619 1997 non
631 1950 708 1997 autem
720 1945 746 1993 in
759 1946 798 1996 his
812 1959 864 2009 que

57 2023 144 2072 bahem
159 2018 275 2069 diuersam
290 2016 400 2069 rationem
418 2018 552 2081 quantitatis
567 2035 573 2068 :
589 2019 648 2069 sicot
670 2018 732 2069 linea
744 2022 865 2082 quantum

58 2106 158 2159 cumque
171 2093 273 2153 crescat,
288 2104 335 2141 non
348 2091 440 2153 attingit
449 2092 600 2155 quantitatem
613 2090 751 2155 superficiei.
766 2092 818 2141 Non
828 2096 865 2141 est

59 2170 137 2215 anmm
155 2164 238 2214 eadem
254 2160 312 2213 ratio
332 2162 465 2225 quantitatis
484 2163 601 2215 chaomtie
622 2162 679 2227 uie,
692 2177 743 2227 quae
763 2162 865 2227 sequitur

59 2236 217 2299 cognitionem
227 2232 289 2295 fidei,
304 2236 326 2284 et
341 2233 457 2285 eharitatis
472 2234 561 2299 patrio,
571 2249 622 2300 quae
641 2234 742 2298 sequitur
753 2235 865 2287 visionem

59 2310 173 2373 apertam.
189 2304 256 2356 Unde
269 2304 326 2355 ratio
340 2318 386 2357 non
398 2305 507 2370 sequitur.

92 2432 125 2498 (1)
143 2404 246 2492 Propria
252 2432 347 2492 quidem
359 2431 466 2480 oboritur
480 2434 867 2493 tofloitoootiooolia‚qoiapro-

60 2500 121 2544 cedit
139 2510 183 2557 per
198 2509 316 2551 amorem
332 2497 478 2555 appropriate
494 2504 572 2544 autom
582 2500 790 2557 occultatisque
804 2510 867 2544 conr·

60 2562 164 2608 munher
175 2560 239 2608 Patri
249 2560 320 2607 etiam
334 2566 358 2607 et
372 2561 431 2607 Filio
442 2560 558 2611 conuenit.
