1992 3317
378 155 413 192 Μ
426 153 562 193 onustorum.
728 151 746 167 ”
825 147 871 193 977
976 184 977 189 ,

55 231 129 284 illius
149 241 255 294 magnum
276 231 361 282 mrum
380 234 431 294 est,
444 230 569 282 mcuuddm
589 231 645 282 illud
664 232 793 289 Procerd„
811 233 870 284 XV:

60 321 82 352 <a
91 305 179 354 scema
196 315 261 353 mens
274 303 340 367 quasi
350 304 406 368 juge
419 303 583 354 anundum.»
597 305 627 353 ut
637 305 687 356 ideo
701 305 740 368 qui
750 305 871 356 conscien-
885 346 888 357 ,

59 376 122 426 tiam
139 374 237 438 alicujus
249 375 373 438 inquietat,
386 375 547 426 contundendo
557 375 649 441 ipsum,
662 375 752 439 aliquod
771 376 873 440 speciale

61 449 231 500 nocumentum
249 446 271 496 ei
287 446 366 498 inlert.
381 447 445 498 Unde
456 446 540 498 derisio
553 452 590 498 est
601 451 722 513 peccatum
730 447 839 512 speciale.

372 627 530 680 inmenens
545 628 573 680 11.

183 758 269 803 Utrr'cm
278 755 365 803 derisio
378 760 510 814 pensitasse
520 762 643 815 peecatum
657 751 766 804 mortale.

124 835 137 864 Ι

101 891 137 941 ld
151 889 276 940 secuudum
287 889 321 940 sic
334 889 470 954 proceditur.
482 888 576 940 llidetur
582 888 644 954 qudd
654 889 737 942 derisio
745 904 792 942 nnn
799 891 874 955 possit

63 975 123 1016 esse
137 964 260 1026 peccatum
272 963 375 1013 mortale.
390 961 461 1011 Omne
473 961 662 1025 enimpeccatum
676 961 771 1013 mortale
784 966 873 1014 contra-

64 1035 142 1085 riatur
155 1032 267 1086 charitati.
282 1033 328 1084 sed
342 1031 425 1083 derisio
441 1045 488 1082 uon
503 1032 593 1083 ridetur
607 1033 738 1083 contrariari
754 1033 874 1096 chanmti3

65 1106 149 1170 agitur
166 1103 227 1154 euim
247 1104 300 1154 ludo
315 1104 449 1167 quaudoque
471 1103 532 1157 iuter
547 1101 649 1167 amicos3
666 1103 727 1154 nude
747 1108 770 1154 et
790 1105 876 1156 delusio
945 1160 948 1171 ¹

65 1175 213 1228 nominatur.
228 1175 287 1240 Ergo
304 1173 387 1225 derisio
401 1178 533 1238 ucupotest
546 1187 596 1224 esse
608 1178 727 1238 peccatum
739 1176 843 1227 mortale.

101 1252 128 1298 2.
142 1249 266 1308 Praeterea,
276 1245 405 1297 derisioilla
419 1245 510 1296 videtur
523 1259 573 1296 esse
584 1246 691 1310 mamma,
706 1261 757 1311 quae
770 1247 796 1298 lit
807 1249 831 1298 in
841 1247 877 1299 in-

64 1321 156 1387 juriam
169 1318 219 1370 lici.
231 1319 272 1370 Sed
288 1333 334 1370 non
345 1318 420 1369 omnis
431 1317 513 1370 derisio
523 1333 574 1383 qua
582 1319 656 1382 vergit
666 1320 691 1369 in
701 1319 808 1383 injuriam
819 1321 874 1385 llei,

67 1395 107 1444 est
118 1393 242 1456 peccatum
256 1391 364 1454 mortale,
379 1389 480 1454 alioquin
496 1390 632 1455 quicumque
651 1390 783 1441 recidivaret
795 1388 821 1441 in
836 1391 878 1442 ali-

69 1465 135 1530 quod
150 1467 273 1528 peccatum
283 1461 372 1512 veniale
387 1463 414 1512 de
434 1474 479 1524 quo
492 1461 612 1525 penituit,
628 1465 733 1526 pemaret
742 1463 876 1527 mortalitem

67 1535 129 1587 dicit
143 1533 206 1584 euim
225 1533 337 1593 Isidorou,
349 1531 408 1596 quod
426 1549 439 1579 u
458 1532 537 1582 irrisor
550 1535 585 1582 est
603 1536 626 1582 et
639 1545 685 1582 non
699 1532 812 1597 paenitens
822 1572 828 1595 ,
840 1533 880 1598 qui

69 1608 150 1658 adlrnc
164 1605 211 1668 agit
231 1604 292 1668 quod
306 1604 409 1668 paenitet.
433 1619 447 1649 n
467 1602 576 1654 Similiter
592 1603 660 1654 etiam
675 1607 805 1667 sequeretur
819 1604 880 1667 qudd

70 1678 150 1730 omnis
170 1675 287 1727 simulatio
303 1678 363 1726 esset
376 1677 495 1738 peccatum
509 1674 617 1738 mortale,
631 1674 697 1739 quia,
712 1675 773 1724 sicut
792 1675 879 1739 Grego-

69 1750 122 1801 rius
133 1747 190 1799 dicit
202 1747 227 1798 irr
241 1747 346 1806 Mouet,
361 1759 425 1811 aper
439 1745 590 1796 struthionem
603 1745 742 1809 significatur
753 1744 880 1810 simulator,

71 1822 114 1886 qui
132 1820 220 1872 deridet
232 1831 331 1882 equum,
341 1818 366 1868 id
384 1820 419 1869 est
430 1816 543 1868 hominem
551 1817 647 1882 justum,
658 1821 681 1868 et
693 1829 845 1882 ascensorem,
856 1817 880 1868 id

70 1897 109 1944 εει
123 1893 207 1944 ileum.
218 1889 294 1954 »Ergo
308 1887 391 1939 derisio
405 1890 496 1939 nonest
509 1891 626 1951 peccatum
637 1887 739 1938 mortale.

107 1970 133 2014 ³.
149 1965 277 2022 Praeterea,
288 1960 424 2012 contumelia
435 1963 459 2011 et
473 1959 583 2010 detractio
595 1959 701 2009 ridentur
709 1973 760 2011 esse
776 1959 880 2024 graviora

72 2038 171 2102 peccata
180 2031 248 2097 qutun
258 2031 356 2092 derisio,
367 2031 420 2094 qnia
429 2029 504 2094 majus
512 2033 548 2080 est
557 2032 634 2080 lacere
644 2029 728 2093 aliquid
739 2029 799 2081 serio
812 2030 881 2094 quam

70 2109 138 2174 joco.
153 2105 199 2156 Sed
218 2117 264 2154 non
284 2101 359 2153 omnis
374 2101 483 2152 detractio
504 2101 543 2152 vel
556 2100 693 2152 contumelia
709 2103 743 2152 est
761 2106 881 2166 peccatum

75 2178 184 2230 mortale.
199 2176 259 2238 Ergo
272 2171 343 2224 multd
358 2171 535 2222 ministeriolo.

107 2249 155 2302 Sed
165 2249 244 2298 contra
257 2248 305 2305 est,
320 2245 379 2308 quod
394 2242 475 2293 dicitnr
488 2243 616 2300 Prooerd„
630 2244 678 2294 lll:
694 2260 708 2292 «
721 2245 776 2308 Ipse
795 2244 882 2295 deridet

75 2323 220 2377 iussores»
236 2317 279 2367 Sed
292 2314 411 2366 deridere
424 2315 473 2364 Dei
485 2319 520 2365 est
530 2315 666 2366 eternaliter
682 2315 765 2379 punire
776 2329 817 2380 pro
831 2329 883 2379 nec-

75 2397 131 2446 cato
140 2387 246 2450 mortali,
258 2391 283 2436 ut
295 2389 358 2451 patet
368 2385 441 2449 perid
452 2387 512 2448 quod
523 2385 605 2437 dicitur
614 2386 638 2435 in
650 2386 752 2436 Psalm.
766 2387 802 2436 ll:
816 2385 884 2446 «Qui

76 2463 170 2517 habitat
186 2459 214 2510 irr
232 2457 310 2520 cocis,
329 2457 432 2508 irridebit
447 2469 495 2508 eor.
510 2473 525 2504 o
539 2459 598 2521 ltrgo
612 2456 696 2509 deruic
715 2461 749 2508 est
766 2461 884 2522 peccatum

75 2534 185 2588 mortale.
691 2562 697 2569 ·

113 2607 279 2668 (cormesio.
292 2627 323 2640 -
336 2602 423 2654 lterisio
435 2601 461 2652 in
470 2601 548 2666 parnis
560 2601 649 2652 reniale
661 2605 779 2665 peccatum
794 2604 846 2664 est3
859 2604 884 2651 at

75 2681 104 2731 in
121 2674 229 2739 maguis,
248 2673 349 2738 pensatis
367 2675 442 2724 tamen
464 2672 629 2724 conditionibus
646 2685 809 2738 personamm,
828 2685 883 2736 pec·

75 2755 158 2803 catum
175 2747 344 2806 mortuaest.)

114 2817 252 2884 despondeo
269 2818 403 2879 dicendum,
421 2815 480 2880 qudd
496 2815 581 2866 derisio
596 2829 643 2866 non
659 2816 684 2866 fit
702 2814 746 2866 nisi
760 2815 789 2866 de
808 2815 884 2880 aliquo
976 2826 977 2869 l

77 2893 142 2947 melo
151 2891 193 2944 cel
203 2890 303 2942 delectu.
316 2889 399 2942 llaluru
410 2888 532 2953 aummssi
542 2887 572 2940 sit
584 2901 708 2953 magnum,
722 2900 769 2940 uon
777 2900 820 2954 pro
831 2887 885 2939 ludo
