1992 3317
146 117 190 165 teo
270 121 378 165 securus
392 122 521 175 suumn,
534 118 628 169 num.
642 116 705 174 nr,
718 121 773 163 arr.
789 116 816 162 r.

442 282 601 335 narremus
616 283 644 333 V.

183 401 269 447 Utrdm
278 401 346 447 bomo
355 401 437 447 debeat
448 413 534 457 corpus
542 412 613 445 suarm
626 413 656 446 ec
664 400 783 445 :matare
799 400 915 457 uetuere.

178 518 212 570 nd
221 518 326 583 <brintum
339 518 372 569 sic
385 516 514 583 proceditur
530 518 573 584 (t).
583 518 678 568 Videtur
690 515 751 583 qudd
762 518 831 570 homo
845 532 896 569 nun
909 519 956 571 de-

147 593 200 643 beat
213 604 294 656 corpus
314 604 379 641 suurn
396 604 423 641 ex
440 590 549 640 charitate
567 588 669 653 diligere.
689 590 740 640 Non
757 590 819 641 enirn
832 590 958 655 diligimus

64 713 67 719 ,
147 662 226 726 illum,
244 660 281 710 cui
302 660 422 713 convivere
440 674 486 711 nou
500 662 617 711 volumus.
632 661 677 711 Sed
693 660 798 712 homines
815 662 957 715 charitatem

147 734 271 797 habentes,
280 734 393 798 refugiunt
401 733 504 798 corporis
510 732 652 797 convictum,
667 734 792 784 secundum
801 733 857 784 iliud
867 736 957 794 Rom„

147 806 209 857 vn:
228 822 242 853 r
262 806 317 865 Quis
336 818 373 856 me
397 804 505 856 liberabit
522 806 551 855 de
573 816 665 869 corpore
685 803 764 855 mortis
782 803 881 869 hujus?
900 822 914 853 o
931 810 956 855 et

150 878 248 939 naeth
259 895 265 927 :
277 882 291 925 ¹«
301 876 441 928 Desiderium
451 878 538 928 habens
549 877 690 941 dissotvi,ct
702 890 752 929 esse
763 891 814 927 cunr
828 878 931 930 Christo.
939 894 954 925 »

149 948 209 1013 nego
223 964 305 1015 corpus
317 952 417 1000 nostrum
432 962 478 999 non
492 952 528 999 est
540 961 569 999 er
583 949 693 999 charitate
712 948 861 1012 diligendum.

181 1028 205 1073 2.
220 1024 347 1082 Preterea‚
361 1020 460 1070 amicitia
471 1020 588 1070 charitatis
596 1021 703 1070 tundatur
714 1034 782 1085 snper
792 1022 955 1073 communica-

150 1095 213 1146 tione
229 1094 312 1145 divine
325 1090 446 1142 fruitionis.
462 1092 505 1141 Sed
518 1091 651 1155 hujusmodi
669 1092 784 1142 fruitionis
802 1105 888 1157 corpus
901 1107 956 1158 par·

148 1166 222 1229 ticeps
234 1178 285 1217 esse
307 1176 352 1214 uon
368 1165 452 1227 potest.
466 1162 527 1224 Ergo
540 1176 623 1227 corpus
636 1174 680 1212 uon
695 1166 731 1215 est
744 1176 774 1212 ex
790 1163 904 1215 charitate
918 1164 955 1214 di-

149 1236 274 1299 ligendum.

180 1312 204 1356 a.
217 1308 341 1369 Praeterea,
355 1306 452 1357 charitas
463 1320 516 1357 cum
530 1308 560 1357 sit
571 1306 670 1357 amicitia
683 1307 804 1371 quedam,
818 1308 848 1358 ad
858 1320 900 1359 eos
910 1308 954 1359 ba-

148 1378 213 1429 betur
226 1376 267 1442 qui
280 1389 381 1429 reamare
403 1383 508 1442 possunt.
525 1378 569 1429 Sed
585 1392 668 1443 corpus
689 1382 790 1431 nostrum
810 1392 859 1431 non
876 1384 956 1445 potest

149 1460 192 1499 nos
210 1462 239 1499 en
256 1448 366 1501 charitate
390 1450 492 1515 diligere.
514 1452 573 1515 Ergo
592 1463 639 1501 non
662 1454 698 1501 est
719 1463 748 1502 ex
767 1450 878 1500 charitate
899 1450 955 1503 diti·

150 1522 258 1585 gendum.

181 1594 225 1645 Sed
235 1598 314 1646 contra
324 1596 368 1658 cst,
378 1593 438 1659 qubd
447 1594 588 1657 Augustinus
594 1594 618 1645 in
627 1595 647 1645 1.
659 1594 695 1644 De
704 1593 770 1644 doct.
785 1592 876 1645 ebriet.
888 1595 956 1659 ponit

150 1670 248 1731 quatuor
268 1680 296 1718 ex
314 1666 422 1717 charitate
440 1665 556 1731 diligenda
570 1664 714 1731 :interque
730 1678 801 1716 unum
819 1670 856 1717 est
872 1679 956 1731 corpus

152 1752 194 1803 pro
210 1753 278 1789 rrum.

186 1753 344 1871 (iniussn.
362 1836 393 1847 -
405 1808 493 1872 Corpus
514 1812 631 1871 nostrum,
647 1820 698 1857 curu
720 1807 750 1857 sit
769 1807 782 1856 h
799 1807 861 1872 Iteo,
879 1808 955 1872 ipsum

153 1893 243 1943 quoquc
256 1893 284 1931 ex
301 1880 423 1939 charitate,
435 1892 480 1943 qua
488 1880 561 1929 iteum
577 1877 708 1942 diligimus,
729 1892 805 1930 aurare
825 1877 952 1944 debemus;

153 1954 263 2013 qnantum
276 1949 331 2000 verb
345 1950 373 2000 ad
389 1950 459 2015 culpae
478 1950 530 2015 eius
543 1949 690 2001 iniectionem
702 1954 725 1999 et
739 1962 814 2013 poenae
828 1952 956 2015 corruptio

155 2032 208 2071 nem
222 2020 316 2085 attinet,
332 2032 378 2071 non
396 2022 470 2085 ipsum
488 2033 576 2085 amare,
594 2021 634 2072 scd
645 2021 673 2071 ad
686 2020 780 2071 istorum
793 2022 906 2071 matorum
918 2035 954 2072 re·

154 2092 277 2142 motionem
290 2092 395 2145 anhelare
407 2092 543 2157 debemus.)

185 2164 319 2227 despondeo
334 2165 467 2229 dicendum,
483 2163 544 2230 qubd
558 2178 640 2229 corpus
654 2167 756 2215 nostrum
769 2164 895 2215 secundum
909 2165 953 2217 duo

154 2238 230 2299 potest
246 2235 403 2301 considerari:
419 2250 464 2289 uno
480 2239 547 2288 modo
561 2238 685 2288 secundum
700 2250 766 2287 suam
776 2241 895 2301 naturam3
908 2239 953 2290 atio

153 2307 221 2357 modo
236 2309 358 2359 secundum
372 2308 539 2373 curnvptiouem
553 2309 626 2373 culpe
643 2311 666 2358 et
682 2321 765 2373 poeuae.
781 2307 866 2358 Natura
877 2312 954 2361 autern

155 2378 253 2441 corporis
266 2380 338 2430 nostri
355 2394 401 2431 non
418 2384 452 2431 est
465 2380 478 2430 h
492 2382 551 2431 malo
565 2380 675 2445 principio
691 2382 782 2444 creata,
797 2382 822 2429 ut
835 2379 953 2432 bianichaei

155 2449 292 2514 fabulamur,
307 2453 347 2502 sed
357 2457 392 2503 est
404 2451 486 2505 ane.
496 2453 562 2503 Unde
570 2465 692 2517 possum
704 2465 732 2503 eo
745 2451 780 2501 uti
792 2453 822 2502 ad
835 2452 953 2503 servitium

155 2519 211 2583 nei,
223 2522 347 2575 secundum
360 2522 416 2574 ittud
433 2526 515 2580 item„
529 2524 558 2574 vt
574 2539 579 2574 :
597 2542 610 2572 u
622 2524 735 2575 {inhibete
749 2523 851 2575 membra
868 2527 950 2585 vestra,

156 2604 218 2641 arma
228 2592 324 2657 justitiae
336 2596 411 2647 Deo.»
422 2598 449 2649 Et
462 2596 514 2648 ideo
524 2609 554 2647 ex
566 2594 830 2663 ditectionecharitatis,
844 2608 890 2659 qua
902 2594 953 2646 dili·

156 2663 230 2727 uiuus
240 2670 325 2731 Dwru,
337 2666 447 2719 deberme
456 2667 525 2719 edem
536 2680 619 2733 corpvs
633 2670 737 2719 nostrum
752 2666 854 2729 diligere.
865 2667 909 2723 Sed
918 2665 955 2717 in-

192 2790 222 2854 (r)
238 2795 271 2841 na
284 2794 319 2841 urs
335 2795 405 2841 euram
419 2796 443 2841 vn
456 2795 588 2855 n1,s0ec.,
601 2797 654 2842 avec
667 2796 711 2855 ss,
725 2794 793 2841 aen
808 2812 814 2851 ;
830 2778 911 2852 αφ.
923 2795 952 2858 s,

158 2855 186 2903 de
200 2856 291 2922 aiunt,
303 2863 346 2907 art.
362 2858 418 2907 item
429 2858 457 2921 7,
472 2858 554 2907 turnin
567 2871 645 2921 corn,
658 2865 708 2907 tunt
721 2858 750 2907 ad
764 2855 809 2919 rt,
825 2857 854 2905 ad
868 2856 909 2927 ¹⁵¹.
