1992 3317
393 117 424 151 DE
438 117 523 152 FURTO.

347 298 505 352 adaleodus
519 299 577 348 vlu.

198 423 283 467 Uirium
298 423 385 480 rapina
400 425 473 481 possit
489 425 545 480 fleri
558 424 608 468 siue
622 427 722 480 peccato.

89 551 238 600 edoctorum
252 550 285 600 sic
300 549 437 614 proceditur.
451 549 546 600 Videtur
555 550 616 613 qndd
627 551 708 615 rapina
720 549 795 614 possit
807 550 857 600 ficri

56 621 107 671 sino
118 624 222 686 peccato.
231 621 317 672 -Praeda
331 621 392 671 enim
409 635 450 685 per
463 621 593 671 violentiam
607 621 732 684 accipitur,
743 621 803 684 quod
822 620 856 668 vi-

56 695 124 743 detur
137 691 165 740 ad
179 690 289 742 rationem
304 691 388 754 rapiuae
402 692 532 756 pertinere,
543 691 667 743 sccundirm
685 693 800 756 praedicta.
811 691 857 742 Sed

56 763 158 825 praedam
173 762 274 826 accipere
287 765 315 813 ao
331 761 434 812 hostibus
447 762 535 812 licitum
553 767 604 825 est3
619 762 674 812 dicit
687 762 747 813 enim
764 763 858 813 ambro

56 835 107 883 sius
123 833 146 881 in
158 833 198 882 iio.
214 833 249 881 Da
262 833 439 883 Potrr'orotr's:
452 849 466 880 u
478 833 536 884 Cdm
544 834 619 897 praeda
628 833 696 883 inerit
710 834 732 882 in
746 837 858 897 potestate

55 905 160 963 victoris,
171 904 237 954 decet
247 904 368 954 militarem
380 905 522 968 disciplinam
531 911 558 953 ut
567 905 615 967 regi
625 908 742 954 seruentur
749 904 835 963 omnia,
843 920 858 949 n

55 975 146 1024 scilicet
158 975 186 1024 ad
197 975 383 1026 distribuendum.
394 977 452 1040 Ergo
463 976 542 1040 rapina
551 976 575 1025 iu
585 975 661 1038 aliquo
672 988 724 1025 casu
739 980 775 1025 est
784 975 855 1025 licita.

86 1051 112 1095 2.
128 1047 256 1110 Praeterea,
270 1047 357 1096 licitum
368 1051 404 1097 est
416 1049 504 1098 auterre
518 1047 634 1110 abaliquo
648 1047 671 1096 id
685 1047 745 1109 quod
761 1058 808 1096 uon
822 1049 858 1097 est

53 1117 117 1182 ejus.
132 1117 180 1167 Sed
199 1131 236 1168 res
256 1131 312 1182 quas
329 1117 432 1169 infideles
446 1120 544 1181 habeut,
558 1132 604 1170 non
622 1121 676 1168 snut
690 1131 784 1180 eomm;
801 1118 858 1168 dicit

52 1189 117 1239 euim
140 1189 281 1252 Augustinus
304 1189 329 1238 in
350 1191 435 1254 Epist.
458 1190 494 1239 od
515 1191 671 1240 Vinoentium
695 1189 857 1238 Donatictom

55 1262 64 1324 (
79 1260 171 1311 scilicet
185 1261 259 1324 Epist.
268 1261 374 1325 XLVIII)
388 1277 394 1311 ε
409 1279 423 1309 «
433 1263 478 1312 Res
489 1261 547 1311 salso
560 1260 681 1326 appellatis
691 1264 789 1321 vestras,
800 1273 858 1323 quus

54 1346 98 1382 uec
113 1329 180 1396 juste
196 1331 332 1396 possidetis,
357 1337 379 1384 et
399 1331 523 1384 secuudium
542 1331 604 1395 leges
619 1337 760 1381 tenenomm
778 1344 858 1394 regum

54 1403 166 1455 amittere
176 1402 234 1465 jussi
245 1402 309 1454 estis.
320 1418 334 1450 n
342 1403 402 1468 Ergo
416 1405 507 1454 ridetur
517 1404 578 1466 quod
589 1405 619 1453 ab
634 1402 764 1452 infidelibus
776 1400 857 1466 aliquis

54 1473 118 1524 licite
132 1485 214 1536 rapere
225 1475 305 1536 possit.
340 1497 342 1502 ‚

88 1550 113 1595 3.
128 1545 261 1607 Praeterea,
275 1548 382 1596 terrarum
401 1546 516 1609 principes
533 1545 606 1594 nrulta
616 1544 629 1594 d
638 1545 685 1594 suis
698 1544 796 1594 subditis
809 1543 858 1594 rio-

54 1617 131 1666 lenter
144 1618 293 1680 extorqueam
304 1619 364 1680 quod
377 1617 465 1667 ridetur
478 1618 507 1667 ad
518 1617 630 1666 rationem
640 1615 725 1679 rapina
733 1616 856 1678 pertinere.

55 1688 131 1736 Grave
147 1690 225 1736 auteur
237 1686 327 1737 uidetur
339 1687 412 1738 dicere
423 1687 482 1752 quod
494 1687 520 1736 iu
530 1689 575 1738 hoc
581 1690 690 1750 peccent,
701 1685 754 1750 qnia
766 1686 800 1735 sie
809 1684 858 1736 ferd

53 1771 139 1809 omnes
149 1755 265 1822 principes
279 1760 446 1812 damnarentur.
463 1762 524 1823 Ergo
540 1758 620 1823 rapina
633 1758 659 1808 in
674 1758 750 1822 aliquo
760 1771 814 1808 casu
825 1761 860 1808 est

52 1832 132 1880 licita.

87 1901 136 1952 sed
149 1903 228 1952 contra
240 1905 290 1966 est,
311 1901 372 1966 qudd
385 1904 412 1953 de
428 1903 531 1967 quolibet
543 1911 637 1967 accepto
656 1903 732 1965 potest
747 1901 796 1951 iieri
812 1901 859 1950 Deo

53 1971 197 2023 sacrificium
210 1975 248 2024 vei
261 1973 360 2032 oblatio;
376 1987 422 2024 uon
434 1977 511 2025 autem
520 1978 596 2041 potest
608 1973 658 2023 tieri
673 1973 701 2023 do
716 1972 805 2036 rapina,
822 1985 858 2022 se·

53 2042 160 2092 eunddm
173 2043 228 2094 iilud
242 2045 313 2098 isai..
329 2045 377 2095 LXI
393 2060 399 2092 ε
417 2046 490 2110 «Ego
509 2044 618 2096 Dominus
634 2044 731 2106 diligens
749 2042 860 2108 judicium

52 2119 79 2164 et
98 2114 151 2164 odio
166 2115 253 2166 habens
271 2117 373 2181 rapinam
388 2117 410 2166 iu
424 2116 589 2168 holocaustum.
600 2133 614 2163 n
629 2117 688 2176 Ergo
705 2129 746 2180 par
758 2114 859 2180 rapinam

53 2184 264 2250 ahquid-accipere
276 2201 323 2238 uon
334 2191 369 2238 cst
381 2188 477 2237 licitum,

91 2257 100 2320 (
107 2257 253 2308 macnusro.
264 2285 294 2295 -
307 2259 390 2308 Peccat
405 2272 495 2323 semper
511 2259 599 2323 privata
611 2271 708 2323 persona
721 2255 804 2320 aliquid
819 2269 861 2319 pur

52 2328 194 2379 violentiam
208 2330 338 2394 rapiendot

88 2401 228 2463 Respondeo
241 2402 371 2466 dicendum,
386 2401 445 2466 qudd
459 2401 538 2466 rapina
555 2403 675 2466 quamdam
689 2399 822 2451 violentiam
836 2401 860 2447 et

51 2471 203 2522 coactionem
222 2471 341 2537 importet,
357 2485 398 2538 per
420 2487 488 2538 quam
508 2476 586 2523 contra
597 2472 710 2538 justitiam
731 2470 799 2520 alicui
820 2483 860 2518 aa·

49 2545 132 2593 fertur
147 2543 208 2605 quod
232 2558 298 2594 suum
317 2549 360 2595 ost.
376 2547 401 2596 in
420 2545 529 2594 socictate
547 2548 623 2595 auteur
643 2543 762 2593 homiuum
786 2540 861 2589 nulius

52 2614 133 2664 habat
145 2615 295 2678 coactionem,
310 2616 355 2665 uisi
367 2629 407 2679 per
418 2615 532 2678 publicam
545 2619 692 2679 potestatem.
708 2615 736 2663 Et
746 2613 798 2662 ideo
811 2612 858 2673 qui·

47 2698 157 2748 cumque
171 2699 213 2750 per
224 2687 354 2750 violentiam
366 2687 451 2750 aliquid
463 2687 527 2736 alteri
540 2686 622 2747 aufert,
633 2686 655 2737 si
666 2686 697 2736 sit
707 2684 796 2749 priuata
809 2695 861 2746 per-

48 2769 134 2820 sona,
156 2771 202 2806 non
223 2762 290 2808 uniens
308 2759 399 2822 pubiied
418 2761 545 2822 potestate,
559 2757 638 2808 illicite
657 2757 704 2820 agit
721 2760 745 2806 et
759 2755 859 2818 rapinam

48 2828 196 2892 committit,
208 2829 267 2879 sicut
280 2835 341 2894 putet
358 2831 381 2887 in
393 2829 525 2888 latronibus.
538 2830 681 2893 Principibus
697 2827 751 2879 nord
760 2830 861 2891 potestas
