1992 3317
130 230 160 267 ou
176 228 267 267 cram
284 228 326 265 nnc
344 226 462 273 oulnunu
479 226 512 265 au
527 228 584 267 unns
599 228 738 268 ssssnnrrr.
809 220 838 269 33

65 308 85 354 d.
100 306 221 369 Preterea,
230 305 303 371 gratia
314 307 351 356 est
358 305 458 370 qualitas
470 306 581 369 quedam.
591 308 635 358 Sed
646 308 792 361 manifestum
803 311 841 361 εει

35 374 92 438 quid
106 389 152 427 non
169 381 206 428 εει
220 376 245 428 in
262 380 345 443 quarta
360 377 439 443 specie
453 376 584 442 qualitatis,
596 392 647 442 quac
660 382 695 430 εει
708 397 722 427 u
732 379 803 432 forma
815 383 841 433 ει

35 450 88 498 circa
104 448 186 513 aliquid
201 452 314 500 constans
327 448 414 512 figura,
427 464 441 495 ε
456 446 567 511 quianon
583 450 682 514 pertinet
698 450 726 502 ad
739 466 839 519 corpus,

37 534 102 584 noque
113 521 184 571 ctiam
195 521 220 570 in
235 521 303 571 tertia
318 525 368 584 est,
379 520 434 585 quia
446 532 494 571 non
509 524 545 571 est
559 523 655 585 «passio
670 524 707 573 vel
724 522 840 587 passibilis

35 594 137 657 quinitas,
155 592 318 657 »quaestio
333 595 398 657 pacto
413 590 497 657 anima
510 592 639 656 sensitiva,
650 597 675 643 nt
692 596 800 659 probatur
814 595 838 647 in

36 666 76 713 ιιι.
93 664 195 729 deeic.
210 662 282 728 (tert.
296 666 326 713 ιι
342 674 369 712 ac
379 661 513 725 deinceps),
525 664 573 731 ipsa
588 668 662 715 auteur
673 666 744 729 qratia
754 666 840 731 priuci-

36 736 111 798 paliter
125 740 163 786 εει
177 736 202 785 in
214 740 305 799 mente3
317 748 393 799 neque
406 734 492 784 iterum
503 734 573 785 estin
583 738 681 787 secunda
691 738 777 803 specie,
788 753 840 802 que

34 812 64 856 nst
77 825 90 855 u
101 806 205 873 potentia
221 808 258 858 vel
269 805 407 873 impotentia
419 806 544 869 naturalis,
554 823 569 853 »
578 808 631 871 quia
641 808 713 872 qratia
722 814 758 861 εει
770 824 840 875 supra

34 885 143 942 rratnram,
158 883 182 930 ει
196 892 246 929 non
256 892 281 929 se
295 878 365 929 habet
377 878 406 928 ad
417 878 504 929 bonurn
518 881 542 928 ει
554 879 650 944 rnatum,
662 879 723 931 sicut
736 882 839 947 potentia

33 950 145 1001 naturalis.
159 952 221 1017 Ergo
237 949 375 1015 relinquitur
389 949 451 1013 quod
469 948 498 999 sit
511 950 536 999 in
548 949 621 1013 prima
634 952 725 1016 specie,
739 967 790 1017 qne
805 957 841 1005 est

35 1042 48 1068 a
61 1023 147 1073 habitus
156 1024 193 1074 rel
204 1022 335 1087 dispositio.
351 1037 365 1068 u
375 1015 475 1071 Habitus
487 1024 564 1072 auum
577 1023 660 1073 montis
671 1027 725 1076 sunt
733 1024 840 1087 virtutes,

32 1095 167 1158 quinetiam
187 1097 240 1159 lpsa
262 1092 359 1145 scientia
382 1092 550 1156 quodammodo
567 1096 603 1145 cst
622 1092 708 1157 uirtus,
727 1099 754 1145 nt
771 1094 840 1160 supri

32 1168 110 1217 lictum
124 1172 161 1219 est
174 1166 232 1233 (qn.
245 1170 285 1229 56,
300 1168 342 1215 art.
353 1168 377 1227 t,
394 1166 418 1213 et
430 1177 470 1227 qn.
483 1165 524 1227 ⁵7,
540 1167 583 1215 art.
596 1162 638 1227 s).
652 1165 712 1229 drgo
721 1166 794 1229 qratia
804 1168 840 1219 est

33 1240 85 1288 ilem
98 1238 161 1302 quod
176 1238 261 1289 virtus.

58 1310 102 1360 Sed
119 1313 202 1361 contra
220 1324 226 1358 ι
243 1308 263 1358 si
277 1307 351 1373 gratia
364 1312 401 1359 est
419 1307 508 1369 virtus,
522 1306 618 1358 maximi
634 1305 725 1359 uidetur
737 1308 797 1373 qudcl
811 1309 842 1361 sit

34 1382 99 1445 liqna
111 1382 183 1431 trium
197 1380 379 1443 theologicarum
392 1378 514 1429 virtutum.
525 1379 569 1429 Sed
583 1379 656 1444 gratia
671 1393 718 1431 noo
734 1384 770 1431 cst
784 1380 841 1434 tides

34 1455 62 1503 rel
75 1466 144 1518 spes,
160 1450 216 1517 qnia
234 1452 269 1503 hae
284 1454 380 1515 possunt
396 1460 449 1501 esse
465 1447 516 1506 sine
533 1449 603 1512 gratia
616 1454 705 1513 gratum
723 1448 839 1515 incentu

36 1538 100 1589 neque
114 1524 187 1576 edam
201 1522 310 1584 charitas,
325 1522 380 1587 quia
395 1538 409 1570 u
418 1518 490 1585 gratia
503 1520 613 1585 praevenit
626 1522 769 1585 chariutam,
787 1539 801 1571 o
814 1529 841 1576 ut

34 1598 167 1662 .tngustinus
181 1595 238 1648 dicit
251 1596 276 1647 iu
287 1594 329 1649 tib.
341 1596 377 1645 De
394 1593 545 1661 prodestis.
560 1594 713 1647 Sanctorum
725 1594 766 1661 ιι).
781 1595 841 1661 Ergo

34 1670 98 1733 gratia
111 1684 159 1722 non
174 1672 211 1719 est
224 1668 306 1721 virtus.

61 1744 227 1801 (Coscnusro.
237 1740 304 1791 -Ut
311 1740 418 1795 naturale
430 1738 508 1789 lumen
518 1738 613 1791 rai-iouis
620 1738 706 1804 aliquid
715 1742 750 1791 εει
758 1744 841 1805 praeter

35 1816 123 1864 uirtutes
132 1812 267 1876 acquisitas,
279 1812 311 1863 ita
321 1810 497 1877 supernaturale
508 1809 586 1874 gratia
596 1810 675 1861 lumen
683 1809 732 1863 sive
744 1809 837 1876 dounrn,

33 1890 62 1933 ost
76 1883 161 1949 aliquid
180 1886 265 1948 praten
278 1884 379 1935 virtutes
394 1880 482 1933 iuiusas
498 1881 582 1947 quibus
598 1882 667 1935 honio
679 1881 796 1949 perficitur
811 1886 839 1936 ad

34 1955 189 2007 anibulandum
206 1953 331 2005 secundim
347 1954 411 2018 quod
424 1953 530 2015 congruit
545 1951 627 2005 dirue
641 1954 718 2017 grata
729 1954 837 2018 tumui.)

60 2024 196 2091 Respondes
212 2024 350 2085 dicendum,
370 2022 541 2089 quodquidam
560 2029 687 2088 posuerunt
705 2024 768 2077 idem
788 2040 840 2078 esse

34 2101 141 2156 peculium
153 2100 179 2147 ct
189 2098 314 2147 virtutem
327 2094 454 2147 secundiani
466 2094 601 2157 essentiam,
613 2097 652 2147 sed
665 2096 754 2149 differre
764 2096 838 2149 solim

33 2168 150 2219 oriundum
169 2168 295 2232 rationein,
313 2172 341 2218 ut
356 2166 447 2233 qratia
460 2164 548 2217 dicator
564 2166 689 2217 secundinus
704 2166 765 2233 qudd
782 2168 837 2219 lacit

33 2239 141 2290 trornincrn
158 2238 206 2289 ileo
222 2242 309 2301 gratum
315 2276 325 2302 ,
334 2238 371 2288 vel
382 2235 507 2287 secundini
520 2236 580 2301 quid
600 2236 670 2301 gratis
682 2239 757 2301 datur,
768 2238 840 2290 ritus

33 2320 118 2373 aruntem,
132 2310 259 2362 secundiani
276 2308 341 2375 qnod
360 2308 452 2373 perlicit
468 2310 494 2359 ad
509 2308 567 2359 bene
581 2310 720 2373 operandum
738 2327 743 2358 z
758 2314 782 2363 et
797 2313 841 2363 hoc

33 2385 115 2433 uitetur
127 2382 229 2433 sensisse
243 2380 388 2447 Magistecin
398 2378 427 2429 ll.
442 2378 562 2437 sentent„
574 2381 628 2432 disi.
643 2386 682 2431 26.
696 2382 743 2433 sed
752 2382 772 2433 si
785 2383 839 2448 quis

6 2516 7 2519 Ἴ
33 2454 85 2505 ¹rell
99 2454 230 2506 consideret
245 2452 363 2505 rationem
373 2450 478 2516 uirtutis,
493 2453 537 2503 hoc
548 2457 609 2503 stare
620 2466 666 2503 uon
676 2456 764 2517 potest3
775 2454 839 2519 quia,

33 2532 53 2574 ut
67 2526 220 2591 Philosophus
239 2526 296 2577 dicit
308 2524 335 2574 in
349 2523 399 2572 Vll.
418 2522 515 2591 Ptystc.
528 2525 603 2590 (tert.
617 2526 647 2573 l't
661 2537 687 2574 ac
699 2524 839 2590 deinceps),

34 2617 44 2638 a
56 2598 126 2647 sirius
143 2599 180 2647 est
196 2598 303 2663 quaedam
325 2593 446 2659 dispositio
459 2593 569 2659 perlecti3
587 2593 638 2645 dico
655 2598 730 2645 autem
745 2597 840 2660 perlec-

36 2676 97 2725 tum,
115 2668 173 2733 quod
188 2672 224 2721 εει
234 2666 378 2733 dispositnnr
391 2666 512 2717 secundim
525 2670 637 2717 naturam.
649 2683 663 2713 »
673 2666 709 2719 En
719 2680 763 2733 quo
775 2671 839 2731 patet

42 2742 87 2803 prid
105 2741 177 2792 uirtus
194 2740 384 2803 uniuscujusque
399 2736 433 2787 rei
453 2737 535 2789 dicitur
554 2738 579 2788 in
596 2738 676 2790 orffine
692 2738 719 2791 ad
741 2738 840 2803 aliquam

65 2886 93 2947 (t)
110 2888 154 2933 vel
174 2885 321 2932 sicutmodo
336 2883 479 2945 inscribitur,
496 2885 539 2936 lin.
561 2886 597 2936 Da
610 2885 670 2934 tono
680 2893 841 2946 perreueren-

38 2956 85 3005 troe,
98 2963 152 3032 cap.
166 2948 211 3011 to,
226 2949 310 2997 versus
322 2945 403 2996 fluctu
