1992 3317
124 98 169 147 att
249 106 358 148 sncnhna
374 104 501 155 sueonum,
518 104 609 149 ohmsr.
629 104 683 156 xia,
701 103 755 142 aar.
773 102 790 141 t.

123 199 195 248 genus
208 185 294 248 peccati
312 183 347 234 eui
362 183 517 233 determinatae
534 181 620 245 species
641 180 792 243 assignantur.
809 180 852 230 Sed
867 194 946 245 pec·

124 261 198 305 catum
212 268 240 305 ex
252 258 313 304 certa
326 254 412 303 malitia
429 267 476 304 non
486 258 521 304 est
533 252 630 316 speciale
641 266 713 316 genus
722 250 820 315 peccati,
834 252 876 301 sed
885 259 937 303 est

124 327 227 390 quadarn
240 325 351 388 conditio,
361 324 399 376 vel
409 323 708 386 circunstantiageneralis,
723 336 773 385 quae
782 325 861 386 potest
871 336 935 375 esse

123 399 183 447 ciraa
197 396 273 446 omnia
289 401 434 459 peccatorum
449 409 542 458 genera.
557 396 615 458 lingo
628 398 749 458 peccatum
764 394 789 443 in
808 394 936 457 Spiritum

123 470 225 518 sanctuni
238 480 284 517 non
299 470 334 517 est
344 467 405 517 idam
419 468 480 529 quod
493 471 610 531 peccatum
621 479 651 515 ex
664 468 726 515 certa
740 461 835 515 malitia.

154 538 198 588 Sed
217 540 296 589 contra
313 542 361 600 est,
376 539 436 602 qnod
454 537 562 601 magister
582 537 639 587 (licit
659 538 712 587 dist.
735 537 819 598 XLIII,
835 536 879 587 lib.
897 541 935 589 ll.

124 610 243 668 Sentent,
256 608 316 673 qnhd
332 625 345 657 (ι
358 608 396 659 illo
408 613 489 671 peccat
498 609 524 659 in
533 608 644 672 Spirihrm
656 608 821 671 sanctum,cni
836 610 940 661 matitia

123 683 216 744 propter
231 694 256 730 se
270 679 351 743 placet.
365 696 378 726 a
398 680 447 731 Hoc
461 682 536 730 autem
550 682 585 729 est
596 691 692 742 peccare
708 692 738 729 ex
751 682 813 728 certa
826 680 935 731 malitia.

125 752 182 814 Hrgo
191 750 250 801 idem
263 751 417 802 videturesse
430 754 549 815 peccatum
562 754 665 801 encenia
678 746 782 810 malitia,
794 750 854 813 quod
871 764 940 814 pcc·

125 826 200 872 catum
213 823 238 873 in
249 822 356 887 Spiritum
373 828 483 873 sanctum.

156 894 317 958 (carausio.
329 918 360 931 -—
371 896 469 945 Peccare
482 894 506 943 in
520 893 630 958 Spiritum
646 898 749 943 sanctum
763 892 862 957 dicitur,
879 908 937 945 non

126 966 193 1015 moto
206 965 245 1028 qui
258 965 375 1029 quippiam
389 966 547 1029 blasphemum
557 965 614 1015 dicit
623 968 703 1016 eontra
717 968 763 1014 tres
772 964 864 1014 divinas
875 979 938 1028 per·

125 1048 193 1086 sonas
209 1036 246 1087 vel
260 1041 340 1087 contra
353 1036 444 1086 tertiam
462 1049 583 1100 personam
601 1035 731 1098 Trinitatis,
744 1035 781 1086 vel
797 1034 934 1100 quinisque

126 1106 154 1157 ad
166 1110 260 1157 mortem
276 1107 299 1156 ia
311 1106 399 1158 mortali
409 1110 658 1170 peecatoperseverat3
669 1106 785 1157 sedetiam
794 1104 836 1168 qui
844 1112 934 1169 peccat

125 1190 154 1227 ex
165 1181 226 1227 certa
241 1177 340 1238 malitia,
353 1176 457 1239 ehgendo
470 1178 555 1227 malum
571 1190 611 1227 seu
626 1176 771 1240 impediendo
783 1175 833 1226 eth
848 1190 875 1227 se
890 1190 935 1228 re-

126 1248 229 1310 pellendo
246 1260 393 1309 quacumque
404 1246 467 1295 illium
482 1246 495 1296 h
508 1250 601 1310 peccato
614 1247 729 1297 retrahere
742 1248 869 1311 possent.)

157 1318 293 1380 Hosponleo
312 1314 446 1380 dicenrmm,
460 1317 519 1381 qnihil
541 1319 569 1367 rie
581 1321 675 1381 peceato
690 1318 891 1380 seu-hlasphemia
905 1320 934 1369 in

125 1386 232 1449 Spiritum
251 1389 351 1436 sanctum
370 1388 490 1451 tripliciter
513 1388 582 1450 aliqui
603 1388 734 1451 loquuntur.
750 1388 841 1451 Antiqui
861 1391 930 1439 enirn

126 1458 247 1518 Doctores,
262 1458 348 1508 scilieet
361 1458 512 1521 Athanasius,
524 1459 639 1518 Hilarius,
654 1458 794 1522 Ambrosius,
810 1457 932 1524 Hieronp-

126 1540 177 1577 mus
193 1532 217 1579 et
234 1530 407 1595 chrysostomus
421 1529 464 1595 (t),
484 1529 562 1581 dierunt
576 1544 626 1581 esse
639 1533 759 1593 peceatum
776 1530 800 1579 in
814 1530 933 1594 Spiritum

125 1601 242 1661 sanctum,
255 1602 344 1664 quando
358 1602 385 1651 ad
399 1602 497 1651 litteram
507 1600 591 1664 aliquid
605 1602 763 1665 blasphemum
776 1600 832 1649 dicit
845 1608 933 1652 contra

126 1670 234 1733 Spiritum
244 1678 345 1723 sanctum
354 1690 360 1736 ;
370 1673 418 1723 siue
427 1674 543 1735 spiritua
552 1679 653 1722 araceus
664 1670 788 1735 accipiatur
800 1674 932 1723 secundum

127 1742 186 1805 quod
208 1748 244 1794 est
262 1758 345 1796 nomen
364 1744 484 1795 essentiale
502 1744 642 1793 conueniens
662 1742 703 1793 loti
720 1742 841 1805 trinitati,
859 1745 932 1808 cnjus

127 1815 233 1875 quaelihet
245 1828 340 1879 persona
350 1819 373 1865 et
386 1814 483 1878 Spiritus
497 1819 533 1864 ost
546 1818 570 1864 et
581 1815 678 1866 Sanctus
690 1817 725 1863 est
735 1830 742 1863 ε
754 1814 801 1863 sire
811 1820 881 1876 prout
894 1821 931 1867 est

127 1896 211 1935 nomen
232 1886 349 1948 personale
367 1889 435 1936 iunius
453 1880 481 1934 in'
495 1884 606 1936 Trinitate
623 1898 735 1948 persona.
749 1885 779 1933 lit
800 1888 930 1937 secundnm

127 1955 171 2005 hoo
181 1955 327 2018 distinguitur
338 1958 441 2020 Mutila,
458 1958 512 2019 llll,
523 1956 663 2019 blasphemia
671 1955 696 2004 in
705 1954 812 2019 Spiritum
821 1960 930 2008 sanctum

128 2029 205 2075 cantra
220 2026 383 2091 blasphemiam
397 2028 420 2076 in
441 2028 522 2077 Filium
536 2026 643 2077 hominis.
653 2026 758 2075 Christus
772 2028 835 2076 enim
846 2041 931 2091 opera-

127 2096 192 2145 batur
204 2096 305 2159 quaedam
323 2098 461 2160 humanitus,
474 2098 625 2159 comedendo,
640 2096 736 2147 bibendo
749 2100 772 2147 et
786 2097 831 2146 alia
843 2098 930 2163 hujus-

129 2167 189 2219 modi
209 2165 323 2230 lacicncl03
339 2171 362 2218 et
381 2167 622 2231 praeaudivimus,
639 2167 726 2217 scilicet
746 2168 863 2219 daemones
883 2171 929 2235 eji·

129 2238 222 2301 ciendo,
237 2241 335 2289 mortuos
349 2240 494 2299 suscitanda,
509 2243 532 2288 et
545 2239 589 2292 alia
602 2238 735 2302 hujusmodi
750 2254 755 2288 :
770 2253 820 2302 quaa
834 2240 929 2303 quidem

128 2360 156 2467 illle
168 2362 238 2467 malt),
251 2366 293 2406 art.
306 2358 350 2415 tt;
364 2367 388 2406 et
398 2360 524 2419 (locatim,
534 2360 568 2421 ll,
582 2375 622 2419 qu.
635 2362 659 2420 8,
675 2368 718 2407 art.
729 2360 742 2407 1
752 2380 758 2416 ;
769 2368 793 2407 et
804 2363 836 2409 ad
846 2365 930 2413 nom„

160 2456 165 2480 ,
186 2434 231 2468 ec.

163 2490 193 2553 (l)
210 2495 350 2541 Athanasius
370 2496 462 2551 quidem
480 2496 505 2541 in
526 2498 633 2541 'tractatu
649 2496 758 2554 peculiari
781 2508 853 2551 super
871 2496 928 2541 illuri

129 2554 301 2605 natet.,xl1:
318 2558 368 2613 Qata'
389 2558 485 2604 dixerit
504 2559 604 2603 enham
624 2563 714 2606 contra
730 2558 829 2605 Filium
844 2556 929 2602 Ιιοιιιί-

130 2619 183 2667 or's,
199 2624 240 2664 ete.
260 2620 303 2665 Seri
319 2620 433 2679 Hilarius,
455 2621 515 2666 Coa.
535 2623 586 2667 ΧΠ.
600 2622 624 2665 in
638 2621 733 2671 hatto„
751 2620 890 2667 Ambrosius
904 2620 927 2663 in

130 2680 200 2730 Lace„
215 2694 283 2739 super
296 2683 363 2738 illud,
373 2694 426 2739 cap.
438 2684 480 2728 ΧΠ
491 2700 496 2726 ι
509 2684 559 2741 Qui
571 2682 671 2729 verbum
682 2684 711 2727 ιἰι
719 2682 844 2737 spiritum
857 2695 928 2728 εαιιο-

130 2746 181 2785 tom
195 2743 303 2793 disserit,
318 2748 360 2789 etc.
376 2744 542 2802 Hieronymus,
558 2752 583 2791 ut
595 2744 662 2801 snprh
675 2778 680 2800 ,
691 2746 714 2788 iu
728 2744 823 2793 Multis„
833 2744 890 2804 llll,
904 2746 927 2789 et

130 2804 319 2866 Chrysostomus‚
336 2806 425 2851 Hamil.
438 2808 508 2866 thi,
525 2808 548 2852 in
562 2806 677 2851 eumdem.
