1992 3317
149 72 195 134 ros
258 94 366 134 sacuam
380 73 509 143 mmmmm,
527 72 620 139 onaan.
637 70 727 142 xnsuir,
743 91 802 132 aar.
820 91 839 130 r.

148 173 230 223 modus
239 175 275 223 est
287 185 316 224 cx
326 169 479 237 probabilibus
488 169 517 222 ad
527 169 657 235 opinionem
668 169 813 234 taciendam,
825 165 888 233 quod
901 179 947 233 per-

147 244 205 294 tinsl
218 244 245 295 ad
259 242 407 294 dialecticam.
419 241 509 292 Tertius
527 241 608 292 modus
621 245 656 292 est
668 255 697 292 er
708 241 848 304 quibusdam
858 241 946 304 conjec-

148 316 206 366 turis
219 317 247 366 ad
263 313 416 379 suspicionem
435 313 599 377 inducendam,
614 312 696 363 netad
713 311 843 376 aliqualiter
854 323 950 378 persua·

149 387 262 448 desdam,
275 387 334 450 quod
342 387 443 450 pertinet
455 385 484 436 ad
494 384 639 436 rhetoricam.
650 385 729 435 Potest
741 387 824 435 umen
836 385 882 435 dici
892 382 950 448 quod

148 459 198 508 hec
209 457 253 507 tria
269 457 384 521 pertinent
395 457 424 509 ad
441 457 582 523 prudentiam
595 455 665 507 etiam
681 455 773 520 proprie
788 455 890 518 dictam
905 468 952 520 qua

149 527 302 589 ratiocinatur,
310 528 424 580 inondum
433 529 524 593 quidem
536 541 564 578 ex
575 527 721 588 necessariis,
729 527 850 578 interdurn
864 541 895 579 ex
905 539 951 592 pro-

99 655 102 660 !
149 599 271 664 trabilibus,
281 598 394 652 interdum
412 606 488 652 autem
504 613 532 652 ex
543 601 677 664 quibusdam
688 600 839 664 conjecturis.

119 696 123 700 ·
181 671 262 722 Partes
281 675 356 723 autem
369 673 506 737 potentiales
517 671 614 736 alicujus
632 671 721 722 virtutis
737 671 849 722 dicuntur
863 672 953 724 dauns

151 741 277 806 adjuncta,
297 758 348 808 qua
369 744 502 796 ordinantur
520 743 549 794 ad
568 741 654 808 alqnos
670 743 820 794 secundarios
837 747 904 795 actus
920 743 953 793 nel

151 814 273 878 maurias,
282 814 347 879 quasi
357 829 403 866 uon
412 816 524 867 habentes
537 817 609 866 totam
623 813 749 880 potentiam
762 813 903 880 principalis
912 815 952 863 uir·

152 884 218 935 tntis.
232 885 261 936 lit
276 887 454 937 secunddmlroc
462 889 578 952 ponuntur
592 889 668 950 partes
681 885 825 951 prudentia,
842 887 951 944 sudatio,

152 971 204 1021 qua
217 961 252 1008 est
264 957 322 1008 circa
336 958 471 1021 consilium,
488 963 512 1009 ει
525 959 634 1024 synesis,
652 971 703 1022 qua
719 960 756 1007 est
769 957 834 1008 circa
846 958 951 1023 judicium

153 1040 232 1080 eorum
243 1043 294 1092 qna
306 1029 429 1080 mcuudirm
438 1029 528 1094 regulus
539 1041 671 1080 communes
681 1029 753 1093 liunt,
763 1031 788 1078 et
797 1043 899 1094 onoma,
908 1041 950 1094 qua

154 1104 190 1151 est
201 1099 261 1150 circa
269 1100 380 1165 judicium
391 1114 469 1152 eorum
479 1101 506 1150 in
520 1099 603 1164 quibus
616 1102 704 1166 oportet
717 1101 859 1164 quandoque
872 1102 949 1152 arom·

153 1172 218 1222 muni
238 1172 288 1235 lege
311 1174 424 1224 recedens.
446 1172 569 1240 Prudentia
589 1171 643 1224 sard
664 1177 701 1224 cst
720 1171 779 1222 cuca
800 1173 950 1238 principalem

153 1248 238 1305 actum,
251 1242 291 1305 qui
304 1247 339 1294 est
350 1245 481 1310 precipere.

183 1315 218 1364 ιι
235 1313 333 1378 primum
356 1329 410 1380 ergo
429 1316 567 1378 dicendum,
586 1314 647 1380 qudd
667 1316 763 1366 diuersae
789 1316 950 1381 assignationes

153 1385 260 1437 differunt
272 1386 396 1438 secundnm
407 1387 467 1452 qudd
480 1387 570 1438 diversa
579 1401 663 1451 genera
675 1388 775 1452 partium
783 1391 911 1452 ponuntur,
919 1387 949 1436 ιιι

152 1457 276 1509 secundum
286 1457 346 1522 qudd
358 1459 400 1510 sul
414 1472 461 1509 cua
474 1462 539 1522 parte
548 1459 617 1510 unius
633 1459 796 1522 assignationis
806 1459 950 1509 includuntur

128 1579 133 1589 ,
151 1531 228 1582 multa
245 1535 322 1595 partes
335 1531 427 1582 alterius
439 1529 600 1596 assignationis
615 1547 621 1582 :
636 1533 696 1582 sicut
710 1527 799 1582 Tullius
819 1532 863 1584 sub
881 1529 950 1595 proui-

153 1602 231 1654 dentia
250 1602 346 1653 includit
359 1619 374 1652 u
387 1603 515 1653 cautionem
537 1606 560 1653 et
575 1601 820 1668 circumspectionem
836 1619 851 1652 n
867 1603 908 1654 sul)
919 1601 949 1651 in·

153 1674 279 1739 telligentia
289 1679 365 1725 autem
379 1675 524 1736 orationem,
540 1673 677 1726 docilitatem
690 1678 714 1726 ει
729 1674 882 1726 solertiam.»

186 1749 219 1798 ιι
237 1748 361 1798 meandum
373 1746 492 1798 dicundum
502 1745 584 1810 ,mutu
604 1746 744 1798 oeconomica
762 1749 786 1798 et
803 1747 898 1812 politica
911 1758 950 1796 non

155 1819 295 1884 accipiuntur
306 1819 343 1869 tric
361 1818 484 1870 sccunddm
503 1818 564 1883 qnod
577 1823 631 1870 suut
644 1819 759 1882 scientia,
774 1819 816 1870 scd
831 1816 949 1870 secundim

155 1890 285 1954 quodsum
304 1891 431 1955 prudentiae
453 1892 567 1955 quadam.
589 1889 621 1941 lte
642 1890 693 1942 aliis
710 1895 789 1942 autem
803 1890 878 1942 tribus
896 1891 950 1956 patet

156 1963 273 2026 responsio
286 1976 314 2014 er
330 1962 403 2013 dictis.

188 2033 222 2082 ιι
239 2034 332 2084 tertium
351 2034 486 2096 dicendum,
507 2033 569 2098 qudd
588 2033 663 2084 omnia
681 2031 720 2082 illa
742 2035 861 2098 ponuntur
883 2037 951 2098 partos

156 2102 281 2167 prudentiae
295 2117 340 2155 non
351 2105 549 2167 smunddmsuam
564 2103 762 2168 communitatem,
776 2105 818 2156 sed
834 2102 950 2156 secundin

156 2173 217 2238 qudd
230 2176 350 2226 sedabant
362 2179 427 2228 adea
440 2191 490 2242 qua
506 2175 620 2242 pertinent
633 2175 660 2226 ad
671 2175 827 2240 prudentiam.

171 2251 176 2256 “
189 2246 222 2296 ιι
232 2253 337 2311 quartum
348 2248 478 2312 dicendum,
492 2247 555 2312 quod
563 2246 624 2298 recte
636 2247 758 2312 precipere
772 2245 949 2305 strationem,

156 2329 247 2383 semper
256 2332 280 2369 sc
294 2320 485 2383 concomitantur3
496 2319 551 2387 quia
561 2321 587 2370 ad
599 2321 737 2384 preceptum
748 2319 846 2370 rationis
857 2317 951 2383 sequitu

157 2389 285 2440 obedientia
301 2389 433 2441 inferiorum
444 2390 540 2453 siriam,
552 2403 602 2454 quae
615 2389 731 2455 pertinent
745 2390 773 2440 ad
787 2404 864 2440 nsum.

189 2461 223 2511 ιι
235 2461 339 2525 quintum
348 2462 482 2525 dicendam,
492 2460 553 2526 qudd
569 2461 695 2513 sollicitudo
706 2459 830 2512 includitur
839 2461 863 2512 iu
872 2461 949 2513 adone

157 2532 314 2597 prouidentia.
