1992 3317
136 170 180 217 ilc
248 173 355 216 arccana
371 172 499 222 samma,
516 170 609 219 cnasr.
627 170 690 220 xxv,
707 168 763 212 aas.
780 172 815 211 m.

134 252 158 303 in
172 253 280 316 guantum
289 248 335 299 lroc
347 260 450 297 amamus
462 249 488 297 ut
498 258 541 297 ncs
549 248 573 296 et
585 245 706 310 proximus
715 245 788 295 Deum
800 242 937 310 diligatam,

135 324 195 388 qnod
210 324 245 373 est
258 320 391 371 charitatem
409 318 512 383 diligere.

166 386 200 436 nd
213 384 336 435 secandam
355 382 489 444 dicendum,
506 380 567 445 qudd
584 380 684 431 ananias
695 388 731 430 est
742 379 795 444 ipsa
805 382 945 432 commani-

134 456 194 507 catic
206 453 390 520 spiramenta
401 466 443 518 por
451 467 520 517 quam
531 451 560 503 ad
573 450 737 504 beatitudinem
750 450 883 516 pervcnitur
893 470 899 503 ι
911 459 939 505 et

134 530 185 580 ideo
197 530 283 610 amatur
294 527 353 577 sicut
362 526 445 577 bonnm
460 525 614 575 desideratum
629 524 736 575 omnibns
746 536 803 588 quos
813 536 843 574 cx
858 527 939 576 chan-

134 600 465 733 mfiddligiiffidicendum,
483 669 544 733 qadd
559 668 619 719 ratic
630 667 670 718 illa
687 668 789 732 procedit
810 669 937 721 secundum

133 742 192 809 qnod
205 756 245 806 cer
259 740 382 793 amicitiam
395 744 500 792 amantur
512 740 546 791 illi
561 742 589 791 ad
603 754 660 804 gnos
672 739 795 791 amicitiam
808 740 930 793 habemns.

428 912 589 965 camactos
602 912 640 963 Ill.

191 1032 277 1079 [lirim
285 1032 359 1077 etiam
367 1030 649 1149 erectoraoefiz'ggbioirulea
658 1028 708 1073 aiat
716 1039 746 1073 ea
758 1028 877 1074 charitate

163 1214 197 1265 lid
208 1213 298 1264 tortium
311 1212 345 1261 sic
360 1210 489 1275 proceditur
500 1211 544 1275 (l).
556 1209 651 1260 llidetnr
663 1208 724 1273 qnod
736 1207 806 1259 etiam
821 1211 931 1260 creaturae

131 1282 271 1334 irrationales
287 1282 332 1333 sint
346 1295 375 1333 ex
389 1280 500 1333 charitate
519 1281 648 1345 diligenda.
663 1283 709 1330 Per
724 1278 858 1331 cornutam
872 1279 936 1330 enim

131 1353 228 1405 maximi
245 1353 412 1405 conformamur
425 1354 480 1405 lieo.
496 1354 541 1405 Sed
555 1354 614 1404 Dens
628 1352 701 1417 diligit
714 1355 830 1403 creaturas
843 1350 934 1401 irratio·

130 1424 193 1475 umes
206 1437 236 1474 en
250 1424 375 1489 charitate3
392 1440 406 1473 u
426 1424 499 1489 diligit
514 1424 575 1475 enim
589 1424 730 1487 omniaque
744 1427 807 1485 sunt,
825 1439 840 1471 a
854 1426 881 1472 ut
890 1424 935 1473 lra-

129 1496 195 1547 betnr
204 1497 274 1561 Sap..
288 1498 318 1547 lll
329 1514 336 1561 ;
349 1500 373 1547 et
391 1509 459 1547 omne
470 1497 531 1561 qnod
548 1496 637 1560 diligit,
651 1496 727 1561 seipso
741 1494 828 1560 diligit,
843 1493 885 1556 qui
898 1498 936 1545 est

129 1568 229 1619 charitas
244 1567 288 1634 (a).
301 1569 359 1633 Ergo
377 1571 401 1619 et
420 1581 462 1619 ncs
481 1569 590 1621 dolemus
605 1572 721 1621 creaturas
741 1564 886 1617 imationales
902 1579 935 1617 ex

130 1641 240 1693 charitate
254 1641 357 1705 diligero.

159 1714 182 1763 2.
198 1715 325 1777 Praeterca,
339 1712 438 1763 charitas
449 1711 605 1778 principaliter
617 1712 689 1762 fertur
701 1710 727 1761 in
739 1712 827 1773 nenm3
840 1712 869 1761 ad
884 1710 932 1761 alia

128 1786 204 1835 autem
223 1797 247 1834 se
266 1783 383 1847 excudit,
398 1784 523 1835 secundnm
539 1784 600 1846 quod
616 1783 645 1832 ad
661 1783 734 1831 Deum
747 1782 873 1845 geminent.
885 1782 933 1833 Sed

128 1853 187 1903 sieut
199 1857 302 1905 creatura
319 1852 436 1905 rationalis
450 1853 551 1917 pertinet
563 1853 593 1903 ad
602 1850 724 1912 Denm,in
739 1855 850 1915 quantam
860 1852 934 1903 habet

128 1922 298 1974 similitudinem
324 1922 443 1987 imaginis,
471 1924 503 1975 ila
526 1924 595 1974 etiam
616 1927 717 1973 meatnra
738 1921 876 1975 irratiomlis
886 1961 895 1986 ‚
907 1924 935 1975 in

127 1996 237 2057 quantum
250 1993 319 2043 habet
333 1987 505 2045 similitudinem
515 1994 608 2058 vestigii
622 1991 666 2057 (31.
680 1994 740 2057 Ergo
750 1993 848 2045 charitas
862 1994 934 2045 etiam

127 2076 152 2114 so
173 2062 277 2115 extundit
294 2064 323 2115 ud
337 2068 451 2117 creaturas
465 2066 615 2117 irrationales.

159 2139 182 2185 3.
201 2136 328 2197 Preterea,
349 2137 408 2187 sicut
425 2137 544 2188 charitatis
566 2138 682 2200 objectum
703 2139 738 2188 est
760 2138 833 2202 Deus,
855 2137 889 2189 ita
908 2142 936 2190 et

127 2202 187 2255 fidei.
200 2205 244 2255 Sed
259 2206 316 2257 lldca
332 2220 357 2257 se
372 2208 474 2259 extendit
485 2209 512 2259 ad
527 2211 642 2259 creaturas
653 2207 806 2272 irrationales,
820 2210 844 2259 iu
853 2223 932 2275 quau-

128 2277 174 2324 tnm
192 2274 305 2327 credimus
319 2279 401 2329 caelum
420 2282 443 2329 et
457 2283 540 2330 terram
558 2292 609 2331 esse
622 2283 700 2331 creata
713 2280 725 2330 l
739 2283 801 2346 lieo,
812 2284 836 2333 ct
855 2280 936 2345 pisces

126 2348 151 2395 et
170 2359 224 2397 ares
239 2360 289 2399 esse
312 2348 434 2413 productos
448 2364 477 2401 er
499 2350 578 2416 aqum,
592 2355 616 2402 et
634 2350 761 2415 gressibilia
780 2352 889 2405 animalia
906 2359 933 2407 et

161 2496 193 2561 (1)
207 2502 239 2547 lio
252 2500 288 2547 lris
298 2504 368 2549 etiam
379 2506 402 2549 in
416 2507 458 2567 111,
474 2505 553 2555 Sciat„
565 2506 619 2552 dist.
629 2506 669 2566 28,
682 2507 753 2553 arti
767 2513 792 2553 et
801 2514 848 2555 art.
857 2508 888 2565 ὃς
903 2517 930 2559 ot

126 2574 166 2623 qn.
177 2563 207 2623 2,
222 2562 250 2609 de
262 2564 352 2626 virtut,
366 2572 409 2613 art.
421 2566 445 2613 ⁷.

146 2630 193 2707 ,(2)
208 2636 238 2680 Ut
251 2649 280 2681 ex
290 2638 332 2683 lv.
347 2638 489 2693 icoc.,1V,
502 2641 552 2697 lam
565 2645 670 2687 notatum
680 2647 728 2703 cat,
743 2642 783 2686 nbi
794 2642 856 2689 Dens
871 2644 934 2691 clia·

106 2704 109 2711 ·
125 2698 187 2741 ratas
199 2699 341 2757 appellatur,
359 2715 384 2747 v.
396 2701 426 2761 8,
440 2702 559 2748 etiterum
570 2717 595 2750 v.
606 2702 646 2751 16.

159 2764 189 2829 (3)
200 2770 288 2841 Dicitur
298 2773 436 2819 similitudo
445 2774 545 2833 vestigii
554 2775 582 2821 do
595 2776 791 2823 irrationabilibus
799 2780 925 2841 creaturis,

125 2830 178 2889 qnia
190 2832 349 2881 causalitatem
360 2836 401 2881 Dei
414 2836 519 2897 tactim,
535 2850 581 2885 non
592 2840 661 2888 etiam
676 2845 781 2887 naturam
793 2854 924 2899 represen-

124 2898 187 2957 tans,
198 2901 225 2945 ut
235 2897 255 2943 1.
264 2903 324 2956 part.
337 2910 380 2947 sao
389 2900 441 2948 laco
452 2900 540 2949 dictam
550 2908 587 2950 cat
599 2913 630 2950 nx
638 2902 753 2963 putam.
