1992 3317
368 107 398 148 nn
413 109 594 150 occurerunt.
836 104 882 165 noo

82 197 126 235 non
141 181 334 248 debitum,gratis
349 185 427 251 dutnr,
442 190 465 237 et
479 187 607 239 secundum
619 189 664 239 troc
677 189 778 253 pertinet
791 191 821 242 ad
837 192 881 242 mi-

81 255 235 306 sericordiam.
250 256 309 320 Ergo
327 257 402 314 omnis
415 258 567 310 beneficentia
580 259 617 310 vel
633 263 669 310 est
688 264 753 312 actus
768 262 883 326 justitiae,

55 344 61 357 ·
82 327 118 377 vel
133 329 170 378 est
183 331 246 378 ectus
259 327 431 392 miscricordiae;
448 342 494 380 non
505 335 542 380 εει
552 343 606 393 ergo
617 334 681 382 εειεε
692 333 820 387 charitatis.

113 399 157 450 Sed
171 403 249 450 contra
268 415 274 448 ε
290 399 388 450 charitas
401 404 436 451 εει
454 400 556 451 amicitia
567 404 686 466 mudum,
701 407 728 454 ut
747 405 833 456 dictum
847 409 884 457 est

2 515 3 520 ,
85 471 93 535 (
101 485 140 534 qu.
161 474 209 532 23,
221 474 265 520 art.
281 470 324 534 t).
337 471 381 522 Sed
395 472 546 537 Philosophus
560 473 586 524 in
598 475 628 524 tx
639 475 737 536 netu„
753 476 812 527 iuter
825 477 884 528 alios

2 571 4 606 3
83 541 189 592 amicitiae
204 545 267 592 actus
281 542 347 606 ponit
360 544 403 592 noc
421 557 491 594 unum
504 547 565 608 quod
577 549 612 597 εει
626 563 641 595 c
654 547 743 611 operari
755 548 841 599 boum
854 549 885 600 ad

2 635 3 646 r
84 612 184 675 amieos,
200 629 213 660 n
228 613 289 678 quod
303 617 338 664 εει
353 613 433 664 amicis
451 615 594 667 benefacere.
609 618 668 681 Ergo
682 618 831 670 beneficentia
847 622 884 670 εει

2 695 3 700 ’
84 688 147 734 actus
161 683 286 734 charitatis.

118 755 275 818 (donauero.
287 783 319 792 -
331 755 484 808 Beneficentia
491 795 501 822 ,
516 759 640 819 secundnm
662 773 725 810 snum
739 773 885 812 communem

2 827 3 852 ι
83 825 207 890 rationem,
227 826 334 878 amicitia
347 839 387 878 seu
407 828 524 878 eluctatis
541 835 603 882 εειεε
616 834 665 894 εει;
680 830 806 882 secundini
825 845 884 897 spe-

83 897 163 948 cialem
175 902 251 949 antem
262 897 317 950 boni
325 898 435 950 rationem
444 899 566 963 ,possibile
577 905 613 952 εει
623 915 673 953 esse
682 901 779 966 alicujus
789 902 882 956 alterins

82 968 175 1019 virtutis
189 969 290 1034 actum.)

82 1111 149 1176 quam
165 1113 241 1164 iacere
258 1114 343 1164 honum
358 1113 433 1164 adsui.
451 1117 526 1165 Potest
540 1118 616 1165 autem
629 1116 672 1165 noc
685 1115 770 1166 honum
780 1117 885 1168 conside·

83 1184 127 1234 rari
141 1183 270 1248 dupliciter.
280 1185 404 1236 Unomodo
414 1184 539 1238 secundnm
547 1198 690 1236 communem
698 1186 810 1237 rationem
817 1187 881 1249 ttoni,

82 1258 105 1305 et
117 1257 162 1306 hoc
176 1255 274 1320 pertinet
288 1257 315 1306 ad
332 1270 476 1307 communem
491 1257 601 1308 rationem
615 1257 788 1321 beneticentiae3
803 1261 826 1308 et
836 1259 881 1308 hoc

83 1330 118 1378 εει
128 1331 194 1378 nctus
209 1327 327 1392 amicitia,
338 1332 362 1378 ct
373 1341 413 1392 per
428 1342 570 1393 consequens
582 1328 709 1380 charitatis.
719 1327 815 1379 Narnin
831 1333 884 1380 actu
959 1341 963 1346 ’

82 1399 210 1451 dilectionis
224 1399 345 1451 includitur
362 1400 520 1452 benevolentia
532 1415 574 1466 per
590 1414 658 1464 quarn
671 1402 722 1451 volt
738 1401 821 1465 aliquis
834 1401 881 1452 lto-

83 1485 138 1522 num
160 1472 248 1535 amico,
266 1476 292 1523 ut
305 1471 373 1536 cupri
394 1474 498 1524 habiturn
518 1477 553 1523 est
563 1472 605 1537 (l).
618 1473 824 1523 Voluntns‘antenr
846 1477 884 1524 est

82 1543 187 1594 effectiva
203 1557 281 1595 corum
291 1558 341 1608 qne
355 1545 415 1604 vult,
426 1545 446 1595 si
460 1545 555 1595 facultas
565 1545 642 1594 adsit:
658 1549 681 1596 ει
693 1545 791 1608 ideo‚cx
801 1557 884 1595 conse-

82 1615 176 1680 quenti,
191 1617 324 1668 benelacere
338 1616 411 1666 amico
427 1629 457 1667 ex
478 1621 531 1667 actu
543 1615 671 1667 dilectionis
686 1615 840 1680 consequitur.
856 1617 884 1665 lit

82 1692 175 1752 propter
190 1689 235 1737 hoc
254 1687 404 1739 beneficentia
421 1687 546 1739 secundini
562 1700 704 1738 communem
724 1685 836 1737 rationem
849 1690 885 1737 est

82 1759 188 1810 amicitiae
200 1759 238 1810 uel
250 1759 367 1810 charitatis
378 1763 451 1809 actus.
466 1758 491 1808 Si
505 1762 581 1809 auum
590 1759 674 1809 bonum
688 1757 749 1822 cuod
761 1755 812 1820 quis
827 1756 884 1807 lacit

80 1829 162 1896 alteri,
177 1829 301 1894 accipiatur
315 1832 356 1882 suh
366 1829 441 1894 aliqua
454 1829 547 1894 speciali
561 1829 733 1892 raucescunt,
746 1829 780 1879 sic
792 1829 885 1880 beneti-

82 1902 159 1954 centia
182 1902 265 1966 accipit
283 1901 404 1967 specialem
420 1901 545 1966 rationem,
558 1905 582 1952 ει
599 1902 723 1968 pertinebit
737 1902 764 1952 ad
785 1899 885 1964 aliquant

83 1974 207 2040 specialem
225 1975 341 2026 virtutem.

115 2047 149 2096 nd
163 2045 261 2110 primurn
275 2059 328 2109 crgo
341 2046 469 2110 dicendum,
485 2045 544 2112 qndd
558 2045 618 2097 sicut
629 2045 753 2110 Dionysius
767 2043 831 2107 dicit,
843 2044 882 2095 Ν.

83 2131 135 2182 cap.
148 2119 186 2167 De
201 2117 255 2168 dio.
274 2117 389 2178 Nomio„
400 2135 413 2166 u
428 2131 490 2169 annor
506 2120 583 2168 monet
598 2117 729 2167 coordinata
742 2118 770 2167 ad
784 2120 886 2168 neumam

82 2190 243 2244 habitudinem
249 2227 258 2253 ‚
270 2193 294 2240 et
301 2189 409 2240 interiora
421 2191 533 2241 conuertit
542 2191 567 2240 in
577 2189 705 2254 superiora,
714 2192 741 2239 ut
750 2189 779 2239 ab
788 2188 822 2238 eis
832 2203 886 2252 per-

82 2261 205 2324 ficiantur,
219 2265 242 2312 et
257 2259 373 2326 superiora
386 2265 463 2312 movet
474 2263 502 2312 ad
512 2261 645 2312 interiorum
657 2259 849 2324 provisionem»
863 2265 887 2312 et

82 2337 195 2398 quantum
213 2334 299 2383 adhoc
318 2331 466 2384 beneficentia
479 2335 514 2382 εει
531 2331 626 2382 effectus
640 2330 776 2382 dilectionis.
791 2331 820 2380 tit
835 2331 888 2382 ideo

83 2408 190 2456 nostrum
207 2407 304 2454 nonest
323 2404 368 2454 lieo
382 2403 529 2465 benefacere,
544 2404 583 2454 sed
597 2417 649 2453 cum
668 2404 793 2465 honorare,
807 2414 850 2452 nos
864 2402 887 2452 ci

82 2475 243 2540 subiiciend03
256 2475 306 2540 ejus
318 2477 392 2526 antem
404 2479 440 2524 est
453 2489 482 2526 en
495 2473 617 2526 dilectione
632 2475 698 2525 nobis
711 2473 855 2524 beneiacerc.

118 2549 151 2598 Ad
170 2547 293 2598 swnnduru
308 2546 442 2608 dicendum,
457 2545 518 2609 qudd
531 2547 556 2596 in
573 2545 694 2597 collatione
713 2546 824 2596 donorum
842 2546 888 2597 duo

84 2622 138 2669 sunt
147 2618 285 2670 attendenda
295 2634 301 2669 ι
310 2629 406 2683 quornm
414 2631 483 2668 unum
493 2621 530 2668 est
537 2616 637 2668 exterids
645 2618 732 2681 datum3
742 2616 803 2679 uliud
810 2618 889 2667 autern

119 2771 151 2837 (1)
166 2775 224 2820 'rum
235 2787 278 2832 qn.
291 2773 331 2834 23,
346 2779 389 2822 nrt.
401 2773 412 2820 l
425 2807 431 2835 ,
446 2779 495 2820 tum
506 2773 598 2835 quati,
610 2779 657 2824 art.
669 2773 701 2836 2,
716 2769 851 2831 expreotids
863 2776 888 2816 ει

81 2850 113 2886 ex
127 2835 244 2896 professo.

199 2946 235 2989 ir.
752 2931 783 2987 tt
