1992 3317
158 146 203 194 ott
267 153 375 192 secunus
390 152 518 199 sueonum,
535 151 629 198 ousae.
647 152 729 200 mm,
746 151 802 190 nur,
818 151 845 188 v.

189 231 349 296 (cormesio.
359 256 390 268 —
403 229 575 293 Eleemosymm
588 229 616 279 de
635 229 751 292 superfluo
767 227 822 278 dare
836 231 860 277 ει
877 239 961 278 neees-

156 303 245 354 sitatem
262 301 369 366 patienti,
383 305 418 352 εει
430 300 455 350 iu
466 303 595 364 praesento3
610 298 697 350 ceteris
708 303 783 350 autem
798 299 879 363 largiri
894 300 958 350 elee-

157 387 274 439 mosynas,
287 373 377 424 consilii
390 371 546 437 potiusquam
558 371 663 436 precepti
675 370 735 432 est.)

191 445 326 508 Respondeo
336 445 470 507 dicendum,
480 443 541 507 quio
551 442 603 494 eiam
611 443 704 494 dileetio
711 441 810 507 proximi
818 440 850 492 sit
859 441 885 492 in
899 457 959 507 pre·

157 522 233 580 uento,
244 529 337 566 neeesse
347 519 383 566 εει
395 516 471 566 omnia
484 515 523 565 iila
537 516 617 564 cadere
627 515 668 564 sub
681 517 805 578 precepto,
813 513 865 564 siue
876 516 961 578 quibus

156 588 249 640 dileetio
258 587 356 652 proximi
363 601 409 638 uon
417 590 572 638 conservatur.
582 587 615 636 td
624 586 767 636 dilectionem
775 589 853 636 autem
860 588 963 650 proximi

156 660 271 726 pertinet,
286 663 311 710 ut
326 659 430 723 proximo
448 673 495 710 nou
511 658 585 710 sotum
603 658 700 709 velimus
715 659 815 723 bonum,
831 660 873 709 sed
891 660 961 710 etiam

156 745 287 796 operemur,
305 731 427 784 seeundum
440 732 494 782 iilud
507 731 663 788 ltoan.‚ill:
679 729 883 793 «Noudiligamus
892 733 963 783 uerbo

157 817 229 866 neque
248 802 338 866 lingui,
354 804 394 853 sod
415 815 483 866 opere
498 806 522 853 et
541 802 646 853 ueritate.
661 817 675 848 n
691 802 724 852 Ad
744 803 788 852 hoe
804 805 883 853 autem
902 803 964 866 quod

157 875 253 925 uelimus
266 877 289 924 et
298 887 419 938 operemur
429 875 515 925 bouum
529 872 771 937 aiicujus,requirttur
784 872 845 936 quod
858 874 911 939 ejus
923 889 963 925 ue·

158 945 258 997 cessitati
278 945 453 1008 subveniamus,
469 946 528 1008 quod
547 945 574 994 iit
585 958 627 1007 per
643 945 840 1008 eleemosynarum
858 945 960 1009 largitio·

157 1032 209 1070 uem
223 1023 234 1067 ε·
247 1027 271 1068 ει
289 1017 341 1068 ideo
362 1017 556 1080 eleemosynarum
575 1015 663 1079 largitio
683 1017 720 1064 εει
732 1014 757 1064 in
773 1019 898 1081 precepto.
915 1017 960 1068 Sed

159 1089 212 1154 quia
223 1092 337 1153 precepta
348 1089 428 1138 dantur
437 1089 465 1138 rie
474 1088 560 1138 auibus
569 1086 687 1148 virtutum,
695 1099 792 1136 necesse
801 1091 838 1136 est
846 1087 908 1150 quod
916 1089 961 1138 hou

158 1161 224 1212 modo
234 1161 317 1210 donum
332 1157 480 1223 eleemosynae
492 1160 559 1209 catut
569 1160 612 1208 sub
622 1161 747 1222 precepto,
758 1158 886 1209 seuunuum
900 1160 960 1223 quoi

158 1236 223 1282 aetus
237 1233 272 1280 est
285 1231 312 1280 de
323 1229 457 1280 necessitate
467 1229 572 1293 uirtutis,
585 1229 675 1280 scilieet
687 1229 812 1280 seeundum
826 1232 888 1292 qrmd
898 1234 962 1280 rectu

157 1303 214 1352 ratio
229 1299 330 1365 requirit.
351 1299 479 1351 secunaum
495 1314 563 1364 quam
577 1305 612 1352 est
627 1302 710 1365 aliquid
726 1301 917 1352 considerandum
930 1317 959 1354 ex

156 1377 221 1436 parte
242 1371 330 1434 dantis,
349 1373 372 1422 et
396 1372 481 1436 aliquid
497 1385 526 1422 ex
542 1376 605 1436 parte
627 1374 678 1436 ejus
701 1371 740 1422 eui
757 1376 794 1423 εει
812 1373 959 1439 eleemosyna

159 1444 232 1494 danda
244 1459 249 1492 :
261 1447 364 1506 exparte
377 1443 469 1506 quidem
479 1442 554 1494 deuiis
560 1481 569 1507 ‚
577 1444 765 1494 considerandum
775 1448 810 1495 εει
822 1448 849 1493 ut
857 1444 883 1495 id
899 1446 958 1509 quod

157 1518 194 1567 εει
207 1513 232 1564 iu
249 1514 405 1580 eleemosynas
418 1516 569 1579 erogandum,
585 1515 614 1565 sit
627 1517 649 1566 ei
662 1517 817 1579 superfluum,
833 1516 960 1566 secuudum

156 1587 211 1638 illud
229 1593 296 1644 Luc„
312 1587 360 1636 iil:
379 1586 466 1644 «Quod
478 1591 582 1649 superest
594 1587 645 1636 date
657 1587 835 1651 eleemosynam.
848 1587 901 1637 »nt
910 1588 960 1638 dieo

157 1658 331 1724 superfluum,
348 1669 395 1706 uon
412 1655 485 1708 sotim
498 1660 604 1720 respectu
617 1657 752 1721 suiipsius,
767 1659 827 1720 quod
841 1663 877 1708 est
890 1672 960 1722 supra

160 1730 182 1781 id
192 1729 252 1793 quod
263 1733 298 1780 εει
307 1727 457 1778 necessarium
471 1726 600 1790 individuo,
611 1728 651 1778 sed
664 1729 733 1778 etiam
745 1733 850 1792 respectu
860 1729 958 1780 aliorum

158 1815 253 1867 quorum
269 1813 322 1851 cura
338 1800 380 1850 sibi
397 1799 520 1862 incumbit3
533 1804 637 1863 respectu
645 1813 740 1863 quorum
755 1799 838 1850 dieitur
850 1815 958 1851 neeessa-

158 1875 229 1924 rium
240 1887 360 1937 personne,
371 1869 495 1922 seeundum
507 1869 567 1933 quoe
580 1885 685 1934 perenna
694 1870 827 1934 dignitatem
841 1871 960 1936 importat,

158 1945 211 2010 quia
232 1943 295 2008 prins
312 1947 403 2008 oportet
424 1941 483 2007 quod
502 1942 657 2006 uuusquisque
676 1942 869 2007 unimundus,
886 1945 961 1996 ethis

158 2028 254 2080 quorum
272 2027 324 2064 eura
344 2016 365 2065 ei
378 2013 506 2077 incumbit,
520 2017 544 2064 ει
557 2018 637 2078 postea
652 2014 680 2064 de
697 2013 787 2065 residuo
806 2015 903 2065 aliorum
920 2030 961 2067 ne·

69 2105 81 2114 ·
158 2085 302 2137 musitatione
319 2085 445 2137 subveniat.
468 2085 531 2136 Siout
545 2088 569 2136 et
581 2088 662 2136 natura
679 2084 754 2150 primo
769 2086 854 2150 accipit
870 2088 915 2138 sibi
933 2091 961 2140 ad

160 2157 346 2210 sustentationem
355 2157 441 2222 proprii
458 2159 568 2222 corporis,
578 2159 639 2222 quod
653 2163 688 2208 est
701 2159 865 2224 necessarium,
878 2160 957 2210 minis-

159 2229 217 2280 terio
230 2229 319 2279 uirtutis
335 2229 465 2290 nutritive,
481 2231 620 2292 superfluum
633 2232 708 2280 autem
724 2232 803 2292 erogat
819 2231 849 2280 ati
862 2245 959 2295 genera-

160 2301 244 2352 tionem
266 2300 358 2352 alterius
377 2313 417 2364 per
439 2300 547 2351 virtutem
564 2302 727 2363 generativam.
740 2303 775 2351 iix
794 2305 860 2365 parte
881 2307 958 2354 autem

158 2371 298 2437 recipientis,
312 2371 432 2434 requiritur
447 2372 507 2436 quoi]
521 2373 678 2424 nenessitatem
691 2374 789 2436 habeat3
802 2373 902 2439 alioquin
912 2389 957 2426 uon

158 2446 219 2494 esset
232 2443 289 2494 ratio
304 2455 373 2508 quare
391 2442 535 2508 eleemosyna
548 2444 570 2494 ei
582 2445 683 2495 daretur.
697 2445 740 2495 Sed
757 2443 809 2494 etrm
821 2459 870 2496 nou
885 2446 958 2510 possit

159 2516 186 2566 ab
206 2513 281 2579 aliquo
299 2527 345 2564 uuo
362 2512 468 2564 omnibus
481 2515 639 2566 necessitatem
662 2515 798 2566 habentibus
820 2517 955 2580 subueniri,

158 2600 204 2638 uon
219 2586 293 2638 omnis
304 2584 428 2636 nenessitas
440 2585 525 2649 obligat
539 2587 568 2636 ad
580 2591 727 2651 preceptum,
737 2587 778 2638 sed
788 2587 828 2638 ille
837 2589 897 2651 sota,
908 2589 956 2639 siue

158 2671 202 2722 qua
217 2657 237 2707 is
251 2658 289 2721 qui
307 2656 463 2708 necessitatem
477 2657 563 2721 patitur
576 2659 698 2709 sustentari
711 2672 757 2709 uou
771 2662 854 2723 potest.
870 2661 897 2710 lu
918 2660 956 2709 iiio

159 2729 220 2780 euim
233 2742 286 2778 nasu
303 2729 377 2779 ionum
395 2728 464 2778 hebet
478 2730 539 2792 quod
556 2728 687 2780 Ambrosius
699 2729 770 2780 dieii:
787 2747 802 2777 n
812 2731 884 2782 Pasce
897 2732 957 2782 fame

159 2800 308 2864 morientem3
322 2800 342 2849 si
357 2811 402 2850 nou
412 2799 514 2864 pavens,
529 2801 662 2852 ooeidisti.n
675 2802 776 2865 sicergo
786 2801 841 2852 (tare
856 2803 955 2854 eleemo-

159 2883 239 2937 synam
256 2873 283 2924 de
299 2871 427 2937 superfluo,
441 2873 477 2921 est
494 2871 519 2922 iu
536 2876 663 2940 precepto,
679 2875 703 2924 ει
721 2873 775 2925 dare
787 2873 955 2942 eleemosymm
