1992 3317
394 135 426 171 ou
441 134 520 183 ruente.¹
802 130 852 181 tel.

36 209 117 268 quibus
128 214 169 261 est
185 211 243 263 tides
253 209 387 261 metandum
402 222 445 274 se3
458 210 535 274 aliam
548 213 601 263 vero
614 218 668 264 suut
679 214 810 277 credibilia,
820 216 847 271 de

35 281 112 342 ¹pitius
124 295 175 332 non
186 285 224 333 est
238 282 299 331 fides
307 280 434 332 secundum
444 295 479 346 se,
490 283 530 333 sed
540 284 611 334 solium
621 285 644 335 iu
655 287 735 337 ordine
748 288 830 339 adalia
841 301 846 337 ε

37 353 88 402 -ieut
97 352 170 403 etiem
179 353 205 403 in
219 352 330 403 scientiis
339 354 447 417 quedam
456 359 614 419 proponuntur
627 359 652 406 ut
661 370 703 421 per
714 372 738 409 se
751 359 848 421 intenta,

37 428 56 470 et
72 425 182 485 quaedam
194 424 224 475 ad
236 424 450 475 manifestationem
466 425 572 477 aliorum.
582 426 639 487 Quia
654 427 707 479 uero
717 429 772 480 dues
783 430 847 494 prin·

38 495 135 556 ipaliter
144 499 185 546 est
197 495 274 547 dehis
285 510 340 559 que
353 496 454 547 videnda
463 510 584 560 speramus
596 499 620 548 in
631 500 712 563 patria,
721 501 846 551 securudiuu

39 568 88 615 iilud
102 567 250 627 Hedr.,lil:
266 585 282 615 c
292 566 366 619 Fides
375 572 411 618 est
419 568 550 619 substantia
558 570 719 634 sperandarum
734 586 821 636 rerum;
834 590 848 621 n

41 638 86 688 ideo
100 653 140 703 per
150 652 176 689 se
188 639 297 690 adlidem
307 640 427 704 pertinent
438 638 478 689 iliu
492 641 634 703 quaedirectl
647 656 690 692 nos
706 644 811 696 ordinant
820 647 847 697 ud

42 710 107 759 ritem
121 714 236 761 aeternam
252 727 261 761 ε
275 711 337 762 sieut
357 715 411 760 sunt
425 714 475 762 tres
494 724 595 775 personne
612 713 775 777 omnipotentis
789 716 845 780 liei,

43 781 171 842 mysterium
183 781 356 832 incarnationis
374 782 462 832 Christi
479 783 532 845 lt),
551 786 574 833 et
591 783 634 833 alia
657 784 796 848 hujusmodi.
820 789 847 838 Et

42 851 159 903 ecundirm
175 853 221 903 ista
234 854 412 919 distinguuntur
426 853 520 904 articuli
531 854 591 905 odei.
604 856 710 915 Quodam
725 857 780 909 verli
795 872 847 922 pro·

44 928 155 983 ponuntur
166 924 193 974 in
207 939 274 975 sacra
285 925 405 990 Scriptura
417 929 445 975 ut
458 926 585 989 credenda,
599 940 645 977 non
657 929 721 989 quusi
733 928 847 993 priucipa-

45 995 92 1043 iter
104 995 191 1047 intenta
196 1035 205 1061 ,
215 998 259 1047 sed
268 998 298 1047 ad
309 996 474 1059 predictorum
485 997 691 1049 manifestationem
702 1014 708 1048 :
720 998 778 1049 sicut
787 1000 846 1063 qudd

48 1066 151 1116 thrahaen
170 1068 256 1120 habuit
275 1070 332 1122 duos
352 1067 427 1130 tilios,
439 1067 503 1131 quod
521 1068 548 1117 ad
566 1071 650 1118 tactum
669 1070 755 1120 ossium
772 1071 848 1123 Elisaei

45 1136 160 1189 sumiutns
175 1144 213 1190 est
228 1142 351 1202 mortuus,
368 1144 392 1190 et
402 1140 450 1189 alia
462 1138 608 1202 hujusmodi,
625 1153 676 1203 quoe
692 1144 811 1191 narrantur
822 1141 847 1191 in

46 1221 102 1257 sacra
116 1210 231 1274 Scriptura
250 1210 274 1259 in
291 1211 373 1261 ordine
391 1212 422 1260 ad
438 1210 649 1263 manifestationem
665 1210 748 1261 divine
766 1212 848 1275 majes-

46 1280 102 1341 tatis,
116 1283 154 1331 uel
168 1283 337 1333 incarnationis
347 1282 437 1333 Clrristi
450 1298 456 1330 :
467 1286 493 1334 et
504 1282 688 1336 socundimtalin
699 1296 744 1334 uon
761 1288 848 1347 oportet

49 1352 145 1404 articulos
159 1353 314 1417 distinguere.

80 1426 108 1472 ld
119 1428 245 1477 mnndum
264 1426 402 1488 dicendum,
417 1426 480 1489 quod
503 1427 559 1478 ratio
578 1428 677 1479 formalis
692 1426 776 1491 objecti
796 1430 848 1480 lidei

53 1501 116 1556 poen
123 1498 197 1563 accipi
208 1498 340 1563 dupliciter.
350 1500 404 1549 Uno
411 1499 484 1549 modo
493 1512 522 1549 ex
530 1504 593 1563 perte
605 1500 677 1563 ipsine
690 1500 722 1549 rei
733 1500 826 1552 credite
841 1518 846 1550 :

52 1575 71 1614 et
83 1569 113 1617 sic
124 1570 183 1621 ratio
197 1572 305 1621 formalis
315 1572 421 1621 omnium
430 1568 573 1619 credibilium
588 1575 622 1620 est
634 1582 694 1633 une,
711 1572 798 1623 scilicet
809 1586 849 1623 ve·

49 1640 98 1689 ritas
108 1642 192 1705 prima;
208 1647 235 1692 et
250 1657 281 1692 en
293 1644 339 1693 liae
351 1646 418 1706 parte
433 1640 524 1692 articuli
538 1656 585 1691 uon
601 1642 778 1705 distinguuntur.
799 1646 848 1695 etio

51 1713 108 1762 ruodo
120 1718 196 1777 potest
207 1714 284 1778 accipi
296 1715 356 1765 ratio
370 1713 477 1764 formalis
487 1713 627 1765 credibilium
635 1728 664 1764 ex
679 1717 744 1777 purte
759 1716 845 1765 nostri:

51 1789 69 1830 ‚e
81 1784 111 1833 sie
125 1786 183 1835 ratio
193 1785 299 1835 formulis
310 1784 430 1835 credibilis
439 1787 476 1834 est
488 1789 512 1834 ut
525 1786 554 1835 sil
565 1800 613 1835 ocu
622 1786 722 1845 vicum·
734 1788 757 1833 et
767 1797 795 1835 ex
807 1788 848 1837 hac

51 1860 105 1914 pade
118 1855 208 1906 articuli
220 1856 274 1905 lidei
288 1856 472 1919 distinguuntur,
487 1859 513 1904 ut
525 1856 599 1905 visum
615 1862 660 1905 est.

78 1928 107 1975 ld
119 1927 212 1977 tertium
227 1928 351 1978 dicendum
360 1966 367 1989 ‚
377 1926 441 1991 quod
454 1926 494 1977 illa
508 1926 614 1980 oduuino
626 1928 692 1977 detur
706 1928 734 1978 de
751 1927 846 1981 articulo

51 1998 115 2059 inagis
124 1997 250 2048 secundina
262 2000 386 2061 quamdam
400 1998 563 2063 etymologiam
575 1998 682 2061 nominis,
698 2004 765 2063 prout
779 2001 847 2052 habet

51 2068 204 2120 derivationem
217 2069 321 2133 latinam,
330 2069 402 2133 quim
414 2068 540 2119 secuudum
550 2070 601 2133 ejus
610 2082 685 2121 reram
700 2071 847 2135 significatio·

54 2154 98 2188 irem
109 2145 175 2203 proed
187 2139 202 2188 'a
214 2154 290 2203 muco
306 2141 425 2191 derivatur
434 2140 471 2204 (2)
491 2155 496 2189 :
511 2140 571 2189 unde
590 2154 635 2191 non
650 2144 774 2207 estmagni
790 2157 848 2208 pou·

53 2211 113 2261 duris
126 2213 206 2261 Potest
216 2215 297 2263 tamen
310 2216 334 2263 et
349 2212 383 2262 sic
395 2211 441 2263 dici
452 2247 459 2271 ,
469 2210 530 2274 quod
543 2211 597 2263 licet
609 2213 638 2263 ad
653 2214 788 2265 eredendum
806 2229 847 2266 ne-

83 2327 109 2390 ll]
125 2333 154 2377 uc
166 2332 268 2387 explicat
280 2332 378 2388 (tyrillus
393 2330 450 2376 illud
462 2332 547 2380 decu„
562 2332 641 2390 XVII,
657 2346 717 2379 vers.
735 2334 749 2377 3
771 2350 776 2378 ι
792 2334 847 2380 llcec

56 2398 82 2435 art
95 2394 142 2438 cita
155 2398 263 2444 eterne,
277 2398 305 2438 ut
324 2397 470 2452 coporoseotut
488 2396 509 2437 te
522 2394 600 2441 colum
622 2406 707 2439 oerum
719 2397 811 2447 eoum,
826 2402 847 2442 et

56 2469 114 2508 pirent
121 2458 226 2506 maisit,
236 2458 319 2501 desum
331 2457 473 2508 Christum·
480 2455 584 2501 referens
594 2458 691 2513 primum
702 2459 729 2503 ed
739 2459 844 2503 notitiam

59 2520 169 2576 turturis,
185 2520 283 2564 alterum
295 2519 350 2564 vero
362 2519 392 2563 ad
402 2518 508 2563 notitiam
521 2520 703 2576 iucarnationis,
715 2522 780 2577 quusi
796 2534 843 2567 me-

58 2580 110 2625 dinm
119 2587 209 2627 eternae
218 2582 274 2626 citur
286 2582 457 2637 consequendae
468 2582 556 2627 censali
570 2583 699 2641 seneu,etei
713 2596 781 2628 seusu
795 2584 845 2628 ior-

60 2644 103 2687 mali
114 2645 257 2702 Augustinus
271 2644 300 2689 ad
308 2645 424 2689 visionem
433 2642 566 2691 umeffiearn
575 2644 662 2691 refert,

86 2712 111 2774 ti)
124 2718 167 2762 libi
182 2716 269 2761 dieitur
281 2715 378 2785 ἄρθρον,
393 2721 419 2760 ut
433 2714 558 2762 indicatum
572 2716 658 2777 cupri,
673 2728 719 2761 nou
729 2718 759 2763 ab
770 2722 846 2763 areta·

62 2784 122 2846 tione,
139 2786 399 2843 circonspectione,
417 2799 460 2843 per
476 2800 545 2843 quam
567 2787 665 2833 inuicem
682 2788 728 2833 eibi
742 2790 845 2835 membru

64 2854 177 2909 deduntur,
192 2850 303 2905 quamuis
316 2849 360 2894 luoc
372 2850 446 2905 ipsum
461 2850 557 2895 enodatio
569 2850 673 2907 quedam
690 2856 735 2892 est.
