1992 3317
259 147 263 150 -
335 108 366 158 bk
379 117 541 160 camnulas
636 119 640 129 ¹

26 195 79 248 rius
101 196 205 260 tulerat,
217 196 260 248 troc
277 196 368 260 proprie
383 201 407 246 et
419 210 460 261 per
473 211 498 248 se
516 201 552 248 est
565 196 642 248 diacre
658 197 783 248 mannum
795 200 836 250 nel

26 267 217 331 coutumeliam
230 271 254 318 et
265 269 310 320 hoc
323 271 357 318 est
373 271 489 331 peccatum
502 268 612 332 mortale,
624 281 671 319 nou
685 269 760 320 miuus
769 270 838 334 quam

26 343 121 392 lurtum
131 340 170 391 uel
179 340 267 404 rapina,
278 341 395 392 nonenim
405 342 474 392 homo
484 340 705 392 miniosamatsuum
717 343 836 406 honorem,

26 413 102 478 poam
113 425 165 466 rem
179 425 317 476 possessam.
326 413 352 462 si
361 411 415 464 uerd
429 411 512 476 aliquis
521 414 616 464 uerbum
629 414 726 466 couritii
738 414 776 464 uel
783 427 839 466 cou-

26 483 138 538 sumena
158 483 225 536 altari
237 484 392 546 dixerit‚‚uon
415 487 494 536 nmen
511 484 587 536 auimo
608 486 776 548 deteriorandi,
797 486 837 536 sed

26 556 89 608 torre
102 559 199 620 propter
207 555 381 620 correctionem,
392 556 430 606 uel
439 559 532 621 propter
540 557 624 620 ahquid
633 556 774 621 hujusmodi,
788 569 836 607 uon

27 628 87 678 dicit
102 627 231 678 conuldum
243 629 281 679 uel
294 628 455 680 coutumeliam
467 629 592 680 formaliter
602 633 626 680 et
638 641 680 693 per
689 641 728 690 so,
743 629 784 679 sad
795 641 839 692 per

26 699 142 750 accidens
160 701 183 750 et
199 700 356 764 materialiter,
371 701 396 750 in
413 703 522 764 quantum
542 700 629 752 minoen
644 701 724 752 dicitur
739 701 762 752 id
775 701 836 764 quud

26 775 177 834 potestesse
192 772 315 822 conuitium
336 773 373 823 uel
392 773 535 824 contumelia.
550 773 615 824 Unde
631 774 675 824 troo
693 776 769 837 potest
786 785 836 823 csse

27 842 174 906 quandoque
186 847 305 908 peccatum
324 844 425 907 uenale,
439 846 573 908 quaudoque
587 848 663 896 annm
675 845 761 908 absque
773 842 837 895 omui

27 917 139 977 peccato.
155 915 182 964 lu
195 927 240 979 qno
258 919 333 966 tamen
352 916 481 966 necessaria
500 920 536 967 est
548 917 665 980 discretio,
681 919 707 965 ut
722 914 837 966 moderate

28 986 102 1038 honac
121 985 207 1036 talibus
220 985 296 1038 serbis
310 990 399 1049 utatur,
414 985 467 1050 qnia
484 993 559 1052 posset
568 1002 618 1040 esse
633 988 665 1037 ila
675 1000 744 1053 graue
759 986 837 1038 coud-

29 1057 110 1122 tium‚
125 1057 191 1121 quod
203 1070 244 1121 per
259 1058 395 1110 incautelam
412 1060 526 1123 prolatum
545 1061 642 1110 auferret
659 1061 769 1110 lroaorsm
788 1058 841 1121 ejns

29 1134 113 1182 contra
127 1142 198 1193 onem
210 1129 336 1193 proterium
350 1135 375 1180 st
383 1135 439 1182 tuuc
450 1135 531 1195 posset
549 1132 618 1181 homc
630 1143 724 1194 peocme
735 1129 842 1181 mortali-

32 1206 80 1265 ter,
100 1200 196 1254 etiamsi
213 1213 260 1252 uon
276 1201 405 1252 intenderet
421 1202 623 1254 dehonorationem
643 1202 759 1252 alterium:
780 1202 840 1252 sicut

30 1273 125 1324 etiamsi
133 1271 217 1336 adorus
226 1272 316 1326 incaute
325 1273 394 1324 alium
402 1287 431 1325 er
439 1274 492 1326 ludo
499 1273 641 1339 percutiens,
650 1273 836 1338 gradnrledet

34 1345 102 1409 culpa
115 1357 165 1396 nou
183 1347 253 1396 caret.

64 1418 101 1468 td
119 1415 221 1481 primum
238 1428 291 1479 ergo
305 1415 437 1480 dicendum,
451 1415 513 1479 qudd
530 1417 559 1467 ad
572 1416 720 1480 eutrapeliam
739 1415 840 1480 pertinet

33 1489 110 1540 dicere
122 1487 216 1550 aliquod
229 1488 279 1538 lere
292 1487 431 1551 conuitium,
446 1501 492 1538 nou
504 1489 534 1538 ad
548 1487 749 1539 dehonorationem
761 1487 800 1538 vel
812 1489 840 1537 ad

34 1558 235 1610 contristationem
249 1560 299 1622 ejus
312 1560 336 1609 iu
344 1573 411 1624 quem
426 1559 566 1620 dicitur,sed
579 1559 651 1622 magis
662 1558 730 1610 coust
739 1558 842 1609 denata-

36 1630 107 1682 tionis
119 1633 144 1682 et
153 1629 215 1694 joci3
225 1633 248 1680 et
261 1632 303 1681 hcc
311 1633 442 1696 potestesse
451 1631 500 1681 sine
508 1630 638 1694 peccutc,si
649 1631 733 1681 detrita
745 1629 843 1679 cucum-

36 1703 129 1756 staut'rae
143 1703 302 1756 obsecrentur.
311 1703 337 1753 Si
352 1702 405 1754 uerd
414 1703 495 1766 aliquis
508 1716 556 1754 non
567 1702 698 1754 reformidet
707 1702 840 1752 contristare

37 1787 88 1826 eum
100 1775 127 1826 iu
147 1788 217 1838 quem
230 1776 342 1839 protertur
356 1775 485 1840 hujusmodi
497 1776 603 1839 jocosum
619 1773 757 1838 conuitium,
772 1773 842 1823 dum·

38 1848 105 1898 modo
122 1847 176 1898 aliia
190 1845 262 1898 risum
277 1847 369 1911 oscitet,
381 1849 425 1898 lrcc
438 1851 475 1898 est
488 1847 605 1910 vitiosum,
615 1849 642 1896 ul
653 1846 739 1896 ibidem
747 1844 839 1896 dicitnr.

68 1920 103 1970 nd
115 1918 241 1970 secundum
253 1919 387 1982 dicendum,
397 1919 457 1983 qnid
468 1919 529 1970 sicut
538 1919 625 1969 licitum
634 1922 671 1969 ast
680 1917 779 1981 aliquem
790 1930 842 1967 uar-

40 1991 117 2042 tmere
133 1989 210 2043 nolin
229 1989 296 2041 rebus
309 1990 466 2054 damnificare,
480 1990 549 2042 causi
565 1991 706 2055 disciplina,
720 1990 753 2040 ita
773 1988 842 2038 etiam

38 2061 106 2112 causi
123 2061 252 2126 disciplina
273 2065 349 2125 potest
370 2063 451 2126 aliquis
470 2063 536 2114 alteri
548 2077 616 2127 quem
629 2062 698 2112 dehet
714 2060 841 2124 corrigere,

41 2133 135 2184 uerbum
148 2132 240 2197 mouod
251 2134 401 2186 convitiosum
415 2135 500 2186 dicere.
512 2137 540 2185 nt
548 2137 592 2184 lroc
600 2134 669 2184 modo
678 2132 787 2183 Dominus
795 2131 841 2182 dis·

41 2203 231 2267 cipuloarocauit
243 2207 379 2267 «stitus»
390 2211 414 2257 et
425 2208 547 2272 Apostolus
557 2205 648 2257 Galatas
657 2205 817 2255 oiuseusatos.
826 2220 841 2250 u

41 2273 126 2328 Tamen
134 2313 144 2341 ,
156 2275 215 2328 sicot
235 2277 290 2328 dicit
309 2278 445 2340 Augustinus
459 2279 484 2328 in
499 2277 538 2329 lilr.
555 2279 591 2327 De
604 2291 680 2327 serm.
694 2276 800 2326 Domm
813 2277 843 2324 otu

44 2351 135 2410 monte,
149 2367 163 2398 o
172 2347 223 2399 rard
234 2353 291 2400 etex
300 2363 380 2413 magua
389 2343 526 2401 necessitate
535 2348 705 2410 objurgationes
714 2351 769 2398 saut
777 2346 842 2397 adtri-

41 2416 135 2546 ffi'
145 2422 178 2558 ὦ
189 2419 286 2542 ‘Elim'
297 2435 342 2473 uon
363 2423 440 2485 uobis,
455 2425 494 2474 sed
511 2427 536 2473 ut
554 2421 649 2474 llomirro
669 2421 788 2483 semiatur,
803 2419 839 2469 in-

74 2665 108 2729 (l)
118 2669 165 2715 Vel
176 2669 235 2714 sicut
246 2675 282 2714 cst
293 2671 316 2714 in
328 2669 450 2728 Augustini
459 2675 534 2727 textu,
542 2669 584 2715 lib.
595 2669 625 2724 ΙΙ,
637 2679 689 2726 cap.
701 2667 731 2712 30
740 2668 789 2714 sire
802 2665 840 2721 to,

47 2728 67 2772 in
79 2733 197 2778 modernis
214 2734 402 2790 exemplaribus:
415 2734 452 2778 ito
465 2737 544 2777 tomen
557 2736 585 2777 sot
598 2733 670 2776 etium
684 2732 713 2776 in
730 2732 767 2775 lois
781 2731 843 2788 ipris

47 2803 94 2838 noo
110 2793 196 2846 nodis,
209 2795 267 2846 red,
281 2799 339 2848 eto..
354 2797 378 2841 in
391 2796 430 2842 illa
453 2793 524 2842 rerba
536 2807 566 2841 ex
578 2794 673 2845 Natta,
694 2793 738 2840 vn
752 2811 759 2838 ι
774 2793 844 2850 Eja'ce

48 2858 155 2914 primiore
169 2858 269 2910 troiam,
284 2865 327 2906 etc.
