1992 3317
394 156 426 193 uu
440 156 506 193 urna.
802 148 848 197 117

50 235 111 284 alian
127 244 170 297 por
182 232 289 283 labimur
312 232 365 283 fidat
382 230 510 282 ineuntur
526 244 590 283 mens
606 234 705 285 homins
723 236 752 285 ad
772 246 850 287 usen-

50 305 142 355 liendum
158 304 196 355 his
208 318 262 368 qua
276 302 420 354 conueniunt
430 305 500 353 rocta
513 300 580 365 fidei,
599 308 623 355 sl
636 318 683 355 non
697 305 756 356 aliis.

74 377 107 427 11
123 379 231 441 qmrlum
250 376 373 427 dicentum
383 413 390 436 ,
399 374 462 437 qnod
474 374 564 425 auditus
579 380 615 427 est
629 378 749 428 vorborum
763 378 850 443 signifi-

50 449 143 499 confiunt
158 460 187 499 ea
199 462 253 511 qun
266 452 323 499 snut
338 446 392 498 fidoi
401 463 408 509 ·,
416 460 465 496 non
477 450 555 497 autom
567 451 603 499 osl
615 448 718 513 ipsarum
731 463 806 501 rerum
821 452 849 503 de

49 521 124 581 quibua
138 524 173 571 ost
186 520 262 571 lidos:
276 522 301 569 at
309 519 344 569 sic
356 530 405 569 nou
413 520 506 581 oportet
515 521 540 567 ut
549 519 661 582 ejusmodi
674 534 710 571 ras
722 522 768 572 sint
780 522 844 574 risae.

351 686 514 739 unoculus
529 688 555 737 V.

168 807 255 852 Utrum
271 819 300 851 aa
309 817 363 863 qua
370 805 495 863 wutfldei
500 806 593 862 possint
606 818 654 853 ersa
663 808 730 855 scitu.

80 926 112 974 ,11
125 920 232 988 quintum
249 924 284 973 siu
300 923 434 987 proceditur
447 920 491 985 [1).
506 922 600 973 Videtur
616 923 677 987 quod
691 938 717 975 ea
730 940 781 989 qua
799 932 852 980 sunl

53 996 118 1057 litei,
130 996 218 1059 possint
232 1008 284 1047 ossa
297 996 364 1045 solta.
375 996 409 1044 Ea
421 994 484 1044 euim
497 1008 548 1057 qua
559 1007 605 1045 non
617 994 732 1061 sciuntur,
746 998 853 1049 videnlur

51 1078 99 1116 osso
119 1066 209 1130 ignota,
230 1065 287 1129 quia
308 1066 439 1130 ignorantia
461 1064 562 1117 scientia
584 1067 714 1131 opponitur.
736 1069 782 1119 Sed
801 1083 851 1132 qua

52 1142 102 1186 arnt
115 1138 179 1201 linui,
193 1153 240 1189 non
253 1142 309 1189 sunl
317 1139 398 1201 ignota
407 1154 414 1201 ;
424 1138 508 1187 lrorurn
518 1136 579 1187 onim
593 1137 721 1202 ignorantia
732 1140 760 1190 ud
772 1140 852 1191 inlidu-

50 1211 133 1260 litalonr
145 1210 262 1273 pertinet,
276 1209 406 1261 secuudum
420 1208 476 1258 illud
491 1208 510 1257 l.
528 1208 563 1259 ud
579 1210 698 1271 Timuit„
713 1211 743 1260 l:
760 1228 774 1258 u
785 1212 850 1275 iguo·

51 1295 98 1332 rans
111 1283 156 1332 loci
168 1283 193 1332 in
204 1282 367 1333 incredulitate
379 1293 439 1332 moa.
451 1296 464 1326 n
479 1281 539 1343 Ergo
550 1294 577 1331 aa
593 1296 644 1345 qua
654 1286 707 1333 sunl
721 1282 785 1348 fidei,
798 1296 852 1349 pos-

54 1358 103 1402 sunl
115 1368 164 1405 ussa
179 1354 246 1405 scita.

84 1427 236 1488 zlraelerea,
250 1425 346 1477 scientia
360 1438 403 1490 por
418 1424 519 1475 rationes
530 1424 661 1489 acquiritur.
670 1424 715 1476 Sed
726 1427 753 1479 ad
765 1440 791 1477 ua
801 1440 852 1491 qua

56 1500 103 1545 sunl
113 1496 177 1559 filei,
199 1496 213 1547 l
230 1497 302 1548 sacris
317 1496 452 1547 auctoribus
470 1496 569 1547 rationes
583 1497 729 1548 induurulur.
746 1499 806 1563 Ergo
826 1513 853 1551 ou

54 1581 100 1627 oua
111 1574 166 1618 sunt
183 1569 254 1632 lidei,
271 1570 369 1633 possunt
381 1581 432 1618 assa
449 1566 516 1617 scita.

80 1644 101 1687 3.
117 1640 245 1700 paterna,
261 1653 290 1690 ea
306 1653 359 1703 quaa
374 1638 550 1689 demonstrativo
562 1640 698 1705 probantur,
716 1644 770 1691 sunt
781 1642 851 1704 suita,

51 1710 100 1771 quia
112 1711 298 1761 «demonstratio
311 1714 348 1760 est
364 1710 512 1775 syllogismus
525 1711 612 1761 lanians
626 1709 694 1761 scire.
704 1728 718 1759 n
733 1712 778 1761 Sed
792 1725 854 1775 qua-

53 1784 99 1830 darn
117 1796 167 1846 qun
186 1782 210 1831 in
229 1783 276 1832 lide
291 1781 452 1842 continentur,
466 1785 520 1831 sunt
538 1780 716 1833 demonstrativo
736 1782 855 1847 prohatalr

54 1855 200 1919 philosophis,
213 1854 274 1904 aloru
285 1854 357 1903 lluuru
367 1866 434 1915 esse,
449 1856 473 1903 et
485 1852 555 1905 ileum
565 1867 615 1903 esse
629 1866 708 1916 uuum,
722 1854 797 1905 etalio
808 1856 851 1904 lru·

54 1926 155 1981 nonulli.
168 1926 229 1989 Ergo
242 1938 271 1975 aa
285 1938 336 1989 quae
350 1922 488 1985 mollitiei,
508 1928 603 1989 possunt
614 1937 664 1975 esse
678 1924 742 1975 suita.

83 2001 105 2045 l.
119 1998 245 2060 Praeterea,
254 1996 334 2061 opinio
347 1998 400 2060 plus
411 1994 620 2058 distatusulentia‚
638 1996 705 2061 quam
718 1997 775 2048 filies
781 2034 790 2061 ‚
801 1996 853 2047 curn

50 2071 104 2119 tiles
122 2068 211 2119 ‹liralnr
228 2083 281 2120 osso
298 2068 374 2119 madia
396 2067 459 2118 lutor
472 2068 602 2131 opinionem
622 2073 645 2119 et
659 2069 792 2119 solentiam.
810 2071 855 2121 Saul

49 2141 159 2202 opinioot
174 2141 273 2191 scientia
288 2143 384 2204 possunt
397 2152 449 2189 osse
464 2139 540 2202 aliquo
557 2141 621 2209 molo
632 2140 660 2190 lo
675 2140 767 2202 eodem,
782 2144 808 2191 ut
821 2140 855 2193 di-

49 2212 105 2261 ritur
119 2212 144 2261 iu
155 2214 176 2262 l.
188 2212 327 2261 Posterior.
341 2212 402 2275 Ergo
417 2209 487 2261 eliam
503 2211 557 2261 lidos
571 2215 595 2261 at
608 2211 711 2263 seientia.

78 2285 125 2334 sol
144 2287 291 2344 contnuo,
311 2284 372 2347 qnod
391 2282 513 2345 Gregorius
532 2282 600 2343 dicit,
615 2282 674 2347 quod
690 2300 702 2329 u
723 2284 855 2347 apparentia

52 2370 95 2406 uon
111 2356 200 2407 habant
215 2356 298 2417 tidem,
312 2356 352 2405 sall
370 2352 521 2418 agnitionem.
537 2370 550 2399 n
564 2354 596 2405 lla
615 2367 668 2418 ergo
682 2356 709 2405 de
726 2356 808 2419 quibus
821 2358 856 2405 ast

53 2431 115 2491 tides,
124 2428 267 2493 agnitionum
282 2439 328 2476 non
338 2426 438 2488 hubonl3
455 2426 494 2475 seul
508 2438 534 2475 ea
547 2440 597 2487 quae
611 2428 664 2475 suut
676 2425 747 2487 suita,
758 2425 855 2489 agnitio·

51 2513 101 2548 uem
114 2500 210 2549 habeut.
221 2499 282 2562 Ergo
297 2498 325 2547 de
338 2498 372 2549 eis
382 2509 434 2561 quau
446 2498 499 2545 sunt
509 2496 574 2561 solta,
585 2509 631 2547 non
640 2499 716 2560 potest
725 2508 776 2546 esso
790 2496 853 2547 lidos.

82 2572 245 2629 (Coscausro.
259 2571 355 2629 —Quae
377 2566 530 2618 communitor
549 2571 571 2617 ot
591 2566 722 2631 simpliciter
747 2567 789 2618 sub
811 2567 855 2617 lide

53 2643 208 2705 ‹onlinontur⁷
222 2643 334 2692 nonsuut
347 2636 538 2700 soita‚oi1mvisa
552 2636 646 2689 minimo
660 2638 729 2701 sint.)

86 2758 118 2821 ll)
131 2763 164 2807 Ile
183 2760 222 2805 lais
236 2759 308 2805 etiam
322 2757 395 2816 iutra,
411 2768 452 2813 qu.
466 2755 494 2813 l,
510 2762 555 2803 ort.
566 2756 595 2813 1,
609 2768 639 2801 ax
653 2756 682 2809 ὃς
698 2762 725 2801 ul
738 2763 762 2802 at
775 2769 815 2812 (pr.
830 2758 854 2812 7,

54 2831 98 2868 nrt.
111 2823 140 2878 ³;
154 2824 240 2883 ο1111,
254 2821 334 2870 Sunt„
346 2821 400 2866 (list.
411 2818 461 2876 ut,
477 2824 521 2866 nrt.
532 2820 563 2877 ἰ,
577 2818 716 2875 quostiunu.
726 2817 799 2863 1113
810 2834 817 2869 ς
832 2822 856 2861 et

54 2887 140 2933 soum
154 2888 239 2936 Gaul„
253 2885 297 2929 lib.
308 2886 401 2942 l‚.oup.
414 2881 444 2934 ὃς
460 2886 485 2925 ot
494 2894 534 2938 qu.
552 2881 595 2939 lt,
610 2882 639 2925 (le
651 2882 786 2935 veritsarl.
798 2878 823 2921 ll.
