1992 3317
341 122 572 176 inaestimatam.
809 130 855 182 ttt

39 206 184 271 [minimam
195 204 262 263 Nihil
277 210 354 261 autem
364 210 474 265 divinitus
487 214 619 279 prohibetur
629 212 676 267 uiui
686 214 783 269 malum.
795 218 856 283 mre

39 282 104 333 timer
117 283 256 335 mundanus
271 284 308 335 ast
320 283 403 335 matus.
572 309 583 322 ο

68 354 241 415 (Ceumusuu.
258 353 358 405 -Cium
377 356 446 409 timei·
463 358 592 411 mundanus
608 357 623 408 a
637 360 697 411 mata
712 360 744 413 sit
764 362 853 426 ramae,

40 425 124 477 scilieet
138 428 168 477 ab
186 438 269 479 amere
288 427 370 478 muudi
375 441 487 494 ,semper
500 429 716 483 mmmueuessarit
728 436 774 485 est.
784 434 838 499 )

67 498 214 564 Respondes
235 498 374 565 dicendum,
394 500 455 565 quid
476 501 537 555 siem
557 515 589 553 ex
607 504 677 568 snpra
698 505 766 557 uicus
788 510 853 571 patet

42 570 95 633 (qu
103 575 155 636 Ie,
169 574 218 623 art.
231 571 276 635 2),
290 574 354 621 aetus
367 572 464 625 morales
476 577 501 624 et
510 573 603 627 habitus
616 588 646 626 ex
659 575 697 641 obj
699 574 757 628 eutis
769 589 854 629 nomeu

41 646 61 689 et
71 642 175 707 speeiem
188 642 290 693 habeut.
299 642 423 706 Proprium
434 646 510 695 autem
520 644 634 705 obtectum
645 646 766 712 appetitiui
777 650 853 700 metus

42 716 179 766 astianum
199 714 287 779 tinnie3
303 716 327 765 et
342 714 422 766 idaea
440 715 531 781 pmpnia
543 715 590 768 fine
608 718 683 769 omnis
696 722 772 771 metus
784 732 853 785 appe-

44 786 120 837 titivus
130 790 157 837 et
170 786 321 851 specificatur
331 789 355 837 et
370 786 508 839 nominatur.
525 787 617 852 Siquis
626 788 689 839 enim
707 790 854 855 cupiditatem

43 858 173 909 nomiuamt
181 872 299 909 umorem
312 856 419 918 laboris,
425 858 479 922 quia
487 864 582 924 propter
590 858 738 923 cupiditatem
745 862 852 914 hammes

43 929 165 990 laborant,
187 942 234 981 nan
250 928 314 981 naute
337 928 473 981 nominaret.
493 930 546 980 Nun
564 930 629 981 euim
649 931 727 995 cupidi
752 932 854 985 latiarem

42 1005 156 1063 quaerunt
168 1000 226 1050 sieut
245 1000 332 1064 tinem,
345 1000 387 1051 sed
402 1000 462 1051 sieut
479 1001 503 1051 id
522 1002 583 1065 qued
600 1003 637 1051 est
650 1001 680 1052 ad
696 1002 780 1066 tinem3
796 1005 854 1055 siem

45 1071 116 1121 finem
128 1074 205 1121 autem
214 1074 323 1135 quemnt
332 1070 432 1123 diuitias.
443 1072 508 1123 Unde
522 1072 636 1137 cupiditas
648 1070 709 1122 reete
726 1074 855 1125 nominatur

45 1142 184 1193 desiderium
207 1143 247 1193 uel
266 1156 330 1193 amor
350 1141 493 1207 diuitiarum,
517 1145 579 1208 quud
597 1147 634 1195 est
658 1144 751 1194 malum.
771 1144 799 1194 Itt
815 1158 855 1209 per

45 1216 104 1265 hune
127 1216 224 1265 medum
247 1228 313 1265 amor
335 1215 464 1265 mundanus
486 1214 577 1281 proprie
595 1214 691 1280 dieitur,
710 1228 756 1279 quo
773 1215 855 1280 aliquis

46 1288 128 1339 munde
146 1284 255 1335 inuitItur
265 1289 375 1351 tanquam
388 1285 430 1335 fini·
443 1303 449 1336 ε
464 1290 487 1337 et
501 1286 535 1337 sie
548 1300 611 1338 amer
623 1288 754 1339 mundanus
764 1298 856 1352 semper

48 1363 80 1407 est
97 1358 183 1409 malus.
203 1358 282 1409 'rimer
293 1361 371 1409 autem
386 1370 415 1409 ax
429 1370 506 1413 amone
518 1358 626 1409 nascitur.
640 1359 699 1410 illud
713 1358 776 1409 emm
787 1358 857 1410 fimet

47 1429 112 1480 hema
125 1428 248 1493 amittere,
266 1430 327 1491 quud
342 1432 417 1493 amat,
434 1433 460 1479 ut
473 1432 537 1495 patet
556 1442 597 1493 per
609 1428 799 1499 augustinumin
811 1429 852 1480 uu.

47 1500 172 1564 LXXXIII,
182 1501 270 1558 Quaest.
282 1500 312 1549 ut
323 1498 391 1549 timer
400 1501 529 1552 mundanus
539 1503 574 1549 est
583 1500 624 1563 qui
632 1500 769 1565 praestituti
778 1513 855 1552 amore

47 1572 164 1621 mundana
175 1574 287 1634 tanquam
305 1568 390 1620 amala
405 1570 491 1622 radice.
512 1569 541 1620 Et
554 1574 645 1633 prepter
659 1572 704 1621 hec
715 1569 767 1634 Ipse
785 1570 856 1621 tImur

46 1643 180 1692 mundanus
198 1654 287 1707 semper
303 1644 339 1692 est
352 1642 435 1693 malus.

80 1712 118 1763 Ad
134 1712 229 1776 primum
250 1726 306 1777 erpo
329 1712 462 1778 dineudum,
475 1711 537 1778 quaid
559 1712 642 1777 aliquis
663 1714 739 1776 petest
758 1712 857 1763 seruari

47 1783 155 1837 hemines
168 1784 297 1849 dupIIeiter.
317 1784 455 1849 tinemuta,
468 1785 494 1835 iu
508 1788 619 1848 quantum
636 1782 707 1835 estin
721 1781 756 1833 eis
770 1782 855 1847 aliquid

48 1858 163 1919 diuinum,
177 1854 234 1921 puta
246 1852 855 1920 tannmgratiae,ie1vmutu‚valsaltennaturalis

48 1928 88 1979 Dei
99 1926 207 1992 imaginis
220 1943 226 1977 ε
238 1932 263 1978 et
274 1929 320 1979 hoe
334 1929 403 1979 muto
413 1928 571 1993 vituperantur
583 1928 623 1992 qui
635 1926 742 1978 homiues
760 1939 807 1978 non
818 1941 855 1979 re·

49 2004 163 2052 verentur.
176 1998 228 2050 Atia
240 2000 307 2051 modo
319 1997 396 2065 potest
410 2000 491 2063 aliquis
501 1998 608 2051 hemines
619 1999 734 2063 reuereri,
744 1999 770 2048 in
778 2010 854 2063 quan-

52 2076 97 2123 tum
116 2074 165 2123 Itee
186 2070 358 2122 conputantur
375 2074 418 2121 :et
434 2070 468 2123 sie
484 2072 609 2122 laudantur
624 2068 664 2135 qui
685 2071 791 2122 hemines
808 2084 855 2121 nau

52 2146 191 2207 reserentur,
207 2143 335 2193 seeundum
354 2140 410 2193 illud
427 2141 534 2203 Erotes,
543 2140 642 2207 XLVIII,
657 2144 684 2193 de
697 2142 749 2193 uua
758 2142 796 2194 uei
808 2141 855 2192 Eti-

53 2230 110 2268 seu:
123 2233 137 2265 u
145 2218 172 2267 ln
182 2215 263 2266 diebus
274 2216 323 2267 suis
332 2228 380 2273 nen
391 2214 509 2279 pertimuit
520 2215 655 2281 principem.
663 2213 680 2264 Γ»

80 2290 115 2340 nd
129 2288 257 2339 meandum
268 2286 403 2349 urendum,
414 2285 475 2352 quid
484 2289 609 2353 potestates
622 2288 753 2352 seculares,
763 2288 855 2352 mando

53 2360 150 2418 inferunt
166 2370 249 2425 poenas
267 2360 296 2410 ad
308 2359 471 2410 retrahendum
484 2358 497 2410 a
510 2362 619 2423 peream,
634 2360 659 2409 iu
675 2360 720 2410 hee
737 2360 794 2409 sunt
813 2360 855 2410 Dei

53 2433 162 2495 ministri,
181 2432 307 2483 seeundum
327 2430 384 2482 illud
403 2433 484 2489 Rom„
502 2432 575 2482 XIII:
596 2429 799 2482 «miserenum
813 2432 855 2482 liei

54 2509 100 2569 est,
117 2504 204 2555 uindex
221 2502 245 2553 iu
259 2503 317 2554 iram
331 2502 355 2553 ei
368 2502 408 2567 qui
423 2502 507 2555 matum
520 2502 601 2566 agIt.»
616 2503 646 2553 Et
664 2502 789 2552 seeundum
811 2502 856 2552 hee

51 2576 129 2626 tiuare
144 2578 282 2640 patestatem
295 2573 444 2639 sesumam,
460 2588 507 2627 non
524 2571 778 2639 pertiuetatenoreu
790 2584 857 2622 muu-

53 2648 144 2712 danum,
160 2648 200 2699 sed
213 2647 242 2699 ad
255 2645 362 2698 timerem
375 2644 479 2697 seruilem
490 2645 529 2698 uel
541 2644 663 2697 initialem.

54 2806 90 2855 Ne
107 2804 250 2851 mantua
273 2802 301 2850 at
321 2804 361 2851 tte
386 2803 430 2863 part
454 2802 571 2851 umectant
590 2813 694 2905 earm·
709 2800 755 2848 etsi
775 2799 856 2846 amem

55 2869 141 2931 phrasis
151 2878 230 2929 musa
244 2867 378 2929 utrubique.

162 2977 201 3021 II.
719 2961 749 3009 1⁰
853 3010 861 3019 ¹
