1992 3317
150 176 180 231 itu
204 146 208 152 ’
290 186 365 227 eumn
384 179 512 237 stennon,
526 182 620 233 eumer.
638 184 681 236 ux,
698 181 752 225 rut.
770 179 805 225 ιιι,

166 243 318 315 ἰιιιιιιιιι
330 264 464 328 arearum,
480 248 540 328 ium
554 264 614 315 nour
624 264 679 315 arna
692 264 786 315 nutius
797 280 812 311 ι
822 261 954 315 uumerus

148 348 200 399 esse
220 338 255 385 est
268 335 352 387 inesse.
366 351 380 383 rr
394 336 458 387 Unde
473 348 541 387 omae
556 335 660 387 aoeidens
671 349 718 386 non
733 335 870 385 dieitureus
885 336 953 399 quasi

147 410 222 473 ipsum
235 422 284 458 esse
294 408 386 471 habeat,
400 408 440 476 sed
457 408 511 472 quia
522 422 549 459 eo
561 408 645 472 aliquid
657 413 704 472 est,
718 407 778 459 unde
792 411 814 457 et
828 406 904 469 magis
918 408 954 456 di-

149 480 207 530 eitur
218 480 268 531 ess'e
281 479 340 530 eutis
348 492 416 545 quam
426 492 480 542 eus,
489 484 515 529 ut
525 479 607 530 dicitur
617 479 642 529 in
653 479 702 529 Vll.
714 478 820 543 metaph.
834 478 905 543 (text.
918 478 951 541 2).

70 592 76 606 .
148 552 178 603 Et
189 550 242 616 quia
255 551 306 615 ejus
319 550 409 603 estlleri
419 551 457 602 rel
468 552 581 615 eorrumpi
590 551 658 615 eujus
667 555 772 612 estesse,
781 550 803 601 id
814 552 849 600 est
857 549 953 616 proprie

149 622 261 688 loquendo
281 623 367 673 nullum
385 622 488 673 accidens
507 636 580 686 neque
599 622 624 671 nt
642 635 714 687 neque
728 620 893 686 corrumpitur,
915 623 954 672 sed

149 694 230 746 dieitur
251 694 299 745 [leri
321 695 358 744 rel
373 694 486 758 eorrumpi
505 696 629 745 secundum
649 695 709 757 qnod
727 693 854 757 subjeetum
871 692 954 756 incipit

149 767 186 817 rel
195 766 278 817 desinit
288 780 338 817 esse
354 766 378 816 in
392 771 443 816 aotn
458 768 584 817 seeundum
594 766 648 816 illud
664 765 774 816 adridens.
787 766 816 814 Et
825 763 953 815 secundini

149 837 193 888 hoo
206 837 274 887 etiam
284 836 357 901 gratia
367 838 450 887 dicitur
464 838 551 900 creari,
562 851 592 887 ex
602 850 630 887 eo
643 838 701 901 quod
710 836 815 888 homiues
824 835 954 889 secundini

148 909 221 972 ipsam
235 912 352 971 creantur,
367 908 390 959 id
405 914 440 960 est
455 909 553 961 innovo
567 922 618 960 esse
634 909 800 961 constituuntur
812 920 842 959 ex
861 908 953 967 nilrllo,

150 979 173 1031 id
186 983 221 1030 est
234 991 280 1029 nou
292 980 430 1044 exueritis,
440 980 562 1032 seeunlirm
572 980 628 1031 illud
639 980 675 1031 od
683 981 785 1045 Epion,
801 979 821 1031 ll
837 979 954 1029 :uersati

149 1051 174 1100 in
189 1050 279 1103 Christo
290 1051 344 1102 lesu
356 1050 380 1101 in
391 1052 498 1116 operibus
511 1052 585 1103 bonis.
594 1069 608 1099 n

444 1232 603 1283 sumendus
616 1232 654 1282 lll.

316 1358 403 1403 Utrum
420 1359 543 1415 qratiam
558 1358 621 1403 idem
633 1358 696 1415 quod
710 1359 795 1403 virtue

182 1484 216 1537 dd
233 1486 323 1537 tortium
338 1486 371 1536 sio
384 1483 563 1549 proceditur(t).
577 1484 672 1536 Videtur
687 1484 749 1549 qudd
762 1485 833 1548 gralia
844 1484 876 1535 sit
893 1486 953 1535 idern

150 1558 211 1621 quod
221 1558 303 1608 virtus·
318 1557 376 1607 Dicit
388 1556 448 1607 euim
462 1557 602 1620 Augustinus
616 1556 677 1620 qudd
690 1575 705 1606 ιι
718 1556 790 1619 gram
804 1569 906 1620 operans
919 1562 955 1605 est

151 1626 207 1679 fides
224 1642 274 1692 quae
289 1642 330 1693 per
344 1627 489 1679 dilectionem
503 1630 622 1691 operatur,
641 1645 655 1675 u
667 1631 692 1677 ut
710 1629 805 1679 habetur
818 1627 844 1677 iu
861 1628 903 1679 lilr.
919 1628 954 1676 De

150 1700 246 1765 spr'rito
262 1704 287 1750 et
300 1700 387 1751 littero
406 1700 472 1765 (cap.
489 1703 520 1748 Βῆ
529 1699 547 1763 ).
562 1699 608 1749 Sed
621 1700 678 1749 fides
692 1714 742 1763 quae
755 1713 797 1763 per
808 1699 954 1751 dilectionem

152 1775 266 1836 operatur,
281 1776 316 1823 est
324 1771 404 1822 virtus.
423 1770 481 1834 Ergo
490 1770 562 1833 gratia
576 1776 611 1821 est
624 1770 706 1821 virtus.
797 1789 801 1792 -

183 1846 207 1891 a.
230 1844 353 1906 Proterea,
376 1840 510 1905 cuicumque
532 1843 640 1891 ooureuit
662 1841 783 1903 dildnitio,
806 1842 916 1891 convenit
934 1844 955 1888 et

153 1912 284 1963 diffinitum.
297 1914 340 1963 sed
352 1912 500 1963 diffinitiones
512 1912 540 1962 de
548 1911 698 1963 rutntedate
706 1913 766 1978 (sire
776 1913 790 1962 l
799 1910 896 1975 sanetis,
909 1911 954 1960 sive

153 1987 166 2037 l
186 1985 342 2050 philosophis)
363 1986 395 2050 (tt
411 1984 551 2035 conveniunt
571 1986 649 2049 gratim
671 2003 677 2036 :
697 1986 747 2049 ipsa
762 1985 823 2037 euim
842 2001 858 2031 «
870 1985 953 2035 bonum

153 2056 207 2107 lauit
220 2057 356 2121 habentem,
371 2059 394 2107 et
408 2069 465 2119 opus
482 2057 534 2119 ejus
546 2056 631 2106 bouum
647 2057 734 2120 reddit,
748 2073 762 2103 n
775 2057 826 2120 ipsa
838 2056 909 2106 etiam
922 2058 954 2117 est

154 2146 168 2176 ιι
177 2128 237 2179 bona
254 2127 349 2191 qualitas
367 2127 463 2192 mentis,
478 2140 524 2191 qua
537 2128 597 2177 rente
614 2128 765 2191 vivitur,eto.
779 2127 872 2190 »Ergo
886 2124 954 2190 gratia

153 2202 187 2251 est
202 2200 283 2251 virtus.

187 2333 220 2398 (1)
230 2338 263 2383 Ite
273 2337 308 2383 liis
318 2338 388 2383 etiam
402 2338 444 2384 111.
459 2345 531 2395 part„
542 2350 583 2395 qu.
593 2337 618 2396 7,
633 2344 677 2383 ιιι.
687 2335 714 2390 1;
733 2342 756 2382 et
766 2348 806 2393 qu.
820 2333 862 2390 δὲ,
873 2341 916 2381 art.
928 2333 952 2381 lt

152 2402 221 2459 elli,
231 2400 310 2449 Sunt,
325 2400 378 2446 dist.
391 2399 422 2445 26
430 2434 437 2460 ,
447 2414 486 2457 qu.
499 2401 523 2459 2,
533 2407 575 2445 art.
590 2399 641 2446 tet
653 2405 698 2445 art.
710 2398 738 2452 o;
753 2405 778 2443 ut
791 2402 814 2442 et
824 2398 868 2455 IV,
879 2398 953 2443 seut„

153 2462 207 2509 dist.
224 2462 251 2521 l,
268 2475 307 2519 qu.
326 2462 354 2521 l,
370 2470 413 2509 art.
436 2463 464 2523 t,
485 2464 620 2521 quaestione,
634 2461 660 2517 53
677 2468 753 2517 etqu.
769 2460 814 2517 Ἠ,
831 2460 860 2505 de
879 2459 953 2506 uerit.

155 2531 199 2571 art.
215 2526 239 2572 2.
805 2533 807 2540 ·

188 2594 218 2658 (2)
234 2599 256 2643 Α
276 2598 365 2643 Sunetls
384 2596 492 2655 quidem,
507 2601 532 2641 ut
545 2597 607 2653 quod
619 2608 703 2653 nempe
718 2594 748 2639 sit
767 2592 829 2637 dono
850 2592 953 2650 qualitas

153 2660 258 2719 ruentis,
266 2666 290 2705 et
299 2660 414 2718 eolllgitur
423 2672 452 2705 ex
463 2658 605 2718 Augustino,
615 2659 656 2704 lib.
667 2660 697 2703 11.
707 2658 742 2702 De
752 2655 829 2701 litero
840 2654 952 2700 arbitrio,

154 2734 208 2778 nup.
222 2722 252 2767 18
265 2729 351 2779 etuap.
366 2722 405 2769 19.
421 2721 691 2779 Aphrodisiensium,
704 2726 730 2764 ut
740 2718 803 2776 quod
816 2716 906 2763 loreum
915 2711 953 2760 er-

155 2782 245 2830 tentem
261 2789 357 2845 etopus
378 2786 431 2843 eius
448 2782 537 2829 duorum
549 2784 636 2829 reddat.
651 2786 707 2829 lieo
724 2782 787 2827 euim
800 2780 915 2839 colligitur
927 2786 952 2821 ex

153 2846 357 2955 lllrilogoplrmlib,
367 2849 399 2895 11.
411 2846 504 2899 Echio,
515 2858 568 2904 oap.
578 2845 602 2907 5,
612 2846 752 2905 groco-lat,
763 2842 799 2889 rel
807 2843 831 2890 io
846 2839 951 2900 antiquit,
977 2858 979 2862 ·

152 2918 207 2969 erp.
237 2943 242 2955 .
