1992 3317
183 184 215 235 ot
229 185 368 235 vannius
383 191 512 234 smeanns
528 187 680 233 rannmtstat.
786 153 843 230 'tat'¹
906 175 909 180 ’

38 275 61 324 in
72 273 173 325 ordinem
186 272 273 323 attioris
285 271 407 336 principii:
423 271 482 322 sicin
501 271 641 322 monstruosi
654 273 734 335 partus
744 270 833 320 anima.

37 346 92 396 lium
109 347 163 394 sunt
174 348 256 409 praeter
273 342 374 395 ordinem
389 343 479 394 virtutis
500 343 579 394 active
592 343 617 394 in
637 341 736 405 semine3
757 344 832 394 tamen

37 418 119 468 minut
132 417 174 466 snb
185 415 262 466 ordine
277 414 364 466 attioris
371 414 493 479 principii,
506 413 592 466 scilicet
606 411 704 465 eoelestis
721 413 831 478 corporis,

36 489 72 538 vet
89 485 185 537 ulterius
203 485 351 550 providentie
373 484 465 536 divine.
479 485 544 536 Unde
564 485 602 536 ilie
622 484 661 549 oni
681 483 832 536 consideraret

36 561 142 610 virtum
156 556 286 607 actiramin
296 558 392 621 semine,
404 571 452 609 noo
460 560 540 622 posset
549 559 636 608 eertum
648 555 760 620 judicium
774 556 834 608 terre

36 633 64 681 de
78 628 209 692 huiusmodi
217 627 334 692 monstris,
345 629 464 694 dequibus
475 633 551 680 tumen
562 630 638 692 potest
646 626 743 692 judicari
754 641 835 680 secun·

37 700 91 751 dnm
108 698 310 749 musiderationem
330 698 413 750 rinna
435 697 595 763 presidentia.
619 697 737 762 Contingit
758 701 833 748 autern

36 771 171 836 maioque
184 769 269 833 aliquid
286 781 337 820 esse
356 769 485 821 ocientem
500 773 582 834 prater
595 781 726 821 communes
743 770 833 833 renatas

36 845 191 907 agendorum,
203 841 260 906 pntt
272 841 325 892 cim
338 841 489 906 impugnatos
503 841 583 906 patria
597 851 643 890 non
657 843 693 890 est
705 841 833 906 depositum

35 915 192 976 sediminas,
207 914 244 964 rel
257 913 340 977 aliquid
356 913 417 964 alind
437 913 577 978 hujusmodi.
593 911 621 962 Et
634 910 685 962 ideo
705 915 794 976 oportet
806 913 834 963 de

35 985 170 1049 liujusnorii
185 983 287 1048 justene
302 983 426 1035 mortim
446 984 522 1049 aliqua
535 983 614 1034 attiora
626 981 753 1047 principia,
766 983 834 1048 quim

35 1060 83 1110 sint
95 1057 180 1121 menie
189 1068 329 1119 communes,
342 1056 464 1106 semotim
476 1068 534 1120 quas
545 1055 633 1119 judicat
647 1053 743 1118 synesis.
755 1055 784 1104 iit
797 1067 834 1105 se·

35 1129 138 1181 cundum
156 1128 195 1178 itta
207 1128 287 1179 altiora
300 1128 412 1192 principia
425 1128 524 1190 exigitur
536 1127 603 1178 altior
620 1125 693 1176 sirius
710 1125 835 1189 indicativa

35 1217 88 1266 quae
104 1204 198 1252 roratur
210 1214 314 1265 meme,
329 1212 379 1264 one
392 1199 500 1264 importat
510 1201 630 1263 quamdam
641 1197 835 1263 perspicacitatem

33 1274 127 1339 judicit.

69 1347 104 1396 nd
114 1344 212 1408 primm
221 1357 275 1408 ergo
289 1343 418 1407 dicendum,
430 1344 489 1408 qaod
501 1342 591 1408 synesis
603 1345 637 1392 est
650 1341 704 1392 vert
712 1338 837 1405 indicativa

35 1422 65 1470 de
90 1415 198 1468 omnibns
212 1429 266 1480 qum
288 1415 410 1468 motuinus
432 1427 565 1466 oommrrnes
585 1413 673 1478 regulas
695 1412 770 1475 fiunt3
795 1411 836 1462 sert

35 1498 122 1557 praeter
138 1501 270 1540 communes
290 1489 378 1552 reputas
392 1489 444 1538 sunt
458 1488 560 1551 waiam
579 1485 623 1534 alia
636 1483 796 1547 diiudicanda,
815 1485 840 1532 nt

32 1562 186 1629 jamdictum
201 1563 246 1610 est.
567 1559 570 1564 ’

68 1635 103 1685 nd
113 1632 238 1683 mnndum
249 1631 377 1692 moenium,
387 1629 447 1693 ouon
464 1627 574 1692 indicium
590 1626 657 1676 debet
670 1624 731 1675 suni
748 1637 777 1675 ex
788 1635 840 1688 pro·

34 1706 97 1772 priie
113 1701 233 1768 principiis
247 1702 292 1763 rei‚·
300 1701 418 1766 inquisitio
428 1704 504 1750 annm
519 1699 543 1748 nt
556 1695 624 1748 etiarn
640 1710 680 1760 per
689 1693 836 1746 communia:

34 1779 98 1829 unde
112 1774 181 1826 etiarn
192 1774 217 1823 in
226 1773 372 1838 speculativis
383 1771 511 1830 diaiectica,
522 1783 572 1832 que
585 1770 620 1818 est
633 1767 762 1831 inquisitiva
771 1802 778 1829 ,
786 1778 838 1829 prc-

32 1849 99 1901 oedit
113 1860 144 1897 ex
160 1844 332 1908 conmunitos3
348 1841 523 1894 demonstrativa
542 1843 633 1901 annm,
655 1851 706 1902 qun
723 1839 759 1886 est
775 1836 838 1900 jucli-

33 1922 131 1981 catisa‚
146 1915 248 1980 procedit
260 1927 289 1966 es
305 1913 411 1980 propriis.
427 1913 455 1963 nt
466 1913 517 1962 ideo
533 1909 648 1966 cointio,
662 1909 690 1958 ad
704 1919 770 1971 quarn
782 1919 839 1971 per-

33 1996 98 2045 tinet
111 1988 230 2053 inquisitio
243 1987 347 2051 consitii,
363 1989 399 2037 est
411 1999 457 2035 nna
466 1986 495 2035 de
511 1983 629 2041 omnibus,
647 1991 693 2031 non
707 1981 781 2030 autem
795 1993 837 2042 ap-

32 2066 117 2124 rress'o,
138 2073 190 2124 qna
209 2063 247 2114 est
270 2058 404 2123 indicativa.
427 2055 568 2120 Procopium
592 2057 668 2104 auteur
696 2051 789 2115 respicit
813 2049 837 2100 tn

32 2136 146 2190 omnibns
162 2125 232 2182 unam
246 2132 357 2182 rationem
376 2128 446 2194 boni}
460 2131 484 2178 et
503 2128 554 2178 ideo
572 2124 639 2176 etiam
661 2123 779 2189 prndernn
792 2135 838 2173 non

32 2215 70 2262 est
83 2207 132 2258 nisi
148 2215 204 2254 nna.

65 2280 104 2330 nd
118 2276 213 2328 tertium
227 2274 362 2335 mnium,
372 2271 432 2337 quod
444 2271 521 2322 omnia
531 2269 570 2321 itta
584 2282 634 2333 qun
646 2270 728 2332 preter
737 2279 839 2317 conrnu-

31 2365 91 2403 nenr
101 2359 194 2400 ensem
202 2345 333 2408 contingere
341 2348 451 2408 possunt,
461 2341 605 2392 considerare
616 2339 715 2405 pertinet
726 2337 753 2387 art
768 2335 839 2388 solam

30 2418 207 2489 providentiam
220 2416 322 2467 nisinarn
330 2432 339 2480 3
351 2416 392 2466 sed
405 2415 466 2464 inter
481 2413 587 2463 nomines
604 2411 642 2462 ilie
655 2410 697 2474 qni
714 2411 749 2459 est
766 2408 840 2472 magis

31 2493 162 2562 perspicax
171 2492 247 2554 potest
254 2489 321 2554 ptura
333 2489 414 2538 horum
426 2498 467 2536 sna
475 2485 563 2535 ratione
572 2481 705 2546 dijudicare.
717 2481 745 2530 st
758 2481 784 2530 ad
795 2479 840 2529 noc
906 2483 908 2488 '

30 2565 318 2633 pertinacemque
336 2559 443 2623 importet
456 2550 577 2638 mandans
596 2553 791 2620 perspicacitatem
803 2551 841 2615 ju·

30 2639 103 2693 dicii.
