1992 3317
106 133 154 190 ott
222 144 334 187 erenum
349 115 481 198 masma,
494 145 587 192 oussr.
603 147 684 199 rems,
698 148 756 188 aar.
772 151 798 191 x,

383 304 389 348 ¹
404 335 563 387 iuncosus
578 335 608 387 x.

145 461 231 508 Uirium
244 459 373 518 moestia
386 473 411 506 ee
423 461 536 506 ostendat
545 460 578 506 od
586 461 692 518 repimus
701 461 880 509 multitudinis.

144 588 177 638 td
187 586 300 639 desimam
308 587 342 638 sie
351 587 533 652 prouentum).
547 587 643 640 Videtur
659 587 720 653 quoe
735 590 860 653 prudentia
873 604 916 642 non

112 673 138 714 se
155 659 263 710 exundat
276 659 304 709 ad
323 659 424 723 regimen
443 659 609 720 muttitudinis,
624 661 664 711 sed
680 659 754 710 solim
767 661 797 711 sd
816 662 916 724 regimur

111 730 240 796 suiipsius.
255 730 313 782 itioit
325 730 388 781 onim
400 730 585 796 Philosophusin
599 731 618 780 V
631 731 725 788 Eitis..
738 731 802 795 quod
818 734 915 783 «uirtus

29 864 33 872 ¹
112 803 183 854 relata
196 803 225 854 ut
239 803 325 854 tonum
333 815 453 853 mmmmm
465 806 501 853 est
511 802 609 866 justitia.
620 817 635 850 n
646 802 691 853 Sed
705 802 831 866 prudentia
843 803 918 855 differt

112 873 127 926 i
138 874 236 940 justitia.
250 875 310 938 Ergo
318 873 440 938 prudentia
451 886 498 925 non
513 874 609 926 retertur
621 875 648 926 ad
659 874 743 926 bonnm
753 887 889 927 commune.

144 951 169 999 t.
183 945 356 1009 armorumue
364 944 455 997 vitetur
465 959 518 998 esse
530 946 644 1010 prudens,
653 947 693 1011 qui
709 945 815 1010 sibiipsi
829 947 915 998 bonum

113 1017 196 1083 querit
210 1023 234 1070 et
244 1020 359 1083 operatur.
372 1018 417 1068 Set
426 1019 558 1082 irmaentar
567 1017 600 1068 iili
614 1018 654 1082 qui
666 1020 771 1081 quarunt
779 1018 842 1070 bonu
851 1032 916 1070 eom·

113 1089 201 1153 munia,
214 1088 333 1154 negligunt
340 1101 391 1140 sua.
404 1089 463 1152 Ergo
477 1101 523 1139 non
537 1091 590 1139 sunt
600 1089 731 1153 prudentes.

145 1165 169 1210 a.
188 1161 313 1223 meum,
332 1160 453 1225 prudentia
471 1159 580 1212 dividitur
602 1162 681 1210 mutue
696 1159 876 1224 temperantiam
895 1165 917 1212 et

113 1230 278 1282 tortitudinem.
292 1231 496 1296 Sed·tempsrantiu
506 1234 531 1282 et
541 1231 651 1284 fortitudo
664 1230 773 1282 ridentur
782 1231 831 1282 diei
844 1231 917 1282 solnm

113 1315 155 1368 por
169 1301 357 1368 comparationem
368 1303 621 1368 moenumproprium.
633 1303 692 1366 Ergo
707 1301 776 1362 etiem
785 1304 915 1368 prudentia.

146 1373 190 1424 Sed
201 1376 279 1424 eontra
294 1377 343 1437 ost,
355 1375 416 1438 qnod
428 1375 539 1426 Dominus
546 1374 616 1438 dicit,
631 1372 823 1431 nattt.,xx11:
839 1375 916 1434 «Quis

114 1449 182 1511 putas
190 1449 226 1497 est
238 1444 311 1497 tidelis
319 1457 399 1497 seruus
406 1447 509 1510 prudens
518 1459 588 1512 quem
596 1446 714 1498 mustitnit
725 1445 837 1498 Dominus
849 1460 915 1512 super

114 1517 224 1570 farnitum
236 1517 318 1568 mam?
331 1532 347 1565 o

148 1592 158 1656 (
168 1591 354 1643 cornone·
366 1589 424 1642 Cim
434 1591 463 1643 ad
475 1590 619 1654 prudentiam
630 1591 719 1655 spectet
731 1590 793 1642 rente
803 1588 915 1642 mnsiflari

117 1677 145 1716 ao
160 1663 277 1729 judionis,
292 1665 316 1714 et
333 1675 362 1713 ea
377 1660 502 1726 precipere
518 1676 570 1722 qum
583 1663 611 1712 ad
625 1661 725 1714 debitum
741 1661 811 1714 finem
829 1663 916 1714 eondu-

116 1740 186 1800 onnt‚
198 1749 226 1787 sa
239 1748 286 1787 non
295 1731 362 1785 modo
370 1732 483 1798 privatum
497 1733 593 1798 respicit
604 1734 701 1796 bouum,
717 1733 759 1784 sed
769 1733 842 1784 otiam
854 1746 915 1784 eom·

115 1820 186 1859 mnne
200 1803 350 1857 multitudinis
360 1804 470 1866 bonum-t

148 1879 283 1943 Respondeo
300 1877 435 1937 moestum,
450 1875 512 1940 quon
529 1876 589 1928 sient
606 1877 759 1941 Philosophus
778 1877 836 1928 dioit
847 1878 871 1928 in
888 1877 913 1926 vt

102 1951 212 2023 motio,
224 1948 315 2014 qnidam
334 1951 460 2012 posuerunt
472 1947 532 2012 quta
547 1947 667 2014 protentis
677 1961 723 2000 non
736 1960 761 1998 se
775 1949 879 2000 otendit
888 1947 913 1998 ai

115 2023 201 2072 honum
210 2033 339 2081 commune,
351 2021 391 2071 sod
399 2019 473 2071 sotim
483 2019 512 2070 ad
523 2020 609 2071 bonurn
620 2019 748 2085 proprinm3
764 2023 789 2070 et
798 2021 843 2071 hoc
851 2020 910 2078 iuteo,

117 2092 172 2157 quia
192 2089 352 2142 existimabant
369 2089 430 2154 quon
448 2103 496 2141 non
513 2093 603 2154 oportet
619 2091 734 2143 hominem
752 2104 855 2156 querere
872 2089 913 2140 nisi

116 2164 203 2216 bonnm
218 2162 344 2227 proprium.
367 2163 413 2213 Sed
433 2164 484 2214 troo
504 2162 642 2214 existimatio
663 2164 774 2226 repugnat
798 2160 913 2223 comitet,

118 2246 246 2298 «qusnon
255 2233 338 2296 quent
348 2247 401 2298 que
414 2247 455 2286 sua
471 2237 557 2297 sunt»
572 2233 687 2285 utdieitur
701 2234 712 2283 1
725 2232 761 2282 od
775 2233 849 2294 Gor„
859 2233 913 2284 11111.

108 2305 183 2359 ‚Unde
193 2307 217 2356 et
231 2304 352 2368 spostolus
364 2306 391 2356 de
403 2305 478 2370 seipso
487 2305 575 2369 uiuus
587 2307 657 2362 Cor„
669 2305 705 2355 X:
721 2321 736 2352 u
745 2303 798 2354 Non
811 2315 914 2369 quorsus

118 2377 180 2440 quod
196 2375 251 2426 mihi
266 2376 322 2428 utile
334 2376 380 2437 sit,
395 2377 436 2427 sed
447 2378 509 2441 qnod
522 2377 615 2438 multis,
626 2380 653 2426 ut
670 2375 728 2428 salvi
738 2375 829 2425 fiant.»
845 2377 916 2440 Repu·

119 2450 175 2511 gnat
185 2447 252 2499 etism
267 2447 349 2500 rationi
362 2451 446 2512 motas,
459 2462 511 2513 qna
525 2449 569 2500 hoe
583 2447 672 2513 judicat
684 2445 745 2512 quod
758 2447 845 2497 bouum
858 2459 915 2498 oom-

108 2519 189 2570 ‘mnne
202 2519 234 2570 sit
244 2519 325 2571 melius
338 2519 407 2585 qnam
416 2521 502 2572 bonum
512 2520 588 2572 nnius.
597 2520 654 2580 Quia
665 2532 719 2583 ergo
733 2519 762 2569 sd
775 2517 914 2583 prudentiam

118 2590 217 2655 pertinet
229 2591 291 2644 recti
304 2589 430 2655 consiliari,
441 2590 543 2656 judicare
556 2591 718 2658 etpraeoipere
729 2591 757 2640 da
767 2589 805 2640 his
819 2601 915 2654 perque

117 2663 250 2728 peruenitur
263 2663 292 2714 ad
307 2662 407 2714 debitum
419 2663 502 2727 tinem,
518 2662 664 2714 manifestum
676 2665 711 2714 est
723 2661 784 2727 quod
799 2659 916 2726 prudentie

154 2816 185 2880 (1)
200 2822 233 2866 lte
246 2817 283 2863 tris
295 2816 451 2877 etiamtum,
465 2829 506 2874 qn.
521 2816 561 2879 so,
574 2823 617 2865 art.
636 2813 665 2880 ³,
680 2817 711 2871 ud
732 2814 763 2874 ὃς
775 2819 801 2865 et
814 2818 834 2865 1.
849 2818 915 2876 past,

122 2891 163 2942 uu,
173 2881 214 2942 Β,
227 2884 271 2936 ort,
289 2877 313 2940 1,
325 2880 424 2936 intorp.
