1992 3317
148 149 194 198 822
283 161 391 198 annmrna
407 159 535 210 annone,
551 161 644 204 onnsr.
661 163 706 211 nx,
724 161 779 198 mr.
797 163 815 198 1.

148 249 194 288 non
205 237 247 288 soli
254 237 342 300 jndices
356 237 401 287 sint
409 237 476 300 justi,
488 237 578 286 videtne
589 236 650 300 qndd
662 237 776 302 jndieinm
785 251 833 288 non
843 238 935 288 nitentes

149 311 375 440 Ψὲἰῖἰωέοὲῗὲιὲᾷ,
389 379 450 443 quod
468 380 492 428 in
511 380 607 431 Psalm.
618 381 702 444 nent,
717 380 823 431 dicitnr:
842 399 857 429 «
876 384 938 441 onon·
968 410 970 429 2

150 454 235 515 despue
247 449 337 515 justitia
358 454 503 500 eonvertatur
519 452 544 500 in
561 452 679 514 indicium.
702 468 717 499 »

184 523 344 588 (Concnosro.
353 521 448 571 -Cdm
455 523 567 586 iadieinm
579 524 630 586 eins
639 524 870 588 qnodianatnmest‚
877 526 939 575 deter-

150 593 243 644 minatio
257 593 302 653 sit,
318 593 464 656 consequitur
474 595 543 643 etiam
554 594 664 658 jndieinm
675 609 725 644 esse
732 596 831 661 justitie
847 600 939 645 aetum>

180 665 314 728 despondeo
325 665 456 727 dicendum,
465 664 525 728 qndd
537 665 647 728 juditium
656 667 749 729 proprie
758 668 866 720 nominat
875 672 940 718 notun

147 735 240 800 judicis,
255 736 279 786 in
290 739 401 799 qnantum
415 738 487 801 jodex
498 741 542 786 est.
557 737 715 786 intexentem
732 737 816 788 dicitnr
833 740 899 804 qnasi
906 742 941 799 pn

149 807 288 858 dionisius
305 811 382 858 antem
390 813 424 858 est
433 809 548 872 nbjootnm
556 808 661 871 jnatitia,
672 812 700 858 nt
709 809 782 872 sopri
792 812 896 862 habitum
904 814 940 859 est.

149 879 180 928 lit
192 879 243 930 ideo
252 879 361 943 jndieimn
376 881 495 944 importat,
509 881 634 930 secondom
646 880 744 944 primam
757 883 863 933 nominis
879 884 941 945 impo-

150 949 269 1014 sitionem,
282 952 439 1002 diffinitionem
452 953 489 1001 rei
502 951 716 1002 determinationem
729 953 802 1013 osta
814 955 866 1005 aire
871 956 941 1020 jorio

151 1023 215 1082 dudd
226 1029 302 1076 mrtem
318 1025 400 1088 atiqnis
410 1025 469 1074 bene
478 1024 574 1074 diiiiniat
586 1023 672 1086 atiqnid
681 1024 708 1072 in
716 1025 827 1087 operiens
835 1026 941 1077 m'rtnos'n.

150 1095 241 1160 proprie
261 1097 361 1160 procedit
380 1110 407 1146 ex
417 1097 497 1146 habito
511 1096 600 1146 virtntis
615 1112 621 1145 :
636 1096 697 1145 sient
708 1101 787 1148 castos
800 1099 865 1150 reete
883 1100 941 1147 deter-

151 1168 222 1218 minat
238 1182 264 1218 ea
286 1182 336 1232 qun
357 1168 472 1232 pertinent
492 1168 521 1218 ad
540 1167 678 1219 castitatem.
700 1168 729 1216 Et
751 1167 804 1218 ideo
824 1171 941 1232 juditium.

153 1241 212 1302 quod
226 1241 332 1302 importat
345 1242 428 1290 rectam
442 1236 654 1288 determinationem
665 1238 717 1302 ejus
730 1240 793 1302 qnod
809 1245 847 1290 est
858 1242 941 1304 justum,

151 1309 243 1373 proprie
260 1310 358 1376 pertinet
373 1312 402 1362 ad
414 1309 643 1374 justitiam‚propter
652 1311 715 1376 quod
730 1310 889 1375 Philosophus
898 1310 940 1359 ini

152 1381 247 1435 Ennio,
258 1381 322 1441 dinit,
337 1381 395 1444 pudd
409 1397 423 1428 n
435 1381 539 1430 immines
549 1381 576 1429 ad
588 1380 690 1443 jndicem
700 1382 839 1444 confugiunt
853 1383 910 1433 sient
921 1378 941 1426 ad

153 1451 271 1516 qnamdam
290 1452 401 1516 justitiam
422 1452 554 1508 animatam
568 1468 582 1498 o
629 1481 633 1484 -

186 1525 219 1574 nd
240 1525 338 1589 primam
350 1537 403 1587 ergo
412 1523 535 1576 dioendnm
547 1559 553 1584 ‚
564 1522 624 1587 qnod
638 1537 722 1574 nomen
734 1523 819 1588 judicii
829 1563 836 1586 ,
848 1525 908 1588 quod
917 1535 943 1570 se

154 1596 252 1648 eundum
268 1595 362 1660 primam
373 1594 544 1658 impositionem
561 1594 674 1656 signifieat
686 1601 772 1647 rentem
785 1595 943 1648 determinatio

155 1681 208 1720 nem
225 1669 351 1732 justorum,
362 1667 494 1730 ampliatum
506 1668 543 1717 ont
557 1665 588 1716 ad
599 1666 773 1728 significandam
785 1670 944 1718 reetamdeter-

154 1740 302 1792 minationem
313 1740 337 1791 in
346 1737 525 1804 quibuscumque
532 1739 614 1801 reios,
622 1744 669 1789 tarn
683 1738 708 1786 in
719 1739 882 1804 speciminis,
889 1741 944 1804 quiin

153 1813 179 1862 in
194 1811 308 1876 pmetioia.
321 1811 347 1863 ln
358 1810 461 1863 omnihus
475 1815 552 1868 tamen
567 1810 596 1860 ad
605 1813 692 1861 neotum
704 1809 818 1872 jndieinm
827 1809 945 1872 dnoreqoi·

154 1885 234 1932 rentur
247 1899 252 1932 :
263 1895 357 1946 quornm
369 1895 440 1931 unum
456 1885 492 1931 est
507 1881 557 1946 ipsa
570 1879 779 1943 vireis-proterens
790 1883 916 1945 juditium,
927 1884 945 1927 et

154 1952 187 2002 aie
204 1951 317 2016 judicium
330 1957 366 2002 est
380 1957 444 2004 aetus
457 1952 569 2015 rationis3
586 1951 661 2001 dicere
674 1950 736 2001 enim
748 1951 788 2002 rel
798 1953 899 2007 diffinire
912 1952 944 2000 ntr-

154 2022 221 2085 quid,
233 2022 327 2072 rationis
350 2027 394 2074 est.
415 2023 480 2075 Aliud
493 2027 569 2073 antem
582 2026 618 2072 est
636 2022 757 2086 dispositio
771 2024 911 2085 judicantis.
924 2035 945 2068 er

154 2105 198 2156 qna
211 2094 280 2144 habet
291 2093 437 2147 idoneitatem
451 2095 478 2144 ad
492 2093 728 2156 metumientem
741 2095 816 2144 etsie
824 2096 851 2147 in
863 2097 944 2156 hisqna

154 2164 270 2226 pertinent
288 2165 322 2214 ad.
334 2165 465 2229 justitiam,
480 2165 590 2229 jndioinm
608 2165 714 2228 prooedit'
728 2167 864 2230 exjustitia
878 2183 884 2216 :
898 2168 945 2216 sien

154 2237 177 2284 et
188 2235 220 2284 ,in
236 2235 272 2286 bis
288 2249 339 2298 qne
355 2238 384 2289 ad
404 2237 744 2300 summonitionem
759 2236 944 2291 dordonensi

153 2317 207 2368 ergo
223 2305 336 2370 jndioinm
351 2308 491 2370 mtosmdem
504 2308 678 2372 temnentia
697 2309 758 2358 aient
775 2309 908 2361 inoiinantis
924 2306 945 2355 ai

152 2375 219 2428 reott·
230 2377 397 2442 iudicandum,
409 2379 536 2444 prudentie
548 2382 631 2433 nomm
641 2378 702 2430 aiem
712 2379 827 2443 indicium
839 2381 946 2444 proteren-

153 2447 193 2501 tis.
213 2448 278 2500 Unde
294 2453 317 2500 et
337 2450 427 2514 apnens
449 2451 477 2502 ad
498 2449 641 2513 potentiam
662 2450 779 2514 pannem
799 2451 882 2502 dieitur
898 2451 946 2499 nera

150 2519 315 2582 indication*
329 2525 355 2571 nt
372 2521 440 2585 sopri
450 2521 553 2573 haidum
565 2522 667 2586 astion.
678 2525 718 2581 51,
728 2525 772 2572 art.
787 2525 829 2582 tt.

185 2593 220 2642 nd
237 2594 359 2644 seeundum
373 2593 509 2655 dicendum,
523 2593 584 2658 qnid
602 2595 670 2644 homo
692 2594 818 2658 spiritualis
831 2609 862 2647 ex
875 2593 944 2644 tanin

155 2663 272 2719 eharitatis
284 2665 353 2716 babet
358 2665 530 2716 inclinationem
542 2665 641 2716 admeti
651 2666 798 2730 indimndnrn
811 2666 945 2721 deomnitns

152 2736 278 2788 seeundum
294 2737 382 2800 nepotas
399 2735 505 2797 dininas,
519 2749 550 2786 ex
569 2736 652 2799 naiton
666 2736 794 2800 jndioinm,
807 2751 848 2802 per
869 2739 943 2787 donum

153 2807 272 2869 sapientia
293 2806 423 2870 pronuntiat
447 2824 452 2856 :
474 2807 532 2858 siout
551 2807 628 2871 justus
649 2821 690 2872 per
704 2807 812 2859 ortuum
824 2806 943 2873 pmdentiae

152 2874 284 2937 pronuntiat
294 2876 413 2944 judicium,
425 2891 458 2938 dx
471 2878 559 2941 regum
570 2877 639 2945 jonis.
679 2929 682 2936 ,
721 2925 724 2929 .
