1992 3317
354 101 571 164 nemausensis}
815 113 863 170 'itt¹

75 203 155 258 peren
169 190 213 247 Sed
222 191 365 245 considerare
377 194 486 260 praecedit
502 207 584 253 *omnes
595 195 653 252 istoc
663 199 736 262 anna,
746 197 862 264 quisper-

74 263 127 314 tinet
139 264 203 314 etiam
221 265 255 314 ad.
265 263 405 317 intellectum
422 266 597 330 speculativum.
611 269 672 334 Ergo
685 269 861 326 inconsideratio

75 335 158 387 nonest
171 335 265 398 speciale
278 339 396 400 peccatum
410 338 452 388 salt
465 339 617 404 imprudentia
633 343 774 396 contentum.

102 407 142 458 Sed
153 410 227 466 eontra
238 411 288 469 est,
300 408 361 471 qnod
376 408 458 460 dieitur
472 411 599 467 provere,
615 413 644 463 lli
662 429 667 464 :
684 429 697 461 n
709 414 775 465 Oculi
786 415 819 466 tui
828 415 864 465 vi-

74 481 218 540 neutricia,
228 482 252 530 et
264 480 575 547 palpebraetuac'prccedarrt
589 497 680 546 pessus
691 488 760 548 tuos;
775 503 789 533 »
804 489 864 550 qaod

74 551 166 616 pertinet
181 551 207 602 ad
224 552 374 615 prudentiam.
389 552 434 607 Sed
449 553 587 604 rnutrnriurn
600 554 669 621 nujus
683 555 756 622 agitur
772 571 812 621 per·
826 557 863 610 in·

75 621 275 674 considerationem.
295 623 353 687 lingo
375 624 551 676 inconsideratio
569 629 605 676 est
626 627 723 691 speciale
747 634 864 693 peecatum

74 695 113 751 sch
128 688 274 760 inprudentia
285 699 427 749 contentum.

104 768 485 829 (emunire-necuciantes
508 769 604 834 speciale
624 774 743 836 peceatum
765 775 802 824 est
822 774 865 829 snb

72 837 218 903 imprudentia
233 842 374 905 contentum,
385 841 491 906 qusquis
502 841 627 894 contemnit
639 841 678 904 roi
688 843 783 908 regnato
792 858 820 896 ea
833 858 863 898 es

72 911 151 976 quibus
162 915 247 965 rectum
258 911 370 977 judiciam
385 912 513 978 procedit.)

101 984 233 1048 Respondeo
245 984 375 1048 dicendum,
385 985 608 1050 qnodnonsideratio
621 986 729 1052 importat
737 992 813 1044 aetum
826 991 863 1040 in·

36 1055 40 1060 '
70 1055 314 1118 tedectds‚,ueritatem
326 1057 496 1112 reiintuentis.
515 1057 577 1110 Sient
595 1062 669 1110 annm
681 1057 797 1124 inquisitio
814 1075 865 1125 per-

70 1127 129 1180 tinet
141 1128 168 1178 arl
183 1127 302 1189 rationem,
316 1128 349 1181 ita
359 1127 470 1193 judicium
483 1129 585 1192 pertinet
596 1131 624 1184 ad
636 1129 785 1182 intellectum.
801 1131 865 1186 liudo

69 1203 93 1252 et
106 1200 131 1250 in
145 1197 290 1262 specuatirts
301 1199 476 1253 demonstrativa
491 1199 588 1254 scientia
602 1199 682 1251 dieitur
693 1199 828 1265 indicativa,
841 1203 865 1257 in

68 1274 176 1335 mantum
186 1282 226 1334 per
240 1269 400 1321 resolutionem
415 1271 440 1321 in
453 1271 526 1336 prima
538 1271 651 1336 principia
660 1271 824 1337 intelligibilia,
837 1275 866 1326 dc

67 1343 164 1406 reniale
171 1340 331 1406 inquisitorum
341 1341 484 1408 dijudicatur.
500 1343 529 1394 nt
541 1343 593 1396 idco
605 1343 755 1394 consideratio
766 1345 864 1398 maxime

66 1413 166 1481 pertinet
178 1414 205 1464 ad
216 1411 339 1478 judicium.
350 1413 415 1466 Unde
427 1418 452 1467 et
463 1415 567 1466 delectas
577 1413 632 1469 recti
643 1414 725 1477 judicii
741 1417 769 1466 ad
783 1415 864 1466 uitium

66 1483 278 1541 inconsiderationis
286 1485 402 1550 patiant,
415 1489 483 1550 prout
493 1484 579 1540 seilicet
593 1485 676 1550 niquis
693 1484 718 1538 in
731 1487 791 1544 recte
802 1487 867 1550 indi*

65 1559 139 1627 modo
154 1555 244 1620 deicit,
257 1569 286 1611 on
301 1557 347 1608 nnc
358 1555 419 1620 cuod
437 1555 563 1611 contemnit
581 1557 618 1606 vel
633 1555 729 1620 negligit
750 1559 868 1612 attendere

65 1643 94 1680 ea
108 1642 139 1679 ex
151 1627 235 1692 quibus
247 1631 332 1678 rectum
344 1627 457 1692 judicium
470 1625 580 1692 procedit.
595 1627 660 1684 Unde
673 1627 821 1680 namtarum·
831 1633 868 1680 est

63 1699 129 1771 qndd
138 1698 316 1754 inmnsideratin
328 1701 364 1749 est
376 1701 509 1762 peccatum.¹¹

64 1827 68 1832 ,
96 1771 133 1822 ld
152 1769 251 1833 pumurn
266 1782 320 1833 ergo
339 1769 473 1832 dicendum,
490 1767 676 1832 quincentum
698 1781 745 1822 non
763 1769 869 1832 prohihet

63 1840 211 1906 connderare
226 1853 255 1896 ea
269 1854 320 1904 qna
340 1838 496 1904 contegenda
515 1838 552 1889 vel
569 1839 783 1902 uicesimarium
800 1842 868 1894 homo

63 1914 138 1964 lrahet
158 1909 364 1975 opportunitatem
379 1910 418 1960 sed
437 1911 476 1960 dat
496 1909 602 1960 fiduciam
619 1909 735 1974 discipulis
754 1909 778 1961 in
793 1911 869 1967 verbis

60 1982 179 2044 intumis,
187 1984 214 2034 nt
221 1982 343 2035 defluente
353 1980 397 2034 sini
404 1979 573 2046 opportunitate
581 1981 616 2033 rel
623 1984 715 2045 propter
721 1981 868 2047 imperitiam,

61 2056 103 2107 uel
115 2050 173 2120 quia
190 2050 265 2106 suhitd
280 2056 475 2121 preoccupantes,
491 2053 515 2110 ip
530 2053 578 2106 solo
592 2051 668 2104 divino
681 2053 794 2106 confidant
812 2067 867 2109 con·

60 2126 133 2189 silio;
149 2124 205 2188 quia
214 2142 228 2172 c
241 2123 293 2180 edm
303 2124 434 2188 ignoramus
445 2123 499 2188 qnid
512 2136 579 2188 agere
589 2123 726 2186 debemus,
739 2125 783 2178 troc
793 2125 867 2180 selum

58 2197 178 2250 habemns
193 2195 291 2259 residui,
306 2199 334 2246 ut
350 2195 427 2249 mulos
449 2198 539 2247 nostros
560 2194 683 2256 drinaum
705 2196 734 2248 ac
752 2197 838 2258 iteum
852 2213 866 2242 »
963 2229 964 2232 ,

58 2269 124 2318 sicut
143 2265 227 2319 dicitur·
239 2267 260 2319 li
273 2266 403 2332 Perelio,
412 2267 461 2320 llil.
477 2263 584 2329 ttinqutn
597 2264 617 2318 si
629 2267 699 2318 nono
709 2267 867 2328 pretermittas

56 2339 141 2393 lacere
152 2337 214 2402 quud
224 2338 391 2402 polentacium
404 2336 506 2390 diuinum
515 2337 624 2386 auxilium
635 2339 770 2400 expectans,
777 2335 868 2388 ridetur

57 2413 156 2462 tentare
170 2410 252 2463 Deum
335 2451 339 2456 ,

91 2481 131 2535 td
143 2481 270 2532 secundum
280 2479 414 2544 dicendum,
430 2480 490 2545 quoi
503 2483 551 2530 tota
564 2479 714 2533 consideratio
723 2477 804 2530 eorum
817 2493 870 2543 qne·

54 2553 82 2605 in
94 2551 199 2605 consilio
213 2553 367 2613 attenduntur,
378 2552 493 2605 ordinatur
504 2549 601 2602 adnecte
608 2550 770 2615 judicandum
783 2555 806 2610 et
814 2546 866 2604 iden

54 2621 221 2677 consideratio
242 2623 268 2676 in
284 2620 371 2691 jndicio
386 2622 512 2686 perficitur.
527 2622 590 2672 liudo
607 2620 677 2674 etiarn
693 2621 871 2683 inconsideratio

53 2691 166 2746 maxime
178 2693 303 2759 opponitur
314 2692 445 2746 rectitudini
455 2692 545 2758 judicii.

89 2766 131 2817 ad
148 2764 392 2829 criminandum,
406 2763 467 2828 quon
476 2763 650 2818 inconsideratio
663 2764 702 2816 hic
715 2764 826 2829 accipitur
834 2777 871 2820 se-
963 2757 964 2828 ἦ

52 2835 170 2899 cundum
191 2836 369 2922 domnicatam*
386 2837 503 2903 natorum
512 2873 524 2904 s
540 2836 564 2892 id
582 2840 619 2903 ast
637 2835 762 2912 mendica
780 2835 872 2912 ogindia
