1992 3317
147 94 193 142 852
271 102 380 142 nncnnnu
395 100 520 149 secundnm,
533 98 627 146 eninm.
643 99 702 149 nm,
717 96 771 136 nur.
789 96 815 134 v.

179 179 213 230 nd
230 178 320 230 terliomu
336 178 468 239 dicendum,
482 175 543 240 qudd
555 177 616 226 lleus
630 174 689 224 nihil
705 173 837 238 requiritelt
849 172 933 223 nomine

147 251 193 302 nisi
200 252 283 302 bonum
291 251 350 312 qrrod
361 249 410 312 ipse
421 249 445 298 iu
454 248 522 299 uobis
531 246 661 298 seminavit.
677 247 707 296 nt
717 247 770 298 iden
783 245 875 296 verbnm
885 244 934 293 illud

146 324 184 372 vel
197 319 330 382 intelligitur
343 319 465 371 secundum
479 332 571 383 perenm
586 316 781 368 existimationem
795 316 856 366 serui
867 315 934 379 pigri,

147 394 187 456 qni
198 390 337 442 existimauit
347 403 371 440 sc
386 391 413 442 nb
427 390 473 441 elin
485 403 532 440 non
542 389 668 452 accepisse
683 389 720 438 nel
734 387 867 451 intelligitur
874 399 935 449 quun·

148 467 195 514 tum
208 463 237 513 nd
248 465 290 512 noc
303 461 363 525 quod
376 462 436 512 llcus
450 461 547 525 requirit
560 460 574 510 d
585 459 653 510 nobis
668 459 757 509 tructus
769 459 891 521 donorum,
904 457 934 519 qni

147 539 201 586 sunt
217 539 240 585 ct
250 535 277 584 ulo
293 546 321 585 eo
332 536 356 583 et
368 531 382 584 i
396 533 477 598 nohis,
491 532 596 596 mauris
608 532 659 596 ipsa
676 531 736 582 done
748 529 762 581 d
776 532 823 582 lton
836 529 882 580 sint
895 529 934 578 sine

148 606 222 656 nohis.

443 708 604 764 nnmcdutls
618 711 647 761 ll.

179 836 265 882 Utrlrm
283 840 390 894 oporteat
407 847 500 894 semper
516 836 693 881 restitutionem
707 837 791 892 fucore
809 837 832 882 ei
850 837 917 895 doun

411 905 532 958 acceptum
540 903 576 946 est
584 901 686 957 aliquid

180 1029 213 1079 lid
230 1027 334 1092 quintum
350 1028 383 1078 sic
398 1026 526 1092 proceditur
535 1028 585 1092 (ils
594 1026 689 1078 Videtur
705 1026 767 1090 dudd
784 1041 832 1079 non
845 1029 937 1092 connect

150 1112 239 1163 semper
257 1098 421 1150 restitutionem
442 1099 516 1148 iecere
535 1099 557 1149 ei
572 1098 585 1147 i
598 1111 644 1160 quo
659 1102 781 1161 acceptum
800 1103 838 1150 est
858 1098 936 1161 siquid.

149 1171 211 1222 Nulli
224 1172 285 1222 enim
296 1172 402 1222 debemus
413 1181 503 1221 necere.
518 1170 562 1220 Sed
573 1170 696 1232 uliqnnndn
705 1171 767 1220 esset
781 1170 807 1219 in
824 1182 937 1220 monuncu-

150 1245 198 1290 tum
209 1242 307 1292 hominis
320 1242 340 1292 si
351 1241 480 1292 redderetur
489 1241 550 1304 quod
558 1241 588 1291 ab
600 1254 629 1291 en
641 1244 760 1305 acceptum
770 1244 814 1303 cst,
829 1242 867 1292 vel
879 1241 935 1290 elien

149 1312 173 1360 iu
185 1317 347 1363 nocumentum
361 1314 472 1377 eliorum,
486 1312 540 1377 puli
554 1312 670 1376 sinliqnis
681 1313 786 1363 redderet
797 1313 895 1374 gladium
907 1312 938 1360 dc

150 1383 248 1448 positum
263 1385 357 1436 furioso.
372 1385 431 1448 Ergo
446 1399 491 1436 uon
503 1397 595 1450 semper
607 1389 643 1435 est
661 1384 829 1436 restituendum
846 1384 939 1446 eidone

150 1459 266 1519 occeptum
281 1461 323 1508 est.

182 1531 207 1576 2.
231 1529 356 1588 preterea,
371 1528 408 1579 ille
430 1528 470 1592 qni
488 1528 567 1579 illicite
590 1527 675 1592 aliquid
692 1527 772 1590 dedit,
792 1541 840 1579 non
853 1532 939 1579 meretur

151 1597 206 1650 illud
220 1612 362 1664 recuperare.
376 1601 421 1650 Sed
439 1601 575 1663 quandoque
586 1599 669 1663 aliquis
681 1597 760 1651 illicite
771 1600 812 1649 det
823 1600 940 1664 enodatius

152 1669 222 1720 eliam
234 1670 311 1722 illicite
323 1671 419 1735 occepit,
431 1671 489 1722 sicut
502 1676 597 1736 apponet
606 1671 631 1720 in
644 1671 712 1720 dente
729 1673 755 1720 et
766 1671 894 1752 accipiente
907 1670 939 1718 uli·

152 1741 240 1804 qnid
222 1743 354 1794 simoniace.
371 1743 431 1807 Ergo
448 1755 494 1794 non
510 1755 600 1806 semper
612 1742 778 1844 restituendum
795 1747 835 1794 cst
846 1742 938 1805 cuique

151 1817 270 1878 acceptum
282 1819 325 1866 est

185 1889 207 1933 3.
220 1885 340 1948 Preterce
352 1887 427 1938 nullus
442 1889 537 1938 tenetur
549 1887 579 1936 nd
592 1886 741 1950 impossibile.
755 1837 801 1938 Sed
814 1886 937 1968 mundoque

152 1959 188 2005 est
200 1957 340 2021 impossibile
353 1959 471 2010 restituere
484 1957 507 2009 ei
519 1959 588 2022 ique
600 1961 721 2038 occeptum
732 1960 782 2020 est,
791 1960 832 2008 nel
844 1959 896 2023 qnia
908 1958 936 2004 est

153 2030 266 2088 mortuus,
282 2029 321 2078 nel
342 2029 395 2092 qula
413 2029 480 2080 nimis
498 2029 581 2092 dictet,
595 2030 632 2080 vel
648 2029 702 2093 qnia
719 2033 756 2080 est
776 2030 876 2092 ignotus.
891 2029 937 2088 drgo

153 2107 198 2144 non
221 2110 310 2161 sempor
328 2098 434 2150 facienda
453 2103 489 2150 est
506 2098 655 2151 restitutioei
671 2099 746 2164 ique
759 2104 876 2164 amentum
888 2101 925 2148 cst.

184 2171 206 2216 t.
217 2169 341 2232 Preteren,
352 2173 425 2235 magis
435 2171 502 2223 debet
512 2174 580 2222 homo
588 2185 759 2236 recompensem
769 2171 793 2222 ei
801 2172 815 2221 d
823 2185 867 2237 quo
877 2169 937 2230 nujus

152 2238 288 2290 beneficium
307 2243 403 2307 accepit.
421 2245 466 2294 Sed
481 2237 576 2294 nll'nliis
588 2243 692 2308 nersems
710 2245 780 2294 nomn
800 2244 851 2307 plus
864 2239 938 2302 occelli

152 2310 255 2362 beneficii
270 2326 338 2376 quem
352 2315 380 2364 nh
398 2315 437 2366 illo
449 2315 489 2378 qui
500 2315 612 2366 mutuavit
624 2315 662 2365 nel
677 2315 796 2379 deposuit,
810 2314 869 2365 sicut
880 2313 892 2362 i
903 2323 935 2374 pu

152 2383 262 2434 rentibus.
277 2385 337 2448 Engo
351 2385 422 2448 magis
437 2386 616 2436 subveniendum
627 2389 661 2436 cst
671 2384 882 2448 qmndoquenlicn
892 2394 936 2446 pnr-

152 2466 213 2504 sonae
222 2454 300 2516 elteri,
309 2469 378 2518 quem
388 2457 553 2508 restituendum
565 2457 587 2506 ei
596 2455 610 2506 i
620 2469 666 2520 qno
678 2460 796 2520 occeptum
807 2460 852 2508 est.

184 2530 207 2574 5.
220 2527 341 2590 Proteum,
351 2540 434 2578 venum
443 2533 479 2580 est
492 2529 613 2580 restituere
621 2528 677 2580 illud
684 2530 746 2592 quod
754 2529 783 2578 ad
797 2541 884 2580 menum
897 2539 936 2576 res

151 2593 254 2648 tituenlis
270 2611 312 2660 per
324 2593 493 2652 'restitutionem
515 2600 629 2663 peruenit.
648 2599 694 2650 Sed
708 2600 728 2650 si
741 2600 847 2664 menius
863 2596 934 2664 injusti

185 2749 260 2812 (illle
277 2751 936 2815 hisetmmlllSent.,dist.15‚.qn1,ert.5‚·nues

147 2811 222 2858 tinne.
232 2813 259 2868 t,
253 2813 405 2872 ·.,et01moo
413 2815 492 2874 dxlv,
504 2816 640 2877 ncOpetro„
652 2818 816 2878 fflffleffll’
826 2815 931 2865 ideltt.
