1992 3317
157 117 202 162 'tid
290 121 537 174 secundissumo,
552 123 645 167 ounsr.
664 123 713 172 unu,
731 123 785 160 nar.
802 124 820 161 r.
966 104 968 159 ἔ

187 201 221 250 nd
234 199 356 251 secundum
376 199 494 249 dicandum
505 237 512 261 ‚
523 197 584 261 quod
596 212 626 249 cx
640 199 731 249 insidiis
743 211 825 262 agere,
836 198 865 249 ad
879 210 951 262 quam
966 212 968 215 ·

156 273 208 322 dam
222 269 430 335 pusillanimitatem
444 270 558 333 pertinere
572 269 671 332 ridetur3
689 269 849 333 ldaguauimus
862 270 923 320 enim
934 270 952 316 in

155 343 259 394 omnihus
278 340 326 388 vult
348 340 484 390 manifestus
505 353 569 401 esse,
591 344 617 389 ut
638 341 795 403 Philosophus
813 341 872 390 dicit
888 340 912 389 in
930 338 968 387 ll*

156 415 240 464 nitio.
254 413 282 461 Et
291 411 351 474 ideo,
366 411 418 474 quia
428 411 534 475 superbia
544 413 664 474 quamdam
675 411 851 461 similitudinem
866 424 949 473 magua·

156 484 266 535 nimitalis
280 483 350 532 hahet
361 483 398 532 vel
409 481 492 545 lingit3
509 482 561 532 inde
574 486 609 532 cst
625 482 686 546 quod
702 495 748 532 nou
763 483 853 534 directi
873 497 904 534 ex
918 497 950 531 su-

155 555 232 620 perbia
243 555 375 617 hujusmodi
389 554 446 604 uitia
463 555 574 616 oriuntur,
589 568 640 617 quae
651 557 748 603 utuntur
765 555 848 604 iiaude
861 559 887 604 et
903 555 950 603 doh.

155 627 226 692 Magis
244 631 319 678 autern
332 628 377 676 hoc
385 627 487 691 ,pertinet
499 628 527 678 ad
539 626 724 688 conditamque
734 625 861 676 utilitatem
871 625 949 691 quant,

154 699 220 762 parri
232 699 335 762 pendens
349 698 516 749 excellentiam.

186 770 219 819 dd
242 769 331 819 tertium
351 769 486 832 dicendum,
501 769 562 833 qudd
583 769 617 818 ira
635 769 705 819 hahet
721 768 824 818 suhitam
847 772 949 820 motum:

155 841 215 890 uude
229 840 405 904 praecipitanter,
431 839 502 902 agitet
515 839 600 903 ahsque
611 839 722 902 consilio,
733 853 779 902 quo
790 842 890 889 utuntur
903 853 948 902 pro

156 912 215 962 dicta
228 911 291 973 vilia,
307 911 359 960 licet
368 909 503 961 inordinati.
516 911 580 970 Quod
590 913 665 960 autem
676 909 747 972 aliqui
760 909 859 960 insidiis
868 914 947 959 ulantn

154 982 181 1031 ad
195 982 267 1032 cades
281 981 392 1044 aliorum,
409 995 457 1032 non
470 981 577 1046 provenit
591 994 620 1030 ex
632 980 674 1042 ira,
696 981 737 1031 sed
750 980 829 1044 magis
843 995 873 1032 cx
892 981 943 1031 odio:

154 1053 207 1116 quia
228 1053 349 1104 iracundus
362 1053 448 1117 appetit
464 1065 515 1104 esse
531 1052 664 1104 manifestus
681 1053 707 1102 in
722 1053 849 1115 nocendo,
864 1058 891 1104 ut
906 1052 948 1102 dicit

155 1125 305 1188 Philosophus
320 1123 375 1174 iuli
390 1124 488 1174 dictor.

421 1467 590 1536 otherio
607 1467 683 1532 LVI.

196 1614 230 1660 Du
241 1612 413 1672 morentini
425 1612 585 1672 madentium
596 1614 797 1670 partitionibus,
809 1619 842 1663 in
856 1620 915 1665 duos

441 1685 560 1731 articulos
573 1685 664 1746 dicitu.
755 1689 760 1702 '

163 1907 168 1918 ι
184 1837 269 1918 heipde
283 1837 468 1889 considerandum
479 1839 515 1887 est
528 1836 555 1886 de
568 1836 689 1900 preceptis
704 1838 731 1887 ad
742 1839 894 1901 pnrdentiam
905 1857 946 1906 pcr-

152 1909 283 2028 ᾐῃὲῗῖξτυοέ
293 1981 336 2030 hoc
351 1981 480 2042 queruntur
495 1978 548 2028 duo.
566 1982 592 2027 1ο
603 1980 635 2028 lie
647 1979 771 2042 praecptis
786 1983 945 2044 pertinentibus

153 2049 181 2098 ad
194 2049 344 2112 prudentiam.
361 2054 389 2098 2⁰
405 2052 436 2100 lia
451 2049 573 2113 preceptis
585 2048 753 2112 pertinentibus
770 2053 799 2102 ad
812 2053 873 2105 vitia
885 2067 944 2118 oppa

65 2189 66 2196 ἵ
150 2119 201 2168 sita.

453 2227 613 2278 humanius
627 2229 645 2277 l.

158 2341 242 2394 Uirium
251 2351 279 2395 dc
287 2350 417 2408 praecientia
422 2352 502 2407 suerit
512 2347 618 2396 <tandm
627 2353 725 2410 aliquod
732 2358 883 2412 preceptum
892 2355 945 2399 inter

430 2418 544 2471 praccepta
562 2415 675 2483 dcculopr'.

183 2539 217 2588 hd
230 2539 327 2602 primum
341 2538 374 2590 sio
384 2541 522 2603 proceditur.
532 2539 628 2590 Videtur
637 2540 698 2604 quod
708 2543 737 2592 de
747 2542 873 2606 prudentia
883 2543 941 2591 lucus

153 2608 251 2659 dandum
262 2608 351 2673 ahquod
367 2613 508 2673 preceptum
521 2610 581 2660 inter
590 2616 705 2676 prosapta
718 2613 830 2676 decalogi.
842 2613 876 2663 he
889 2612 940 2676 priu-

152 2680 218 2744 cipali
237 2679 298 2731 enim
314 2681 397 2730 uirtute
416 2681 575 2744 principaliora
596 2687 712 2746 prorupta
731 2683 941 2735 condolentem

152 2750 309 2814 principaliora
321 2755 435 2816 precepta
448 2751 506 2814 legis
515 2755 569 2801 suut
580 2757 694 2818 praeopta
705 2755 817 2819 decalogi.
827 2755 886 2806 cun
895 2769 937 2813 crgo

151 2821 270 2885 prudentia
283 2821 312 2870 sit
324 2821 468 2888 principalior
480 2822 541 2874 inter
552 2824 648 2877 nouos
661 2825 764 2890 moratas,
779 2827 869 2879 videtu
886 2824 935 2890 qudi
