1992 3317
91 97 137 146 bit
191 101 443 153 submoneremus,
460 99 554 148 ounsr.
569 98 658 152 nnn,
675 99 730 138 sur.
748 101 787 138 111.

91 182 160 248 suprd
169 183 190 248 ),
203 181 263 246 qudd
276 181 382 232 admouet
393 193 435 230 nos
448 179 556 232 Dominus
568 181 647 229 noster
659 181 705 227 ben
718 175 837 239 negligere
852 176 890 225 in·

92 256 165 306 uicem
181 258 274 320 peecata
293 257 384 313 nostra,
399 266 444 304 non
458 251 580 315 querendo
594 249 647 314 quid
660 249 829 312 reprehendas,
848 247 891 297 sed

92 327 190 377 ridendo
213 325 428 389 quodcumqae.»
450 323 554 387 alioquin
576 323 718 372 efficeremur
732 319 894 382 exploratores

92 399 145 449 nite
163 397 274 460 aliorum,
293 399 372 446 contra
392 395 492 458 idquod
512 393 594 444 dicitur
613 399 698 454 Pron„
714 391 787 440 llillll
807 406 813 439 :
830 407 844 437 n
859 391 895 440 lle

93 481 181 532 queres
189 467 328 532 impietatem
336 467 360 516 in
370 468 436 517 domo
444 465 545 530 josti‚·et
555 477 602 515 uon
609 466 686 514 metes
695 462 798 526 requiem
806 462 869 526 ejus
881 476 896 509 u

94 541 157 591 Unde
168 543 231 604 patet
248 537 308 602 quid
322 552 365 589 nec
379 537 495 602 religiosos
512 540 602 600 oportet
613 535 677 586 exire
690 535 790 585 elaustro
803 535 833 584 ad
846 545 898 583 cor·

94 609 212 674 rigentium
226 609 393 674 delinquentes.

387 787 548 846 tenentos
563 788 601 839 tlt.

128 912 213 960 ditrium
230 914 344 958 correctio
355 914 464 964 froterrm
477 912 597 969 pertineat
611 909 688 956 sellim
702 910 734 955 ori
747 911 871 967 prelatos.

131 1042 164 1092 ld
179 1041 272 1091 tertium
288 1039 321 1090 sic
333 1039 461 1104 proceditur
472 1038 515 1103 (l).
529 1038 624 1089 Videtur
641 1037 701 1101 qubd
719 1036 829 1087 correctio
846 1035 897 1086 ira·

99 1115 163 1162 terna
172 1123 218 1162 non
232 1109 397 1174 pertineatnisi
407 1109 434 1160 sd
445 1111 559 1173 prelatos.
574 1111 631 1160 llicit
644 1108 705 1160 enim
718 1108 874 1172 Hieronymus
890 1123 898 1158 ε

100 1183 253 1233 «sacerdotes
267 1181 372 1230 studeant
387 1179 442 1230 iilud
460 1180 578 1243 Evangelii
597 1180 692 1245 implere
707 1196 713 1230 ε
729 1179 755 1229 Si
771 1179 905 1243 peccaverit

99 1253 125 1302 in
138 1253 237 1302 teiruter
247 1254 309 1311 tuus,
322 1254 366 1300 etc.
379 1251 452 1300 »Sed
464 1250 556 1302 nomine
570 1250 712 1303 sacerdotum
729 1252 902 1302 consueverunt

101 1323 223 1388 significari
242 1322 331 1386 prelati
353 1321 392 1386 qui
408 1323 494 1373 habent
511 1337 586 1374 curam
610 1325 712 1376 aliorum.
733 1323 794 1386 Ergo
807 1323 901 1374 ridetur

100 1393 161 1458 qnbd
175 1395 202 1444 ad
216 1393 276 1444 solos
291 1395 397 1459 prelatos
410 1394 524 1458 pertineat
532 1395 633 1446 fraterna
643 1395 761 1446 correctio.

133 1469 158 1514 e.
172 1465 404 1529 pretereuntem
416 1465 523 1517 correctio
536 1472 571 1518 est
580 1468 683 1532 quedam
693 1467 841 1530 eleemosyna
851 1466 902 1530 spi·

51 1581 60 1597 ,
102 1535 197 1588 ritualis.
211 1536 256 1587 Sed
268 1537 405 1601 corporalem
418 1537 586 1603 eleemosynam
599 1541 687 1602 iacere,
700 1539 802 1602 pertinet
814 1538 845 1587 ad
860 1551 903 1588 eos

103 1608 142 1672 qui
155 1612 208 1660 sunt
221 1609 348 1673 superiores
366 1607 390 1657 in
402 1609 578 1675 temporalibus,
590 1610 676 1662 seilicet
689 1611 718 1660 ad
731 1608 832 1659 ditiores.
841 1609 904 1672 Ergo

103 1683 126 1729 et
144 1681 240 1730 lranrna
258 1680 365 1731 correctio
383 1679 481 1744 pertinet
496 1682 524 1731 ad
538 1692 579 1732 eos
596 1682 636 1745 qui
654 1683 709 1731 sont
726 1679 861 1744 superiores
877 1681 905 1730 in

105 1752 265 1818 spiritualibus,
276 1753 362 1804 seilicet
377 1753 405 1802 ad
424 1753 538 1816 prelatos.

138 1829 160 1874 3.
177 1826 301 1887 preterea,
313 1825 351 1874 ille
365 1823 403 1888 qui
416 1823 509 1887 corrigit
522 1824 601 1884 mium,
611 1827 690 1874 moret
705 1837 757 1875 eum
771 1826 814 1877 sol
823 1829 906 1878 admo·

105 1897 191 1948 nitione
206 1897 235 1946 ad
246 1896 335 1946 melius.
344 1897 388 1945 Sed
397 1895 422 1945 in
433 1897 498 1947 rebus
512 1896 650 1947 neturalibus
662 1895 771 1948 interiora
782 1903 906 1950 mouentur

106 1966 294 2030 isnperimibus.
312 1967 369 2030 lingo
391 1966 458 2017 etiam
477 1967 601 2018 senonum
618 1968 720 2019 ordinem
739 1969 848 2032 virtutis,
864 1969 907 2035 qni

108 2037 210 2102 sequitur
220 2038 321 2088 ordinem
332 2043 431 2100 nature,
443 2040 471 2088 ad
482 2039 543 2090 solos
553 2039 657 2104 praelatos
670 2040 770 2103 pertinet
782 2041 906 2092 inferiores

107 2122 232 2172 corngere:

140 2181 184 2232 Sed
201 2185 277 2232 contra
292 2186 339 2244 est,
354 2183 413 2246 qnod
426 2181 605 2243 dicticinii,
620 2197 660 2246 qn
678 2187 692 2232 3
707 2199 714 2232 :
729 2200 744 2231 n
753 2183 809 2234 l'am
823 2197 905 2236 sacer-

109 2251 247 2315 dotesquirm
262 2253 342 2317 reliqui
351 2254 515 2304 fidelesomnes
525 2265 635 2303 mmmam
644 2254 727 2305 debent
733 2255 816 2306 babere
826 2269 908 2308 curam

110 2324 138 2374 de
156 2324 194 2374 his
205 2325 245 2388 qui
257 2329 366 2389 pereunt,
379 2329 491 2389 quatenns
505 2337 582 2376 eorum
601 2327 759 2389 redargutione
774 2332 815 2378 ant
831 2330 910 2379 corri-

110 2399 191 2460 guntur
206 2395 220 2446 i
236 2397 349 2462 peccatis,
360 2401 400 2448 ant
414 2398 434 2458 si
447 2397 613 2459 incorrigibiles
627 2402 749 2461 apparent,
763 2399 791 2450 ab
802 2398 906 2452 Ecclesia

110 2471 252 2532 separentur.
271 2485 285 2516 s

145 2539 456 2604 (coneursum-eorrectio
467 2553 518 2605 que
528 2544 635 2595 actusest
642 2540 768 2606 ciuitatis,
779 2555 825 2594 nou
836 2543 908 2595 ruodo

113 2611 141 2672 ad
158 2610 278 2676 prelatos,
294 2612 415 2664 sedetiam
430 2611 458 2663 ad
472 2625 623 2675 quoscumque
643 2613 777 2665 charitatem
795 2614 913 2667 babentes

148 2766 178 2830 (l)
193 2771 226 2815 lie
234 2769 270 2816 bis
278 2769 398 2828 etiale,
407 2767 484 2816 sent..
493 2767 547 2813 dist.
558 2766 599 2827 2⁹,
610 2779 650 2824 qu.
659 2768 685 2830 2,
695 2775 740 2816 ert.
751 2770 779 2826 23
795 2777 819 2817 et
829 2781 869 2832 qu.
883 2768 911 2839 8⁸

114 2829 143 2876 de
152 2831 241 2894 virtut,
252 2838 295 2879 nrt.
307 2831 329 2877 1.
