1992 3317
348 172 383 223 Μ
392 172 481 217 olm
495 172 653 221 &numm
853 168 899 218 82⁹

84 252 148 319 quis
160 250 224 304 venit
237 248 424 315 admc,ctnon
439 252 487 305 odit
500 254 780 317 patnnnmetmmct
792 264 897 319 uxerem,

85 328 120 380 et¹
130 323 202 387 tilios,
214 325 239 377 et
257 322 356 387 tratum,
370 328 394 375 et
408 337 510 388 meones,
524 338 571 378 nou
586 328 664 389 potmt
681 339 747 379 naue
760 338 814 379 ossa
829 326 898 379 disci·

85 396 197 477 pulusu
217 394 277 459 lingo
292 394 351 453 llcue
364 399 402 453 cut
419 396 492 461 meeis
509 410 539 450 ex
553 396 665 452 uadum
684 398 812 462 mmmm
828 412 897 462 mam

85 481 220 534 proximus.
799 510 805 523 .

129 540 287 603 (Conccusm.
297 565 330 581 -ι
339 538 395 593 con
413 540 473 595 deus
488 539 521 592 sit
532 539 631 605 prinum
643 540 784 605 principium
796 542 895 593 bordin

89 609 171 671 diuis,
184 609 307 674 pmuiuuus
321 610 418 667 ucri-sit
431 615 519 665 mutum
531 616 609 663 noster
624 612 896 665 mauritanicum

89 681 281 748 participatione,
293 682 347 733 trinu
359 682 430 747 liquet
443 684 515 738 Deum
531 683 605 747 nugis
618 682 687 747 quun
703 685 835 749 ponium
844 684 896 737 dili·

88 754 193 821 gendum
206 766 267 805 aoeu
279 753 289 817 l

126 826 264 890 ilespondco
287 824 502 890 imminerunt
522 839 662 891 mumanae
681 827 783 879 micitia
801 830 897 894 respicit

90 896 252 961 principaliter
270 896 294 946 id
312 896 397 961 inquo
415 898 569 962 principaliter
584 896 700 948 iuvenitur
717 897 773 949 illud
794 898 894 965 bonum,

90 980 162 1032 super
176 968 242 1030 cujus
259 968 464 1027 communicatione
478 970 586 1028 tundatur
600 983 607 1017 ι
622 968 682 1019 sicut
694 968 793 1018 amicitia
802 971 898 1033 politica

90 1040 242 1105 principalius
257 1039 351 1103 respicit
368 1038 494 1105 principem
508 1040 626 1102 ciuitatis,
641 1040 711 1104 iquo
725 1043 798 1089 titum
811 1040 897 1093 bonum

90 1124 216 1169 mmmune
225 1110 324 1165 ctutum
333 1112 447 1175 dependet
463 1128 468 1162 :
483 1114 543 1165 udo
555 1112 613 1164 etei
626 1110 726 1164 mxime
734 1111 829 1162 aetem
841 1112 898 1165 lidos

89 1186 116 1233 et
136 1183 269 1234 obedientia
291 1182 415 1233 ieivibus.
431 1184 536 1235 Amicitia
557 1188 632 1234 auteur
651 1182 769 1234 charitalis
788 1182 897 1234 tundatur

89 1268 163 1319 super
176 1254 384 1305 communicatione
397 1255 561 1319 beatitudinis,
580 1269 631 1320 quae
642 1254 745 1308 consistit
760 1253 784 1306 iu
799 1256 844 1307 lleo
858 1268 897 1306 es·
946 1270 949 1273 ’

90 1326 229 1388 sentiatde,
242 1326 303 1375 sicut
311 1326 335 1375 iu
346 1327 419 1391 primo
431 1328 555 1393 principio,
569 1328 637 1393 ique
650 1327 767 1382 clericatur
778 1326 803 1376 in
817 1340 897 1381 omues

89 1398 133 1465 qui
146 1402 201 1448 sunl
214 1398 364 1449 beatitudinis
374 1412 478 1463 capuces.
487 1402 516 1449 Et
528 1400 580 1450 ideo
591 1398 747 1466 principaliter
760 1402 784 1451 el
796 1399 895 1458 maximi

88 1472 152 1523 oens
166 1476 239 1520 estur
252 1470 361 1521 charitate
372 1470 512 1534 diligendum
524 1472 573 1537 ipse
584 1472 645 1521 enim
659 1470 760 1535 diligitur
773 1471 832 1527 sicul
842 1472 896 1522 bea-

88 1540 199 1594 titudiuis
210 1554 292 1599 causa,
301 1541 419 1607 proximus
426 1547 503 1594 nutem
515 1543 574 1593 sicut
583 1542 746 1595 beatitudiuem
754 1542 782 1591 ab
789 1556 818 1593 eo
827 1543 895 1595 simul

89 1616 214 1667 nobiscum
228 1614 376 1679 participans.

124 1686 158 1737 nl
172 1686 271 1751 primum
283 1699 337 1750 ergo
349 1685 554 1749 dicendum,qodd
563 1682 683 1749 dupliciter
691 1686 726 1733 est
734 1682 818 1747 aliquid
827 1697 896 1736 causa

89 1757 233 1819 dilectionis.
247 1758 298 1809 Uno
314 1758 394 1821 modo,
411 1758 471 1807 sicut
483 1756 507 1808 id
525 1758 585 1821 quod
599 1758 635 1807 est
653 1756 710 1805 ratio
723 1754 852 1819 diligendi3
871 1760 896 1808 et

88 1836 137 1885 hcc
152 1832 220 1883 modo
236 1830 320 1881 honum
336 1834 371 1881 est
386 1842 452 1879 causa
466 1828 589 1892 diligendi,
604 1827 658 1893 quia
667 1828 846 1893 unumquodque
860 1828 894 1879 di-

88 1906 172 1971 ligitur
184 1904 208 1953 iu
223 1905 332 1967 quantum
343 1903 412 1952 habet
424 1901 535 1954 cntionem
553 1900 614 1952 loni.
628 1900 678 1951 Alio
691 1901 771 1965 modo,
790 1900 843 1964 quia
860 1905 896 1951 ost

87 1976 130 2029 via
146 1976 251 2041 quadam
270 1976 298 2025 ad
317 1972 478 2039 acquirendum
491 1972 636 2023 dilectionem
646 1990 653 2037 ;
665 1976 688 2023 et
700 1974 744 2023 hoc
757 1972 824 2023 modo
837 1972 895 2026 visio

90 2054 130 2103 est
147 2046 370 2109 causamentum,
385 2058 432 2097 nou
445 2045 536 2111 quidem
551 2044 583 2094 ita
597 2044 657 2111 qudd
671 2057 699 2095 ea
713 2044 802 2095 ratione
812 2044 843 2095 sil
853 2044 897 2096 ali-

89 2122 148 2187 quid
161 2120 284 2185 diligibile‚
300 2119 353 2182 quia
367 2116 519 2179 estsimilis,
534 2115 574 2166 scd
592 2116 646 2180 quia
660 2129 702 2180 per
714 2116 825 2167 visionem
845 2130 897 2181 pec·

91 2194 198 2247 ducimur
212 2193 239 2242 ad
251 2190 403 2243 dilectionem.
415 2190 465 2241 Non
478 2201 533 2251 ergo
544 2192 634 2252 oportet
649 2187 710 2253 quid
722 2188 776 2239 illud
786 2189 845 2252 quod
862 2192 897 2240 est

90 2266 167 2333 magis
185 2264 292 2324 visibile,
313 2264 344 2315 sil
356 2262 426 2325 magis
444 2259 567 2323 diligibile,
583 2262 622 2311 sed
636 2260 697 2324 quod
713 2260 775 2324 prius
792 2264 897 2312 occurrat

90 2339 161 2389 uobis
175 2337 204 2389 ad
223 2335 372 2398 diligendum.
388 2334 416 2383 ill
430 2335 472 2385 troc
490 2333 558 2383 modo
579 2335 750 2399 argumentatur
765 2332 894 2397 Apostolus.

91 2410 215 2463 Proximus
232 2407 293 2475 enim
304 2407 357 2471 quia
374 2409 409 2457 cet
421 2406 488 2457 nobis
501 2405 573 2470 magis
589 2403 698 2467 visibilis,
712 2402 786 2469 primo
800 2404 897 2455 occurrit

92 2483 161 2533 nobis
175 2481 313 2544 diligendus.
330 2481 364 2529 En
375 2480 410 2529 his
426 2478 486 2529 eninr
499 2489 550 2541 quo
565 2476 741 2539 novilunium,
755 2476 820 2526 discit
833 2477 895 2529 iuco-

92 2554 158 2618 guita
172 2566 260 2612 encore,
276 2556 301 2602 ut
316 2550 436 2615 Gregorius
448 2549 502 2601 dicit
519 2550 544 2599 in
563 2549 660 2613 quadam
674 2547 776 2598 homilia.
795 2547 858 2599 llude
874 2546 896 2597 ui

93 2624 175 2691 nique
191 2624 319 2687 monimum
338 2636 383 2673 uon
402 2621 488 2689 diligit,
508 2621 573 2683 argui
590 2623 667 2685 potest
685 2619 747 2687 quod
765 2632 809 2672 nec
823 2620 895 2673 Deum

94 2692 183 2761 diligit3
195 2710 241 2747 nou
254 2699 346 2762 proptor
363 2694 481 2759 mequod
496 2692 614 2757 proximus
625 2692 657 2743 sit
672 2692 747 2755 magis
762 2691 894 2754 diligibilis,

95 2770 135 2821 sed
150 2768 202 2833 quia
217 2769 281 2832 prius
291 2768 417 2832 diligendus
428 2768 538 2829 occurrit3
548 2767 612 2817 Deus
624 2768 700 2815 eutem
711 2767 747 2815 est
759 2763 832 2827 magis
845 2761 897 2813 oili,

5 2900 8 2905 .
96 2840 276 2907 uibiticpmpter
286 2840 396 2905 mojorem
406 2838 540 2893 multatum.

129 2913 163 2971 dcl
173 2913 299 2975 emendum
311 2912 440 2978 mondum,
452 2909 733 2979 oeconomumque
744 2907 854 2963 inicum
865 2906 896 2960 ad
