1992 3317
123 180 163 243 tt,
241 188 328 242 ¹neutram
344 190 475 243 sedunum,
489 192 583 239 ouum.
600 191 654 244 clx,
671 189 798 233 tnr.t't11.

124 265 216 319 anriins
230 268 332 335 omnium
350 269 528 334 munusculum,
551 274 575 321 et
591 282 630 323 ore
648 270 750 322 omnium
767 269 931 323 anathemati-

125 340 220 393 zandum
239 352 289 392 esec
303 353 349 390 non
360 340 471 393 uuum.»

157 412 315 471 (Conmusuo.
327 412 438 463 -llomo
451 412 475 463 iu
486 418 548 465 statu
558 414 695 466 innocentie
705 414 772 479 (quia
782 414 833 478 ejus
843 418 933 466 natura

123 481 223 546 perlecti
237 496 292 533 sana
305 484 377 547 erat),
388 497 439 533 uum
457 486 506 535 solu
519 485 605 537 anxilio
615 486 728 549 generali,
743 486 819 537 omnia
832 490 856 535 et
874 487 931 537 sin-

124 554 176 616 gnta
196 558 290 618 peccata
311 559 358 605 tam
377 555 475 606 venialia
497 558 565 620 quim
586 558 690 608 mortalia
709 558 784 609 uitare
798 557 883 623 potuit.
900 560 936 609 ln

123 628 185 677 statu
205 629 279 677 autem
301 629 385 678 nature
399 630 524 690 corruptis,
537 629 639 679 modetia
651 632 675 679 et
688 629 777 693 singola
790 633 814 679 ct
833 629 913 680 omnia
920 669 932 695 ,

123 698 222 749 venialia
240 703 314 749 auteur
329 698 432 762 singula,
452 700 492 751 sed
506 713 553 751 nou
568 700 646 750 omnia
658 700 731 751 vitam
746 704 833 765 potest,
855 700 876 750 si
892 708 935 752 est

124 772 204 821 natura
221 770 371 835 pergratiam
388 770 488 821 infusam
502 776 619 835 reparata3
634 772 691 822 aliis
702 772 764 823 enim
775 784 805 822 ne
822 773 934 825 mortalia

124 842 216 903 quidem
232 843 307 892 omnia
319 842 462 905 (praesertim
480 847 581 907 tempore
594 844 675 907 longo)
690 844 762 894 vitare
775 843 876 909 potest.)

155 913 289 976 Respondeo
299 912 434 976 dicendum,
447 911 508 978 quid
525 912 552 964 de
563 913 655 963 homine
665 912 784 977 dupliciter
797 912 858 975 loqui
869 927 931 976 pos-

123 995 202 1034 sumus
219 1000 225 1033 :
244 997 290 1033 uno
309 984 376 1033 modo
399 982 525 1034 secundnm
547 987 632 1034 statum
651 987 735 1033 nature
751 984 861 1045 integram
880 985 931 1035 alio

22 1082 33 1105 a
124 1056 190 1106 modo
209 1054 331 1109 secundum
350 1058 432 1105 statum
453 1059 539 1105 nature
555 1060 675 1119 corrupta.
695 1054 825 1105 Secundim
841 1058 932 1108 statum

123 1125 216 1191 quidem
233 1132 317 1178 naturae
334 1127 445 1189 integre,
465 1126 533 1176 etiam
551 1126 601 1176 sine
621 1126 692 1189 gratia
712 1125 820 1175 habituali
837 1129 932 1189 poterat

124 1198 192 1247 lnomo
203 1210 250 1249 non
260 1210 354 1262 peceare
370 1210 412 1247 uec
425 1197 550 1247 mortaliter
564 1210 607 1247 neo
616 1197 750 1260 venialiter,
763 1196 816 1260 quia
830 1208 931 1258 peecare

124 1268 182 1319 nihil
195 1270 254 1319 aliud
273 1274 309 1320 est
321 1270 389 1333 quim
402 1269 509 1319 recedere
526 1270 553 1319 ab
567 1282 595 1320 eo
611 1271 671 1333 qnod
689 1272 725 1320 est
743 1267 868 1319 secuudum
884 1282 931 1320 na-

124 1346 197 1391 turam
207 1381 214 1404 ,
225 1341 285 1405 qnod
295 1342 448 1391 vitarehomo
458 1342 548 1404 poterat
556 1341 580 1389 in
590 1345 652 1391 statu
663 1346 749 1391 nature
757 1340 867 1405 integrae3
879 1354 931 1393 non

124 1419 200 1465 tamen
214 1416 258 1466 lnoc
275 1418 365 1478 poterat
379 1414 427 1465 siue
438 1414 522 1465 auxilio
535 1415 577 1465 liei
591 1415 684 1465 inbono
697 1414 869 1477 conservantis,
880 1430 930 1479 quo

124 1484 240 1537 subtracto
261 1485 331 1536 etiam
350 1485 400 1549 ipsa
420 1489 502 1537 natura
521 1486 546 1536 in
564 1486 661 1537 nihilum
678 1486 799 1537 decideret.
814 1488 840 1536 ln
863 1490 931 1537 statu

124 1562 200 1608 aulem
209 1561 295 1607 natura
309 1560 419 1621 eonuptae
428 1594 435 1619 ,
443 1559 532 1623 indiget
544 1560 614 1609 homo
623 1559 694 1621 gratia
707 1557 817 1607 habituali
829 1564 929 1610 sanante

123 1632 240 1690 naturam,
251 1630 278 1679 ad
286 1630 329 1679 lroc
339 1628 400 1693 quod
412 1630 505 1681 omnino
515 1631 627 1695 lpecoato
638 1630 764 1693 abetimat3
774 1642 824 1693 quae
833 1629 930 1692 quidem

124 1700 214 1751 sanatio
229 1701 302 1765 primo
319 1702 344 1750 lit
356 1700 381 1751 iu
398 1704 508 1765 prasenti
525 1702 573 1752 aila
588 1701 712 1752 moundim
726 1707 841 1764 mentem,
854 1715 929 1768 appe-

124 1771 168 1821 titu
187 1772 273 1822 carnali
291 1773 391 1825 nondum
407 1774 500 1825 omniuo
518 1777 630 1837 reparato.
652 1774 716 1823 Unde
734 1773 873 1837 Apostolus,
889 1777 928 1825 od

124 1845 205 1903 lium,
220 1844 273 1907 Vll,
290 1844 315 1895 in
334 1859 432 1909 persona
447 1845 548 1896 hominis
567 1844 678 1909 reparati,
697 1844 767 1894 dicit:
784 1846 854 1908 «Ego
873 1845 927 1910 ipse

123 1920 200 1966 mente
216 1916 289 1967 servio
306 1916 351 1981 legi
369 1916 425 1979 liei,
440 1928 508 1967 earne
528 1920 605 1967 autem
624 1915 670 1979 logi
690 1915 785 1980 pecmti.
796 1934 816 1973 ,u
830 1918 859 1966 ln
878 1932 927 1981 quo

124 1986 214 2050 cuidem
229 1990 288 2038 statu
304 1992 378 2053 potest
394 1991 462 2039 homo
472 1988 587 2038 abstinere
601 1988 629 2037 ab
638 1988 701 2039 omni
716 1992 809 2051 peccato
822 1990 925 2054 mortali,

123 2060 183 2121 quod
197 2058 223 2109 in
236 2060 322 2112 ratione
335 2060 369 2125 (l)
385 2059 503 2121 consistit,
518 2063 545 2109 ut
558 2059 625 2123 suprl
640 2060 742 2110 habitum
756 2063 791 2109 est
805 2061 859 2123 (qu.
879 2064 926 2127 ut,

123 2133 167 2179 art.
184 2131 228 2195 ll3
243 2145 288 2183 non
310 2134 386 2183 autem
403 2132 478 2193 potest
496 2130 695 2181 lromoabstinere
709 2131 737 2180 ab
752 2131 815 2181 omni
830 2139 927 2195 peccato

122 2200 207 2251 veniali
216 2240 222 2265 ,
232 2206 324 2267 propter
332 2200 497 2265 corruptionem
508 2200 621 2252 interioris
629 2201 744 2265 appetitis
751 2202 905 2254 sensualitatis
917 2221 923 2254 ι

124 2273 190 2336 cujus
208 2278 283 2325 motus
301 2274 402 2337 singulos
418 2273 510 2337 quidem
528 2275 586 2325 ratio
603 2275 725 2338 reprimere
745 2276 835 2338 potest,
854 2279 927 2327 etex

123 2345 167 2395 hoc
179 2347 264 2398 habent
276 2345 387 2397 rationem
400 2346 489 2409 peceati
502 2350 526 2396 et
540 2346 676 2409 uoluntarii,
687 2360 733 2397 non
744 2350 819 2397 autem
833 2360 925 2415 omncs3

123 2420 176 2483 quia
196 2421 250 2472 dum
269 2420 308 2469 uni
331 2418 435 2469 resistere
457 2419 551 2484 nititur,
571 2420 673 2471 fortassis
691 2419 751 2470 alius
771 2419 881 2483 insurgit,
903 2428 929 2472 et

123 2491 201 2556 etiam,
212 2490 265 2555 quia
273 2489 331 2540 ratio
342 2502 389 2541 non
399 2502 489 2555 semper
497 2496 574 2556 potest
586 2504 637 2542 esse
648 2490 743 2555 peruigil
754 2492 783 2541 ad
791 2493 926 2556 hujusmodi

157 2597 188 2661 (1)
204 2602 255 2645 Non
270 2605 382 2657 quatenus
396 2602 454 2647 ratio
468 2608 557 2659 partem
571 2601 735 2647 intellectivam
751 2607 777 2646 ut
790 2602 924 2649 distinctam

124 2661 137 2707 d
152 2663 270 2708 voluntate
283 2662 409 2723 significat,
425 2664 465 2710 sed
475 2665 606 2710 universam
620 2664 761 2720 superiorem
775 2664 857 2710 animur
868 2676 925 2721 par·

123 2730 182 2781 tem,
199 2724 223 2769 in
245 2717 414 2781 qua'volnntas
429 2727 479 2784 ipsa
501 2728 639 2773 continetur.
662 2727 826 2772 denominatur
844 2733 923 2773 antem

121 2787 187 2831 ratio
201 2788 263 2833 uelut
276 2789 304 2833 ab
319 2801 346 2835 eo
359 2789 421 2847 quod
434 2790 571 2847 principium
582 2789 644 2834 illius
655 2795 691 2835 est
707 2808 713 2835 ι
726 2788 787 2835 nude
799 2796 921 2846 peceatum

123 2848 250 2962 consistere}
262 2852 286 2899 in
298 2852 387 2903 ratione
402 2852 497 2914 perinde
510 2857 546 2901 eat
557 2862 585 2901 ee
594 2852 646 2900 solu
659 2852 778 2902 uoluntate
790 2851 919 2904 deliereta

121 2916 259 2973 perpetret.
347 2966 351 2971 ,
