1992 3317
317 234 350 268 ne
365 230 511 269 uaracrmus
528 228 630 269 ornare.
847 226 876 272 85

76 320 159 357 cunum
174 308 302 359 sanationis
320 322 374 371 quae
388 308 414 356 tit
427 306 441 356 a
454 309 534 357 natura
547 308 584 357 vel
599 310 654 358 arte.
669 309 698 359 Et
714 310 829 375 'quantum
849 314 876 362 ad

75 379 124 440 troc,
132 378 265 441 justificatio
275 379 343 443 impii
355 378 492 442 quandoque
504 382 540 428 est
551 379 696 444 miraculosa,
707 384 730 431 et
740 384 876 446 quaudoque

74 464 124 500 arou.
137 452 178 500 Est
193 452 257 501 euim
273 451 319 500 iste
338 449 468 500 communis
486 454 510 499 et
524 453 642 500 consuetus
663 465 742 502 cursus
762 454 874 517 justifica·

74 521 150 582 tionis,
165 527 191 572 nt
208 525 257 573 Iteo
278 526 388 572 merente
404 520 501 571 interius
515 523 628 585 animam,
645 524 713 574 home
728 530 874 576 convertatur

74 595 99 642 ad
107 595 189 655 Dema,
199 595 273 659 primo
282 594 379 657 quidem
387 593 537 643 conversione
544 592 686 657 imperfecta,
696 599 719 645 et
730 598 873 658 postmodum

21 692 27 705 ·
73 667 96 713 ad
110 666 234 728 perfectam
248 666 371 727 deveniat,
384 665 439 729 quia
454 682 468 712 u
486 665 582 715 claritas
598 666 701 716 inchoata
720 672 818 718 ureretur
833 682 874 718 au·

72 737 130 801 geri,
139 742 241 787 utaucta
251 742 368 790 mereatur
378 736 490 801 pertici»
503 736 560 786 sicut
571 738 712 799 Augustinus
723 737 786 789 dicit.
800 742 874 798 Quan-

72 809 139 872 doque
156 822 212 859 rere
229 812 277 857 tam
293 809 445 857 vehementer
463 810 525 857 Dens
544 808 641 857 animam
656 812 746 869 areret,
760 810 874 859 utstatim

70 883 189 941 quamdam
200 880 368 944 perfectionem
383 879 477 939 insanae
489 884 629 943 assequatur,
645 880 703 930 sicut
719 880 762 929 fuit
780 881 803 930 iu
818 895 874 931 rou-

73 952 173 1003 rersione
183 952 256 1012 Pauli,
268 950 375 1001 adhibita
384 952 456 999 etiam
464 951 562 1001 euterius
571 950 704 1003 miraculosa
714 952 872 1013 prostratione.

72 1023 98 1069 Et
109 1022 160 1073 ideo
170 1022 293 1073 conversio
307 1021 373 1072 Pauli
391 1025 497 1085 tauquam
511 1022 646 1071 miraculosa
660 1021 684 1070 in
699 1022 799 1072 Ecclesia
812 1038 875 1073 com-

70 1096 205 1145 memoratur
224 1092 358 1143 celebriter.

97 1166 129 1214 nd
140 1165 241 1228 primum
252 1176 308 1225 erge
322 1163 458 1225 dicendum,
467 1164 527 1226 quod
535 1163 640 1227 quaerlam
652 1164 785 1214 miraculosa
794 1178 872 1229 opera,

68 1237 107 1286 atsi
126 1237 175 1287 sint
190 1237 281 1286 minora
297 1247 365 1297 quam
385 1234 520 1298 justificatio
532 1234 598 1297 impii
620 1237 729 1297 quantum
746 1236 772 1285 ad
792 1236 874 1287 bonum

68 1309 126 1369 quod
142 1310 178 1368 fat,
193 1312 250 1357 sunt
265 1311 344 1356 tamen
354 1308 438 1369 preter
453 1308 587 1357 consuetum
600 1305 702 1357 ordinem
715 1306 794 1355 talium
805 1308 874 1357 elfec-

71 1383 129 1429 tuum
147 1384 194 1428 :et
203 1378 258 1428 irlee
271 1377 325 1440 plus
336 1378 421 1427 nabent
431 1376 460 1425 de
469 1376 555 1426 ratione
570 1376 683 1426 miraculi.

96 1450 275 1501 desecandum
290 1448 425 1510 dicendum,
440 1448 500 1510 qnod
517 1461 562 1498 non
577 1448 764 1511 quandocumque
784 1462 818 1499 res
834 1464 873 1499 ua-

71 1523 145 1573 trralis
157 1527 267 1573 mouetur
280 1522 360 1569 contra
377 1532 443 1567 suam
460 1518 644 1581 inclinationem,
657 1522 692 1569 est
705 1534 761 1583 opus
777 1520 873 1571 miraeu-

68 1594 137 1643 lusum
156 1591 284 1658 (alioquin
295 1589 455 1639 miraculosum
473 1592 533 1639 esset
546 1590 606 1653 quod
620 1603 679 1653 aqna
698 1591 824 1654 calefieret,
838 1591 874 1641 rel

66 1666 126 1725 «pund
145 1664 207 1728 lapis
222 1675 315 1712 sursum
334 1660 514 1724 projiceretur),
530 1662 567 1709 sed
582 1660 673 1723 quando
691 1662 734 1711 troc
755 1662 779 1709 tit
793 1664 874 1723 prater

65 1736 166 1786 ordinem
179 1732 280 1798 proprie
300 1745 376 1782 rause
395 1744 446 1794 quae
466 1735 517 1780 nata
531 1735 567 1780 est
585 1731 659 1780 facere
678 1731 729 1780 troc.
747 1732 873 1782 iustificare

65 1812 140 1856 autem
159 1806 259 1869 impium
281 1804 345 1852 nulla
362 1802 409 1852 alia
423 1813 490 1851 causa
510 1804 586 1865 potest
604 1801 648 1850 uisi
662 1803 725 1851 Deus
734 1838 743 1865 ,
759 1801 817 1853 sicut
831 1817 874 1854 nec

66 1892 144 1941 aquam
158 1877 289 1928 calefacere
307 1874 352 1924 nisi
366 1872 436 1937 ignis.
453 1874 482 1922 Et
498 1873 548 1923 ideo
559 1872 693 1937 justificatio
711 1873 775 1937 impii
792 1872 871 1938 aneo,

66 1953 172 2011 quantum
188 1949 217 1997 ad
230 1949 286 2009 troc,
298 1959 345 1995 uon
360 1947 396 1995 est
411 1943 552 1994 miraculosa.

97 2021 128 2069 td
145 2018 239 2069 tertium
253 2016 390 2077 dicendum,
406 2014 467 2076 quod
483 2014 616 2077 sapientiam
633 2016 656 2064 et
673 2014 790 2065 scientiam
805 2016 872 2067 trouro

68 2095 131 2140 natas
142 2094 178 2141 est
192 2089 314 2153 acquirere
328 2088 342 2136 a
355 2088 403 2136 lieo
416 2098 458 2149 per
466 2085 582 2149 proprium
592 2081 709 2149 ingenium
718 2090 741 2135 et
752 2086 851 2137 stadium
865 2104 870 2137 :

68 2167 89 2210 ct
99 2163 148 2213 idea
162 2163 255 2227 quando
268 2145 433 2223 preterlrunc
447 2158 539 2209 modum
558 2158 626 2207 hermo
639 2158 730 2221 sapiens
743 2158 780 2210 rel
796 2159 871 2209 scieris

67 2234 168 2296 efficitur,
184 2237 220 2284 est
232 2231 406 2281 miraculosum.
422 2229 465 2279 Sed
486 2228 580 2291 gratiam
596 2228 758 2293 jrrstitlcuutem
770 2242 816 2281 uon
838 2235 872 2281 cst

69 2306 130 2355 tamn
146 2309 214 2355 uatus
234 2304 354 2367 acquirere
368 2314 412 2365 per
430 2314 493 2350 suam
511 2300 679 2367 operationem,
694 2302 733 2353 scd
751 2302 798 2353 fleo
813 2314 870 2366 ope-

70 2381 135 2426 rante.
151 2377 217 2429 [tude
233 2389 283 2427 nen
297 2377 333 2425 est
346 2372 433 2423 simile.
