1992 3317
136 184 184 240 502
245 184 357 233 sucum
372 184 501 242 stetim,
516 184 610 235 ΜΠ.
627 185 692 242 ml,
709 186 766 231 m.
782 178 823 230 ΙΙΙζ

429 350 590 402 audiamus
602 350 640 402 tlt.
731 363 752 393 f

146 472 231 519 Uirium
241 470 330 529 aliquia
336 468 413 527 possit
426 480 523 525 operare
532 468 606 513 alteri
615 466 787 513 beatitudiuem
796 471 922 515 ematosa.

163 589 197 641 Ad
209 587 308 653 primum
321 587 355 637 sio
374 586 506 651 proceditur
516 585 560 652 (1).
578 584 674 635 Videtur
687 583 748 648 qudd
763 584 847 649 aliquis
859 587 939 649 possit

133 673 222 727 sperare
246 658 311 709 alteri
328 657 491 709 beatitudinem
510 662 626 708 sumam.
649 655 708 706 Dicit
730 657 793 707 euim
811 658 941 719 Apostolus

133 731 208 789 Pba't„
219 731 229 781 Ι
242 746 247 781 :
261 746 274 778 a
284 730 407 780 confidens
416 731 462 779 boo
473 729 559 793 ipsum,
570 727 624 791 quia
638 727 679 792 qui
688 726 757 791 ooepit
765 726 865 777 invehis
878 742 941 793 opus

18 838 29 857 .
133 802 345 867 bonum‚periioiet
355 800 533 864 usqueiudiem
543 798 627 850 Christi
637 800 702 849 iesu.
712 814 728 845 a
736 797 942 850 Perieotioautem

133 872 194 923 itlius
212 872 258 922 diei
278 870 321 923 erit
335 870 452 924 beatitudo
474 872 566 921 aeterru.
586 870 646 935 Ergo
665 868 747 932 aliquis
769 870 847 932 potest
872 870 943 921 alteri

136 958 224 1009 sperare
236 943 399 995 beatitudinem
413 946 532 995 eternam.

167 1021 191 1067 2.
210 1016 332 1079 erotema,
343 1028 370 1065 ea
386 1028 436 1077 quae
449 1014 519 1065 dibeo
532 1014 645 1079 petimus,
655 1025 773 1077 speramus
787 1012 899 1065 obtinere
914 1014 942 1065 ab

136 1101 173 1139 eo.
191 1088 237 1139 Sed
250 1088 321 1137 tlteo
338 1086 438 1151 petimus
452 1084 513 1151 qubd
531 1086 587 1135 aiios
600 1085 629 1134 ad
644 1083 809 1134 beatitudiuem
827 1088 943 1136 aternam

135 1160 255 1223 perducat,
268 1156 392 1207 secuudum
407 1156 462 1207 iilud
478 1157 553 1207 Jacob
565 1155 670 1205 ultimum
687 1170 693 1204 a
710 1154 805 1205 «Orate
817 1169 861 1220 pro
878 1156 946 1207 inui-

136 1244 198 1293 cem,
213 1234 238 1279 ut
249 1226 367 1277 salvemini
380 1228 420 1292 (1).
435 1246 448 1275 a
461 1228 522 1293 Ergo
537 1240 659 1294 possumus
669 1225 721 1279 aliis
732 1237 826 1291 sperare
838 1228 946 1280 beatitu-

135 1302 214 1351 diuem
228 1302 346 1351 awanam.

168 1376 190 1420 3.
202 1372 329 1432 Praeterea,
341 1382 393 1435 spes
406 1373 430 1421 at
441 1370 570 1431 desperatio
582 1375 637 1421 suat
649 1372 678 1423 do
690 1370 780 1421 eodem.
794 1370 843 1421 sed
856 1370 948 1437 aliquis

102 1442 104 1447 ’
134 1445 210 1507 potest
229 1442 349 1507 desperare
374 1443 402 1492 de
422 1442 561 1493 beatitudine
581 1445 672 1493 aterum
699 1440 812 1506 alieuius3
835 1441 947 1507 alioquim

134 1514 218 1565 frustra
231 1514 315 1565 diceret
328 1514 468 1577 augustiuus
480 1514 505 1563 iu
516 1513 558 1563 lib.
573 1514 612 1563 De
630 1513 712 1563 verbm
726 1514 831 1562 nomm
842 1513 947 1577 (Serum.

134 1586 186 1651 11),
199 1587 228 1637 de
243 1586 333 1637 nemine
346 1598 397 1637 esse
415 1586 581 1651 desperandum
591 1586 646 1635 dum
656 1584 725 1635 uiuit.
734 1584 793 1647 Ergo
810 1582 885 1635 etiam
899 1599 948 1651 po

135 1660 182 1707 test
199 1670 289 1723 sperare
307 1656 388 1721 aliquis
401 1656 466 1707 alteri
480 1656 552 1706 uitam
567 1659 685 1707 ammam.

168 1728 212 1780 Sed
225 1731 302 1779 oouba
312 1731 357 1790 est,
372 1726 435 1793 qubd
448 1727 589 1792 Augustinus
602 1726 659 1778 dioit
673 1728 700 1776 in
712 1726 851 1777 Enatirid.
871 1728 948 1795 (rap.

137 1798 186 1863 8),
203 1800 263 1863 quod
279 1812 360 1863 ospes
378 1800 474 1849 nonest
488 1798 537 1848 uisi
549 1810 627 1849 rerum
645 1798 743 1849 adeum
754 1796 950 1866 pertinentium,

137 1870 176 1935 qui
194 1884 271 1921 earum
284 1882 348 1934 spem
362 1882 440 1935 gerere
450 1870 594 1935 perhibetur.
610 1886 624 1918 a

170 1942 330 2001 (Couuuusro.
339 1966 370 1979 -
381 1942 522 2004 Quamquam
529 1954 578 1992 uou
595 1941 709 2004 absolute,
719 1944 953 2007 praeauppositaata-

138 2025 190 2062 meu
201 2010 323 2073 charitate,
332 2014 408 2075 potest
414 2010 511 2077 quilibet
521 2025 567 2064 uon
577 2014 667 2063 tautum
674 2012 732 2077 sibi,
743 2012 869 2066 sedetiam
880 2018 954 2071 alteri

137 2085 245 2137 eternam
258 2092 349 2145 sperare
363 2082 461 2149 uitam.)

167 2154 301 2217 despondeo
314 2154 448 2221 dicendum,
460 2155 521 2220 qudd
534 2168 588 2221 spes
601 2157 741 2221 potestesse
754 2155 857 2222 atimjus
870 2160 952 2226 dupii-

170 2268 205 2332 (1)
218 2273 251 2317 De
262 2269 298 2319 bia
313 2273 384 2319 otiam
395 2276 438 2321 111.
452 2280 525 2333 part,
539 2288 579 2332 qu.
590 2274 620 2336 7,
634 2278 679 2321 art.
690 2273 722 2336 t,
733 2273 802 2329 ad33
817 2281 846 2323 ut
859 2283 887 2324 et
900 2283 950 2340 ΙΙΙ,

135 2332 214 2385 stat,
226 2334 282 2443 111Ιί
297 2333 340 2397 26,
355 2336 379 2383 in
390 2338 489 2395 exposit.
500 2338 536 2392 iit.
554 2339 603 2385 uiue
616 2335 709 2393 textura
725 2342 749 2383 et
762 2348 803 2397 qu.
814 2336 847 2399 1,
860 2341 956 2389 devir-

137 2401 194 2456 tut,
209 2402 253 2443 art.
285 2430 292 2443 .

170 2466 202 2533 (Ι)
221 2470 272 2517 Siue
286 2474 314 2515 ot
329 2472 467 2523 aouema'aaa',
481 2486 509 2519 ex
528 2483 603 2531 groeoo
619 2469 705 2525 ἰαθῆτε.
724 2470 770 2517 Sed
791 2472 956 2525 referendum

136 2550 189 2585 esso
200 2540 229 2585 ad
237 2541 360 2587 sanitatem
373 2543 516 2599 spiritualem
527 2555 556 2589 ex
567 2542 655 2588 ibidem
664 2541 778 2601 adjunctis
787 2549 876 2608 patet,
892 2550 957 2599 obm

135 2603 297 2659 praemittitur:
316 2602 472 2663 Goopttamtm'
484 2606 634 2653 ulterutram
642 2609 741 2663 peceato
755 2608 851 2661 usuro:
864 2617 897 2656 ut
916 2617 955 2660 sic

136 2666 214 2711 samari
227 2666 241 2711 d
254 2667 357 2722 pateatis
369 2668 616 2729 intelligantur,juxta
626 2668 685 2716 iliud
695 2669 770 2717 simile
780 2669 880 2718 Paetus.
900 2677 954 2738 XL,

136 2739 196 2773 vers.
212 2726 245 2775 ta
259 2726 327 2775 Sueto
343 2732 453 2777 orimum
465 2744 558 2783 maana,
569 2733 630 2791 poio
642 2732 743 2793 patrous·
758 2730 819 2787 tibt-
834 2734 906 2783 sieut
924 2748 954 2787 et

136 2788 287 2849 Augumtinus,
302 2790 345 2837 lib.
358 2795 383 2839 L.
401 2794 505 2847 aomo„
517 2797 587 2842 Hom.
605 2794 650 2858 12,
663 2808 692 2841 ex
701 2794 807 2854 proterea
816 2798 954 2863 explieat,

135 2851 215 2967 {aforis
228 2855 260 2966 {estt
268 2852 412 2965 aftooomtm
426 2860 450 2907 et
463 2856 599 2920 tremum,
609 2857 653 2907 lib.
669 2860 702 2907 V.
715 2856 834 2919 aptast.
854 2859 954 2915 iudica.

141 2978 151 2983 ,
173 2947 181 2979 r
213 2926 228 2979 i
261 2946 268 2967 ·
313 2948 318 2966 ·
