1992 3317
156 162 190 206 mi
200 156 342 207 immid
353 157 436 217 bilbili,
449 157 567 206 imm
578 161 609 205 li!
620 157 790 217 multius.
822 158 876 224 ’ΆΜ

77 242 160 297 mbbus
172 242 263 295 subditi
278 241 370 307 possint
383 234 518 307 quandoque
539 241 651 297 subtiliter
666 244 779 311 ερεεειειί
803 245 878 311 aliqua

77 318 130 368 cirea
144 313 313 379 intelligibilia,
328 318 423 379 propter
441 310 567 366 bonitatem
588 315 676 379 ingenii
695 317 821 381 naturalis,
839 320 878 369 uel

75 388 159 439 bebius
174 384 338 451 superadditi,
355 390 434 437 nmen
447 398 541 437 necesse
555 390 629 440 estut
648 389 678 438 ab
696 391 740 439 bae
754 388 878 444 subtilitate

76 458 273 524 contemplationis
287 469 367 509 eorum
384 456 481 508 intentio
491 458 627 522 plerumque
638 460 773 525 retrahatur,
783 465 877 524 propter

77 532 233 583 delectationes
249 530 388 593 corporales.
404 528 474 579 coita
487 528 598 579 immundi
616 534 715 594 possunt
729 530 805 595 eliqua
821 544 877 581 vera

78 602 143 667 ube,
156 602 196 653 sed
210 613 242 651 ex
260 612 304 651 sua
315 599 460 650 immunditia
473 599 533 650 eirca
546 599 591 650 boc
609 599 771 665 impediuntur.

108 674 137 724 ll
148 672 276 725 meandum
286 670 424 735 dicendum,
436 670 496 737 quod
510 684 562 721 caro
576 684 623 720 non
637 672 684 735 agit
696 671 721 723 in
735 675 824 737 partem
839 672 876 723 in-

77 744 206 797 ledectiuam
232 742 351 793 alibrando
371 742 462 806 ipsam,
485 735 526 792 sed
547 741 692 805 impediendo
719 744 875 807 operationem

73 818 139 882 ipsius
154 830 198 881 per
213 815 311 865 modum
324 813 467 879 predictum.

101 889 135 939 ud
148 887 239 938 undum
257 884 391 948 dicendum,
407 883 466 948 qudd
483 885 541 935 uitia
558 885 659 935 earnalia
672 899 717 949 quo
731 887 803 951 magis
822 892 876 939 sunt

13 966 14 1001 ὲ
73 962 158 1010 remota
177 958 191 1009 b
208 963 300 1023 mente,
322 968 350 1008 eo
370 956 442 1020 magis
460 954 512 1020 ejus
530 956 682 1007 intentionem
702 957 730 1007 ad
752 958 875 1010 remotiora

74 1030 204 1081 distrahunt.
219 1030 286 1082 Unde
299 1028 374 1092 magis
386 1026 516 1091 impediunt
526 1027 610 1080 mentis
621 1028 844 1093 contemplationem.

338 1349 508 1421 QUAESTIO
525 1350 605 1419 xvi.

114 1498 148 1544 lle
160 1496 294 1556 precepto
308 1492 384 1552 fidet,
396 1493 505 1539 scientim
522 1496 544 1539 et
556 1492 709 1545 intellectaee,
723 1494 754 1539 ιε
767 1493 828 1540 duce

362 1564 482 1611 ardentm
495 1564 588 1610 diuma.

101 1715 189 1799 bande
208 1712 400 1768 considerandum
420 1715 455 1765 cel
476 1714 505 1765 de
522 1713 643 1777 preceptis
660 1712 826 1777 pertinentibus
846 1714 875 1764 ad

66 1790 203 1912 ρῖῗιὲῗεε
221 1862 267 1911 boc
277 1862 412 1923 quemntm
420 1857 465 1909 duo
476 1874 482 1908 ι
494 1858 562 1909 aelle
576 1857 698 1924 preceptis
710 1858 875 1923 pertinentibus

65 1934 234 2057 iffwffiffib.²⁰
247 1933 279 1983 lle
296 1928 418 1995 praeceptis
430 1930 597 1993 pertinentibus
609 1930 638 1982 ad
658 1930 718 1981 dona
730 1929 831 1983 scientie
851 1934 874 1983 ει

377 2099 540 2151 nucleolos
551 2101 570 2150 l.

101 2222 190 2269 Utrum
200 2220 228 2265 ire
236 2218 314 2264 ueteri
328 2217 380 2273 leue
392 2214 514 2263 debuerint
528 2216 584 2261 dari
596 2221 714 2275 moeeeptu
722 2218 840 2264 medendi.

57 2386 60 2393 ,
94 2341 129 2391 lc
139 2339 243 2405 primum
261 2336 297 2388 sic
312 2333 441 2399 proceditur
454 2334 500 2399 (l).
511 2333 605 2385 Videtur
617 2334 680 2397 quod
696 2336 721 2384 iu
733 2335 806 2385 ueteri
822 2336 873 2400 lege

63 2404 112 2461 dari
130 2408 255 2461 debuerint
267 2408 383 2473 praccepta
402 2405 518 2457 credendi.
532 2405 672 2472 Prueeptum
683 2407 744 2457 enim
757 2409 793 2457 est
804 2408 832 2457 de
845 2419 874 2457 eo

62 2484 125 2545 cuod
137 2488 175 2533 est
185 2480 289 2533 debitum
298 2482 324 2529 ct
332 2477 493 2529 necessarium.
504 2478 551 2529 Sed
563 2477 663 2528 maxime
670 2479 826 2529 necessarium
837 2482 873 2531 est

61 2554 152 2605 bomiri
168 2552 231 2618 qurdd
249 2552 344 2615 credat,
360 2550 482 2603 secundum
495 2550 553 2600 illud
565 2549 652 2613 Heba,
667 2550 716 2600 Xl:
734 2568 749 2598 u
758 2552 814 2601 Sine
827 2550 871 2601 ide

61 2624 208 2689 impossibile
217 2627 254 2675 est
264 2623 356 2688 placere
369 2622 424 2672 beo.
440 2638 454 2671 u
469 2622 530 2685 lingo
539 2620 640 2673 maxime
650 2622 749 2685 oportuit
760 2622 874 2686 precepta

62 2694 116 2746 dari
129 2696 159 2746 de
174 2694 228 2746 tide.
457 2716 459 2720 ·

97 2820 135 2887 (l)
150 2824 183 2871 lte
198 2824 236 2870 bis
249 2823 322 2873 etiam
334 2820 405 2885 iniri,
418 2832 459 2881 qu.
480 2820 526 2880 22,
540 2827 585 2867 art.
598 2818 627 2876 t,
643 2824 668 2867 et
682 2818 774 2867 contro
793 2814 875 2864 Geni„

61 2885 104 2934 lib.
117 2886 172 2947 111,
183 2898 237 2945 cup.
250 2884 307 2933 tle.
