1992 3317
313 114 461 157 uroomcro
477 112 627 157 numurus.
796 155 799 161 .
828 107 873 161 tos

67 202 92 251 in
102 193 263 264 peecatoribus
278 194 404 246 inuenitur.
424 194 470 247 Sed
483 207 547 246 amoc
564 195 600 246 sui
614 197 650 247 est
664 195 803 262 principium
816 210 874 262 pee-

66 270 120 336 eeti3
130 269 189 321 elicit
200 268 262 319 enim
273 267 411 329 Augustinus
419 267 480 319 XIV.
490 269 527 317 De
535 268 613 317 oluit.
624 269 670 317 Dei
676 268 738 332 (cap.
748 267 802 333 ult.)
813 268 874 333 quic

69 361 83 395 o
98 342 153 395 lacit
166 339 283 391 unitatem
295 338 426 404 subponis
444 358 455 384 u
470 339 531 403 liupo
542 339 673 404 peccatores
685 338 784 392 nimime
797 343 875 393 amant

13 442 14 451 κ
67 415 169 480 seipsos.

99 491 124 536 a.
142 486 273 545 preterea,
287 486 406 547 peremtum
417 494 464 535 uon
476 481 536 535 tollit
551 486 664 535 namnam
675 484 719 535 Sel
729 486 774 535 hoc
784 484 874 536 uuicui-

68 572 112 623 que
127 556 237 607 convenit
247 566 276 605 ex
288 568 329 605 sun
340 557 421 608 nutura
431 554 492 617 quil
505 555 585 619 diligat
597 555 698 620 seipsum
710 573 717 605 ε
731 558 795 608 uule
803 557 873 609 etiam

67 633 179 682 creaturas
191 626 336 677 irrationales
356 626 493 677 naturaliter
504 630 615 691 appetunt
632 627 748 691 proprium
767 628 871 691 bouum

67 701 123 767 pute
137 699 335 751 conseruationem
344 700 379 749 sui
393 714 460 759 arse,
475 702 498 749 et
513 697 559 750 aliu
569 698 708 762 hujusmodi.
723 700 783 764 Ergo
794 714 873 766 pecco·

13 786 14 789 ’
68 778 131 825 tores
146 772 245 837 diligunt
259 770 357 835 seipsos.

102 843 392 904 susocionnomine
413 846 450 893 est
467 841 576 905 diligibile
594 842 693 907 bonum
705 846 732 893 ut
748 843 873 909 llioupsius

70 915 129 967 licit
140 914 166 965 in
180 916 225 979 lv,
241 916 345 979 oaplle
360 914 415 965 ctio.
430 916 507 965 Nom.
522 913 568 963 Sel
581 914 647 963 multi
659 916 790 977 peccatores
801 928 873 979 repu-

13 1016 14 1023 κ
70 990 125 1039 tam
137 998 162 1037 se
176 986 254 1038 bonos.
272 988 331 1051 Ergo
344 987 411 1037 multi
426 988 559 1051 peccatores
570 984 659 1049 seipsos
671 984 777 1048 diligunt.

104 1058 149 1109 Sed
163 1062 240 1109 contra
253 1062 301 1118 est,
314 1056 374 1123 quod
385 1058 469 1109 dicitur
477 1056 504 1107 iu
514 1057 609 1108 Psotm.
620 1057 655 1107 x:
668 1072 683 1104 u
692 1055 736 1115 Qui
745 1056 820 1119 diligit
828 1056 873 1108 im-

13 1194 14 1203 }
69 1130 255 1196 quitatem,odit
266 1130 367 1181 animam
379 1142 477 1181 mam.»

13 2560 17 2845 l

13 3010 20 3259 l

101 1203 266 1268 (Concuusro.
276 1202 420 1267 -ltiligunt
438 1202 493 1253 mali
511 1202 601 1267 seipsos
617 1201 743 1270 mumolum
755 1201 875 1253 exterioris

69 1276 170 1328 hominis
183 1274 360 1341 eemuptionem,
372 1275 430 1325 sicut
440 1275 494 1327 boui
502 1279 586 1326 -omaut
598 1275 687 1339 seipsos
699 1274 827 1325 monadum
837 1275 874 1325 iu-

70 1348 161 1401 terioris
174 1348 277 1399 nomims
285 1346 441 1412 integritatem
454 1350 478 1399 et
490 1348 684 1413 perfectionem.)

100 1421 239 1486 Respoudeo
252 1420 373 1471 dicendum
379 1456 388 1484 ,
399 1420 460 1485 quod
471 1432 549 1470 amare
558 1419 659 1485 seipsum
673 1430 719 1469 uno
730 1420 798 1470 molo
811 1432 874 1471 com·

70 1506 140 1543 mune
156 1500 191 1544 est
204 1492 326 1552 omnibus,
341 1492 386 1543 elio
403 1492 471 1543 modo
483 1491 599 1556 proprium
612 1494 647 1541 est
665 1491 789 1552 bonorum,
804 1490 874 1542 tertio

70 1566 138 1617 modo
149 1564 270 1629 proprium
287 1567 321 1615 est
331 1563 450 1615 malorum.
462 1563 527 1624 Quod
537 1563 599 1613 enim
610 1562 691 1627 anquis
704 1566 765 1613 amet
775 1562 799 1612 id
812 1562 875 1626 quod

70 1637 231 1701 seipsumesse
240 1636 351 1699 estimat,
361 1638 406 1687 hoc
415 1648 536 1687 commune
544 1638 580 1687 est
594 1636 708 1687 omuibus.
716 1635 789 1685 nono
797 1637 873 1685 autem

71 1706 154 1758 dicitur
166 1720 217 1759 esse
230 1707 317 1769 aliquid
330 1706 458 1769 dupliciter.
470 1709 520 1759 Uno
529 1708 597 1758 modo
606 1708 731 1757 secuudum
745 1717 810 1755 suam
819 1705 874 1756 suli-

70 1777 192 1840 stontiam‚
208 1779 232 1827 et
251 1778 369 1837 nature-m3
386 1779 409 1827 et
423 1779 547 1826 seeundum
566 1780 611 1826 troc
623 1788 704 1826 omnes
722 1774 835 1825 aestimant
847 1788 874 1828 so

70 1862 123 1901 esse
135 1850 161 1898 id
173 1848 234 1913 quod
245 1846 572 1909 contemporaneos
583 1858 676 1911 corpore
686 1847 838 1913 compositos3
847 1852 873 1900 et

72 1919 122 1981 sio,
132 1918 202 1967 etiam
211 1931 289 1969 omnes
302 1918 422 1979 homines,
435 1918 491 1969 honi
505 1921 530 1969 et
541 1918 608 1980 maii,
622 1917 720 1982 diligunt
733 1918 836 1983 seipsos,
847 1920 873 1969 iu

71 1991 186 2054 quantum
204 1989 299 2053 diligunt
311 1991 347 2041 sui
360 1990 461 2055 ipsorum
474 1989 679 2041 conseruationem.
695 1989 744 2040 llio
759 1992 826 2041 modo
840 1991 875 2041 di·

73 2060 136 2113 citur
147 2062 214 2110 homo
227 2073 277 2111 esse
290 2061 374 2126 aliquid
383 2062 507 2113 moundum
521 2060 726 2125 principalitatem
739 2061 799 2111 siem
811 2060 876 2125 priu-

74 2145 132 2196 ceps
143 2129 243 2181 culinus
250 2131 330 2181 dicitm
338 2144 389 2185 esse
398 2130 479 2183 eiuites
492 2148 498 2181 :
509 2132 569 2182 undo
580 2132 641 2195 quod
650 2130 766 2195 principes
779 2131 873 2196 iscium,

13 2230 14 2235 κ
74 2204 158 2255 dicitur
173 2202 255 2253 ciuitas
267 2202 349 2255 lacere.
367 2205 407 2255 Sic
419 2208 496 2256 autem
509 2216 556 2255 uon
569 2216 649 2255 omues
662 2202 775 2255 estimem
789 2216 814 2255 se
823 2217 874 2257 etse

75 2276 96 2326 id
114 2276 175 2339 quod
190 2280 253 2327 sunt.
267 2276 393 2341 Principale
404 2276 465 2327 enim
477 2274 605 2327 innomine
620 2277 656 2325 ost
669 2288 733 2326 mens
747 2276 873 2340 rationalis3

75 2347 232 2402 secundarium
240 2352 318 2399 numm
328 2356 364 2399 cst
372 2352 453 2399 natura
462 2347 584 2409 seusina,
593 2350 619 2398 et
628 2345 749 2412 corporalis
759 2362 766 2396 ε
777 2357 876 2412 quorum

74 2420 182 2484 primum,
192 2420 422 2483 apostotusnomtnst
436 2421 586 2470 interiorem
595 2420 730 2479 nominem,
739 2420 875 2482 secuudum,

73 2492 242 2553 celeriorem,
251 2496 277 2543 ut
292 2496 356 2559 patei
369 2494 397 2543 ll.
415 2494 449 2543 ort
464 2493 534 2551 Gor„
546 2492 584 2541 lV.
599 2492 657 2543 Boni
670 2495 745 2542 autem
760 2491 877 2542 aestimant

74 2562 200 2629 principale
212 2564 333 2630 inseipsis
348 2564 484 2617 rotonalem
496 2568 616 2626 ueterem,
629 2563 679 2615 sire
688 2562 820 2614 interiorem
833 2564 876 2614 no-

75 2636 175 2688 minem:
186 2638 246 2689 unde
256 2640 385 2690 moundum
398 2640 440 2689 lroo
452 2638 568 2691 aestimant
576 2648 602 2687 se
614 2648 665 2687 esse
676 2634 737 2700 quod
748 2637 811 2685 suut.
821 2632 875 2684 liaii

74 2712 151 2760 eutem
162 2708 276 2761 estiment
289 2710 414 2775 principale
432 2709 457 2759 iu
467 2708 551 2774 stipsis
564 2710 669 2759 neuram
689 2704 836 2769 musitivarn,
852 2706 876 2755 ot

74 2780 226 2845 corporalem,
246 2780 334 2831 seilicet
354 2780 489 2833 exteriorem
511 2779 629 2830 homiuem
646 2795 652 2829 z
667 2778 729 2829 uude
744 2789 791 2828 nou
811 2773 874 2826 recte

74 2854 238 2915 cogucsooutes
255 2852 358 2918 seipsos,
369 2864 415 2905 uon
429 2850 483 2903 uere
496 2849 593 2917 diligunt
605 2850 706 2917 scipsos,
717 2848 758 2901 sel
777 2844 873 2909 diliguni
