1992 3317
275 181 278 189 ·
319 165 351 202 D!
365 165 504 206 fflJUSTiTtA.

305 347 467 400 iuuentus
483 348 514 400 11.

47 470 118 514 utrum
131 469 211 526 atquo
222 470 318 524 uuum
331 473 438 527 psoram
448 486 476 519 oo
490 450 532 519 ooo
541 475 672 531 quodfacto
687 475 812 531 aquosum.

65 597 93 646 tt
102 596 214 648 ssuuuduuu
221 595 254 646 siu
267 595 397 660 procuditur
403 597 445 662 (tt.
454 599 548 648 Videtur
556 599 616 663 quod
630 601 714 664 atiquis
728 601 815 652 dicatur

41 668 124 730 injustus
137 681 163 718 er
171 668 210 719 truc
219 665 279 730 quud
292 666 345 716 iuuit
352 666 469 731 injustum.
477 670 573 720 Habitus
583 672 647 720 oraim
655 672 815 737 purificantur

41 752 70 787 ur
78 740 172 802 objecta.
185 741 208 788 ut
220 737 327 802 utsupra
340 737 406 790 dictis
414 742 477 802 patet
489 741 524 804 (t,
536 745 560 798 t,
572 755 611 803 qu.
621 746 661 802 tt,
672 746 714 792 art.
727 743 815 806 2).So‹l

41 810 138 872 uopriuru
148 809 254 870 objectum
262 808 360 871 justitia
370 813 405 859 est
413 811 528 873 justum,
537 814 561 861 st
573 811 688 875 proprium
698 813 814 876 objectum

41 879 140 941 ujustitiae
149 883 182 928 ost
192 878 324 942 injustum.
335 880 394 943 Ergo
404 885 427 931 et
434 882 512 944 justus
526 882 633 932 diuoudus
644 887 680 933 ost
687 885 771 947 aliquis
785 898 814 934 ox

41 963 69 999 roo
84 950 144 1014 quod
160 950 209 1000 fauit
222 951 341 1014 justum,
357 955 381 1001 ot
400 951 500 1014 injrrstus
516 965 547 1002 ox
563 954 607 1003 hou
622 953 681 1017 quod
699 955 754 1004 tacit
777 957 815 1004 io·

43 1026 131 1071 ustum.

56 1099 78 1142 a.
94 1095 210 1154 risores,
224 1092 374 1156 Philosophus
395 1093 450 1143 diuit
468 1094 493 1142 iu
511 1095 530 1141 V
551 1094 644 1149 Ethio,
662 1095 742 1144 faloam
761 1109 813 1146 asso

41 1164 152 1226 piuioueru
169 1165 327 1226 quorumdam,
341 1163 380 1228 qui
399 1165 514 1215 aestiruaut
535 1165 560 1214 iu
580 1168 693 1228 potestate
715 1166 814 1218 huminis

41 1249 85 1296 sse,
98 1239 124 1284 ut
137 1233 208 1284 surim
216 1233 402 1298 tuuiatjuutum‚·
412 1240 435 1285 et
446 1235 505 1298 quod
513 1236 587 1299 justus
601 1249 648 1285 nou
655 1236 729 1299 possit
738 1236 815 1288 miurus

41 1321 94 1356 ,uero
109 1305 245 1369 amotum,
259 1304 326 1368 quam
343 1305 450 1369 injustus.
470 1308 517 1356 Huc
533 1311 609 1356 autsru
621 1320 668 1357 nou
681 1311 753 1370 osset,
768 1309 815 1359 uisi

44 1391 93 1428 rere
106 1378 212 1440 injustum
222 1380 283 1427 osset
292 1377 408 1440 proprium
417 1377 506 1440 injusti.
520 1379 580 1441 Ergo
589 1378 671 1442 aliquis
679 1378 815 1441 juuoaudus

45 1457 53 1498 t
67 1449 167 1512 injustus
181 1455 209 1498 ou
222 1450 267 1498 huo
278 1446 339 1511 quud
355 1447 408 1497 taoit
422 1449 559 1512 injustum.

48 1526 70 1568 3.
87 1521 212 1578 proterea,
227 1520 306 1570 oudam
327 1519 393 1568 ruodo
414 1532 438 1568 se
455 1520 524 1570 habet
541 1521 616 1569 omnis
630 1520 703 1569 virtus
719 1521 747 1570 au
761 1532 815 1583 pro-

43 1593 91 1640 tum
107 1594 196 1649 actutu,
211 1594 233 1640 ot
243 1591 323 1640 eadem
338 1589 396 1640 ratio
410 1587 444 1640 est
461 1591 488 1640 do
503 1590 569 1639 uitiis
576 1590 696 1653 oppositis.
709 1592 754 1640 Seu
765 1590 816 1652 qui·

43 1675 115 1726 mque
134 1659 190 1712 taut
209 1660 294 1724 aliquid
308 1663 521 1722 intemperatum,
538 1661 621 1711 uisitur
640 1660 814 1722 intemperatus.

41 1748 71 1795 go
87 1733 226 1795 quicumque
239 1731 294 1782 tacit
311 1731 398 1794 aliquid:
410 1731 547 1794 injustum.
562 1731 643 1780 dicitur
652 1731 760 1794 injustus.

41 1805 91 1854 Sed
106 1803 185 1854 contra
199 1806 246 1863 est,
266 1803 326 1864 quod
341 1801 493 1864 Philosophus
508 1802 564 1852 dioit
580 1802 605 1851 iu
615 1802 634 1850 V
646 1801 741 1863 Euhie„
757 1800 816 1863 quod

41 1873 129 1938 aliquis
149 1872 205 1922 tacit
221 1873 333 1935 injustum
338 1907 347 1934 ,
364 1877 387 1921 ot
400 1872 500 1934 injustus
511 1885 558 1921 uoa
572 1876 615 1920 ost.
631 1887 645 1918 u

41 1947 212 2009 (Couuuusuo.
222 1969 253 1978 -
264 1942 385 2008 uutpptam
401 1941 568 1992 existentium
582 1955 608 1990 ao
620 1941 732 1992 oleotiouo
746 1941 818 2002 tutus

41 2032 52 2066 a
78 2017 176 2074 fauore,
189 2012 290 2076 aliquem
312 2011 422 2075 injustum
434 2012 521 2072 reddit,
536 2025 582 2062 nou
599 2015 676 2061 autom
689 2011 763 2062 farore
777 2013 817 2060 tu·

41 2096 109 2136 :tum
122 2088 208 2150 praeter
220 2083 387 2144 iutoutioueuu,
402 2084 440 2133 set
457 2096 486 2133 er
500 2082 636 2147 passione.)

41 2157 183 2222 tospoudoo
200 2156 335 2215 dicendum,
349 2155 410 2218 quod
421 2154 480 2206 siout
494 2155 607 2218 objectum
618 2155 714 2218 justitias
728 2159 764 2205 est
777 2155 819 2204 ati-

41 2234 53 2280 t
73 2228 168 2292 aequals
186 2227 212 2276 iu
226 2227 296 2282 rubus
306 2225 469 2287 exterioribus,
487 2226 520 2276 ita
535 2227 603 2276 otiam
615 2226 729 2289 obJeotuuu
744 2226 818 2290 iujus-

41 2318 54 2353 o
79 2305 119 2351 ost
134 2299 224 2362 aliquid
236 2297 360 2360 inaquato,
369 2302 436 2362 prout
445 2298 532 2349 scilicet
540 2297 609 2347 atioui
620 2297 750 2348 attribuitur
763 2298 816 2362 plus

42 2375 146 2433 miuus,
156 2384 230 2436 quom
248 2370 291 2422 sibi
303 2374 423 2434 ooupeut.
436 2371 470 2420 Ad
484 2373 528 2422 huo
540 2375 617 2421 autom
631 2371 746 2434 objectum
757 2384 819 2420 cous-

41 2453 95 2495 rtur
111 2443 212 2494 habitus
230 2441 351 2506 injustitias
365 2442 479 2494 medianto
489 2442 580 2506 proprio
591 2446 652 2503 actu,
670 2441 709 2506 qui
723 2446 819 2492 roratio

41 2515 207 2579 cstz'fioatio.
216 2514 297 2564 Putost
304 2526 357 2576 orgo
364 2512 570 2576 uuuugsrequuu
576 2513 617 2576 qui
623 2513 679 2562 tacit
687 2514 817 2576 injustum

59 2591 105 2638 est
122 2587 259 2652 injustus,
272 2583 392 2649 duplicitas
408 2598 415 2634 t
429 2597 473 2634 unu
495 2585 575 2644 modu,
597 2587 689 2647 proptor
701 2585 818 2634 detectum

41 2657 187 2724 paratiouis
208 2656 283 2719 ipsius
296 2655 435 2718 operationis
448 2657 475 2705 ad
490 2655 604 2718 proprium
615 2656 745 2719 objectum
764 2667 817 2719 quae

41 2815 49 2874 )
75 2817 113 2859 Ito
135 2787 178 2857 u'ts
192 2811 267 2856 otiam
286 2775 346 2854 iutra
356 2809 380 2853 tn
397 2809 442 2854 ista
459 2814 553 2866 quast,
568 2815 612 2856 art.
629 2808 734 2867 t,au1;
752 2815 776 2856 ot
796 2812 819 2858 V

41 2893 87 2926 c..
101 2877 167 2921 isat.
183 2872 232 2927 t³;
243 2878 268 2918 et
284 2883 353 2928 stupor
366 2873 408 2918 Po.
426 2873 530 2931 xxxvi,
542 2873 567 2917 iu
578 2873 677 2931 princip.
