1992 3317
131 113 176 162 tto
249 119 358 160 sumunt
372 119 502 170 samanar,
519 117 614 164 onnsr.
630 119 683 168 uxr,
702 117 757 157 aur.
775 119 813 156 rra.

165 200 324 264 (cormesio.
336 197 421 247 -Noa
435 208 496 259 aaa,
511 195 552 246 sed
564 194 656 246 diuersa
668 198 705 245 est
719 194 816 245 mamis
825 175 927 248 asebi-
966 204 968 243 t

130 273 185 324 tiva
200 273 224 322 et
244 267 410 320 commutatico
429 266 543 330 iustitie,
560 264 612 316 cbm
625 266 665 315 itla
677 266 702 316 iu
720 265 928 332 distributionibus,

131 346 181 396 bec
193 342 218 392 in
233 337 445 392 commutationibus
460 339 588 398 uersctur.)

163 413 297 479 Respondes
308 411 442 472 dicendum,
455 409 516 475 qnbd
529 410 587 461 siem
601 409 669 472 sopra
681 409 770 460 dictum
789 412 826 462 est
835 411 890 475 (art.
901 413 929 473 1),

129 487 220 553 justitia
233 487 267 534 est
278 482 345 532 circa·
353 483 462 545 quasdem
476 482 619 546 operationes
633 481 774 545 exteriores,
787 482 879 534 scilicet
891 486 931 534 dis-

132 558 279 610 tributionem
297 557 320 604 et
330 554 548 617 commutationem
563 566 614 616 qao
631 551 722 614 quidem
737 558 793 603 suat
806 567 863 605 usas
878 569 929 617 uuo·

132 629 235 680 rumdam
256 625 405 686 exteriorum,
420 625 457 674 uei
472 638 562 688 reram,
578 623 617 674 rel
631 635 797 686 personarum,
812 625 851 676 vel
867 628 931 677 ctiam

133 712 235 765 operum.
251 699 344 748 iterem
358 696 463 760 quidem,
480 695 538 748 sicut
549 694 601 745 mm
610 694 693 757 abonis
703 696 743 745 aet
752 697 828 746 auicrt
841 697 879 747 uel
889 712 930 747 res·

132 768 196 822 tituit
209 769 274 820 elteri
285 782 349 820 snam
359 781 421 830 rem;
433 781 600 831 personet-om
614 767 705 828 subm,
715 765 776 815 sicud
784 765 840 817 cium
852 769 930 832 abonis
966 768 967 779 ¹

133 841 158 892 in
174 841 247 905 ipsam
263 853 383 904 personam
396 838 496 889 bominis
510 837 618 902 injuriam
630 835 698 896 iacit,
708 835 767 900 putd
776 839 929 901 percutiendo.

134 913 171 964 rel
183 911 344 974 conviciando,
359 914 400 962 aut
413 911 483 961 etiam
492 909 545 961 ciam
554 908 706 959 reverentiam
715 907 821 971 exbibet;
832 926 930 974 opertior

135 989 225 1045 anum,
239 983 298 1036 sicut
306 981 356 1032 cdm
370 981 452 1046 aliquis
461 979 525 1046 juste
535 979 564 1030 ab
575 980 619 1030 atio
629 979 716 1042 erigit,
731 980 770 1030 uei
782 981 849 1032 alteri
862 984 929 1032 reddit

136 1056 226 1120 aliquod
237 1068 304 1119 opus.
319 1053 343 1103 Si
354 1066 407 1116 ergo
417 1052 568 1117 accipiamus,
583 1054 609 1100 nt
619 1049 738 1100 materiam
753 1052 878 1117 utriusque
887 1056 931 1117 jus-

136 1128 209 1190 titia,
228 1140 256 1180 ea
276 1139 370 1191 quornm
384 1125 529 1189 operationes
545 1126 599 1174 sunt
612 1137 681 1184 usus,
699 1123 781 1172 cadem
794 1129 833 1175 sst
846 1127 931 1176 mebris
966 1130 967 1195 t

137 1199 286 1250 distributivae
301 1201 324 1248 et
344 1197 511 1247 commutatico
527 1195 639 1259 justitiae3
658 1207 713 1243 nam
730 1200 756 1244 et
773 1208 812 1245 res
835 1197 930 1248 distribui
966 1202 967 1211 ¹

136 1273 232 1334 possunt
240 1268 254 1319 d
262 1269 378 1320 communi
391 1267 416 1318 in
425 1267 541 1331 singulos,
550 1270 575 1318 et
582 1265 716 1317 commutari
730 1266 760 1316 de
770 1279 820 1318 nno
828 1267 853 1318 in
862 1269 929 1330 dium

137 1344 160 1392 et
178 1340 245 1390 etiam
259 1344 295 1391 cst
308 1341 411 1403 quedam
428 1337 557 1390 distributio
570 1337 734 1389 laboriosorum
756 1350 856 1402 operum
868 1345 891 1390 et
902 1356 931 1389 re·

137 1412 299 1476 compensatio.
315 1411 339 1460 Si
359 1415 434 1462 autem
456 1409 609 1476 accipiamus,
631 1413 657 1460 at
675 1409 797 1460 materiam
823 1411 930 1475 utriusque

134 1482 245 1548 justitiae,
261 1483 360 1534 actiones
375 1483 438 1548 ipsas
453 1482 604 1546 principales,
621 1481 704 1546 quibus
716 1481 807 1532 utimur
821 1484 930 1548 persons

137 1555 206 1606 rebus
220 1557 243 1606 et
251 1554 358 1622 operibus
364 1592 373 1618 ‚
385 1553 418 1604 sic
431 1553 561 1604 invenietur
572 1553 691 1616 utrobique
704 1552 749 1603 atia
764 1555 864 1605 materia
872 1572 879 1620 ;
888 1568 929 1604 anu

138 1626 280 1678 distributiva
290 1625 381 1690 justitia
393 1627 428 1676 est
443 1624 552 1674 directim
562 1623 761 1686 distributionum,
776 1627 932 1676 commutatico

138 1699 193 1749 uerd
204 1698 293 1764 justitia
307 1701 342 1748 est
361 1695 469 1748 directiaa
482 1695 700 1759 commutationum,
716 1710 768 1760 qaas
787 1699 876 1749 attendi
887 1712 932 1761 pos

140 1770 266 1822 suntinter
276 1772 333 1821 duas
343 1781 460 1833 personas.
476 1770 575 1829 Qumm
588 1767 690 1832 quemn
704 1772 759 1818 sunt
771 1767 931 1829 involuntaria,
967 1784 969 1853 p

138 1842 242 1905 quedam
256 1841 309 1893 rerb
324 1841 466 1892 voluntario.
485 1839 666 1890 laodomam
679 1840 785 1903 podem,
796 1841 887 1905 quando
898 1841 932 1889 ali·
967 1864 969 1917 ἰ

139 1913 191 1978 quis
210 1913 281 1964 utitur
297 1926 321 1963 re
338 1911 443 1975 alterius,
459 1912 496 1962 ael
517 1924 627 1975 persona,
644 1911 682 1961 uei
701 1923 785 1974 opere,
799 1925 829 1964 eo
850 1912 929 1964 inrito:
967 1920 969 1945 ¹

139 1985 200 2048 quod
215 1985 306 2046 quidem
318 1983 430 2048 contingit
442 1984 577 2047 quandoque
590 1982 687 2044 monite,
697 1995 738 2046 per
746 1983 861 2047 baudem,
869 1997 932 2048 poan
967 1952 969 2019 t

139 2055 212 2118 doque
226 2055 295 2105 etiam
308 2055 439 2117 manifeste,
453 2067 494 2118 per
505 2053 644 2105 colendam.
657 2055 784 2118 Utrumque
795 2059 872 2108 aarum
882 2069 933 2105 coo·
967 2090 969 2093 -

139 2125 215 2190 tingit,
228 2129 267 2175 aut
279 2126 302 2176 ia
313 2139 374 2191 mm,
385 2131 424 2176 aut
432 2127 457 2176 in
466 2139 587 2190 personam
597 2126 727 2190 propriam,
736 2131 778 2176 aat
785 2126 812 2178 in
821 2141 931 2192 pomonam

139 2197 290 2261 conjunctam.
304 2199 331 2248 in
340 2210 388 2249 rem
402 2198 493 2262 quidem
503 2235 510 2259 ,
520 2196 542 2247 si
551 2197 640 2250 ocodtd
651 2211 770 2250 unnsrem
778 2200 873 2251 atterius
881 2199 932 2249 acci·

138 2267 196 2332 piat,
208 2271 232 2318 ot
242 2272 335 2320 uocatur
344 2271 462 2334 fortem
473 2268 494 2319 si
503 2273 581 2319 auom
590 2270 721 2333 manneae,
733 2275 830 2322 vocrtur
838 2274 930 2338 copitar,

139 2341 164 2390 in
175 2352 295 2404 personam
311 2344 386 2391 auom
400 2341 530 2406 propriam,
545 2342 583 2392 rei
596 2347 708 2406 qnantum
720 2344 750 2394 ad
768 2344 843 2408 ipsam
853 2345 932 2396 consis-
967 2396 968 2409 2

139 2411 235 2462 tentiam
247 2413 407 2476 personae,aci
420 2415 530 2475 quantum
538 2414 570 2462 ad
582 2413 717 2477 dignitatem
732 2414 819 2478 ipsias
829 2415 854 2466 Si
865 2419 932 2465 saba

138 2486 246 2548 qnantum
260 2485 288 2536 ad
299 2483 467 2536 consistentiam
480 2496 598 2548 persone,
610 2485 644 2535 sic
656 2486 746 2536 teditur
757 2486 841 2550 abonis
850 2485 931 2538 ooedti

139 2570 180 2622 per
201 2555 301 2608 doiomm
321 2554 470 2617 monem,
484 2569 526 2605 sea
545 2557 729 2620 psmnnsionern,
747 2561 772 2608 et
795 2573 838 2623 per
860 2557 933 2609 reneri

140 2627 313 2690 exhibitionem
323 2626 443 2677 manifeste
452 2631 529 2678 autem
537 2641 579 2691 per
588 2628 731 2680 manifestam
741 2631 933 2689 emisissemus

140 2713 182 2762 per
195 2698 410 2760 incarcerationem,
425 2701 462 2746 aut
477 2699 671 2765 verberationem,
688 2714 730 2752 seu
742 2703 840 2754 membri
851 2702 932 2752 mutita-

140 2769 234 2820 bouem.
246 2770 357 2826 Quantum
366 2772 443 2818 autem
453 2770 481 2819 ad
491 2769 627 2832 dimimtem
638 2784 752 2838 persone,
762 2772 853 2824 laeditur
860 2770 933 2831 abonis

141 2839 226 2890 occulte
238 2839 329 2903 quidem
343 2849 385 2903 per
402 2839 460 2890 falsa
475 2841 610 2893 testimonia
622 2857 664 2895 scu
685 2844 851 2909 detractiones,
860 2844 932 2909 quihus
