1992 3317
289 172 323 209 nn
336 167 392 209 nst
407 170 473 209 rrum
487 172 595 212 vinnom.
800 167 844 215 tot

43 262 87 312 qne
99 262 145 301 non
158 251 196 301 est
215 250 292 314 prima
309 248 411 299 adhesio
424 248 552 300 intellectus
567 251 629 301 firmo
643 252 671 301 ud
685 250 778 315 utiquid.
799 255 844 303 Per

42 323 78 370 noo
90 325 166 371 autem
179 321 242 384 qnod
252 321 346 380 dicitur,
360 339 372 366 u
383 334 431 371 non
439 321 589 385 spernentium,
601 338 614 369 n
627 322 775 386 distinguitur
787 324 844 375 tides

43 390 150 443 inscientia
161 397 185 443 et
198 386 333 455 intellectu,
344 407 387 457 per
400 405 454 456 qun
469 392 552 456 aliquid
567 394 592 444 fit
605 408 726 459 apparens.
742 399 786 447 Per
800 398 856 448 hoc*

41 469 124 528 nutem,
136 465 198 528 quod
212 464 307 524 dicitur,
325 463 478 514 «substantie
494 466 653 528 sperandorum
667 482 754 532 rerum,
765 485 778 516 u
795 468 843 519 dis·

44 537 145 598 tinguitm
158 537 235 586 virtus
245 535 301 585 tidei
311 536 324 585 d
335 536 380 585 tide
393 536 543 585 communiter
553 542 651 601 sumptu,
660 554 711 603 qne
722 554 768 591 non
782 542 842 591 ordi·

42 612 101 656 nutnr
110 610 136 657 ad
145 606 315 658 beatitudinem
325 606 541 669 speratam0mnes
548 612 623 657 antem
633 610 683 660 alie
691 610 843 663 diffinitiones

42 693 182 744 quecumque
193 679 224 728 de
235 678 282 727 tide
296 678 388 736 duntur,
400 677 563 741 explicationes
574 683 627 729 sunt
638 682 690 745 ejus
700 696 767 745 quum
780 684 841 747 dpu-

43 751 105 799 stotos
115 752 188 814 ponit.
201 750 268 809 Quod
284 749 347 799 enim
362 748 419 799 dicit
432 750 571 812 Augustinus
586 766 591 800 :
606 770 620 799 u
636 752 704 803 Fides
720 759 754 803 est
765 755 841 804 virtus

41 835 78 884 qun
92 823 214 871 ereduntur
232 834 285 885 qne
301 834 349 871 non
364 820 483 883 videntum
498 838 512 869 u
533 825 555 871 et
570 823 632 885 quod
647 823 702 873 dicit
718 826 841 878 Damasce-

42 908 90 955 nns,
105 896 165 958 qnod
181 910 196 941 o
215 894 273 944 fides
291 896 328 943 est
345 906 392 942 non
407 892 553 956 inquisituros
575 908 713 955 consensus3
729 913 742 943 n
757 902 779 946 et
801 897 842 947 otii

43 965 117 1014 dieunt
134 967 195 1029 quod
204 983 219 1013 o
228 967 290 1015 tides
299 969 336 1015 est
350 964 463 1015 certitudo
473 964 547 1014 onimi
556 966 659 1028 quodum
669 966 698 1015 de
711 967 841 1017 absentibus

42 1050 105 1099 snpra
125 1038 275 1103 opinionem,
290 1040 314 1085 et
329 1036 391 1085 inira
412 1035 545 1098 seientiam,
564 1052 578 1083 u
598 1036 660 1086 idem
685 1042 720 1087 est
740 1040 762 1086 ei
781 1040 841 1102 quod

41 1110 154 1170 Apostolos
165 1110 223 1160 dicit
239 1126 253 1155 α
265 1111 425 1171 argumentum
438 1120 484 1158 nou
496 1108 662 1171 apparentium.
676 1122 689 1155 u
702 1110 766 1167 Quod
785 1110 841 1160 verd

40 1180 154 1244 Dionysius
174 1181 234 1231 dicit
251 1180 310 1242 Vll,
328 1192 379 1243 onp.
399 1180 437 1227 De
452 1178 505 1228 dio.
525 1180 612 1243 Nom„
631 1180 692 1243 quod
707 1198 721 1227 o
736 1180 791 1231 fides
808 1184 842 1231 est

42 1265 127 1303 monens
140 1252 287 1304 medentium
304 1251 492 1311 tundamentum,
511 1251 622 1301 coitocnus
638 1265 678 1302 eos
691 1252 715 1303 in
729 1252 839 1316 veritate,

41 1323 93 1370 etin
107 1324 163 1387 ipsis
179 1326 305 1373 veritatem
320 1322 458 1384 ostendens,
473 1338 489 1368 o
500 1321 559 1371 idem
574 1323 608 1372 est
623 1322 645 1371 ei
665 1322 725 1387 qood
741 1322 837 1385 dicitnr,

44 1408 57 1437 n
73 1395 191 1447 subsanna
206 1408 284 1447 rerum
295 1393 466 1457 sperandarum.
484 1410 498 1439 u

71 1467 102 1515 iid
114 1468 210 1531 primum
224 1479 281 1529 ergo
299 1464 436 1525 dicendum,
453 1464 514 1528 qndd
527 1466 669 1515 substantio
685 1478 730 1515 non
743 1464 844 1515 sumitur

39 1538 73 1585 irie
90 1541 212 1589 secundnm
224 1538 287 1602 qnod
299 1540 336 1587 est
350 1548 423 1599 genos
434 1536 628 1599 generalissimum
646 1540 724 1585 contra
742 1537 786 1585 ntia
800 1549 839 1599 ge·

38 1611 202 1672 omonimum,
214 1612 256 1661 sed
266 1610 393 1659 seeundum
404 1608 465 1671 qnod
477 1608 502 1657 in
515 1608 618 1671 quotibet
631 1621 715 1671 genere
726 1607 840 1657 invenitur

38 1684 137 1742 pindum
153 1681 285 1733 similitudo
298 1679 444 1742 substantie,
458 1678 625 1743 proutiscitioet
636 1679 732 1743 primum
746 1677 771 1727 iu
785 1692 840 1741 qno-1

38 1753 90 1800 tinet
98 1766 180 1815 genere
193 1751 318 1803 oontiuons
329 1751 355 1800 in
367 1763 392 1800 se
404 1750 448 1800 aliu
457 1750 549 1812 uirtute,
560 1749 642 1801 dieitur
653 1762 703 1799 esse
714 1749 840 1800 substantia

38 1824 131 1876 diorum.
735 1868 737 1872 .

67 1897 99 1945 rtd
107 1898 233 1947 semndnm
246 1896 380 1957 dicendum,
390 1892 451 1957 quon
463 1907 516 1943 oum
535 1895 591 1944 tides
602 1895 716 1957 portinent
727 1896 753 1944 od
768 1895 838 1947 intei-

38 1968 117 2017 iectum
133 1970 260 2021 secundnm
280 1967 342 2031 qood
359 1967 485 2029 imperatur
501 1964 658 2026 uiolentae,
673 1969 760 2029 oportet
778 1968 837 2030 qnod

36 2040 150 2091 ordinetur
166 2041 226 2090 siem
242 2040 273 2089 ud
289 2039 359 2087 finem
377 2038 405 2086 ad
424 2037 512 2100 objecta
525 2036 612 2087 iliorum
631 2036 741 2087 uirtutum
756 2038 837 2100 quibus

38 2112 151 2171 poninitur
160 2114 267 2161 uoluntas
278 2148 284 2172 ‚
297 2109 360 2159 inter
375 2120 432 2171 quas
448 2113 483 2157 est
493 2120 565 2171 spes,
581 2110 607 2156 nt
620 2106 680 2157 iniri
692 2108 777 2171 patebit
793 2125 799 2158 :
814 2113 837 2159 et

37 2183 85 2231 rino
99 2184 122 2232 iu
140 2182 279 2232 diiimitione
297 2180 351 2229 odei
368 2179 459 2243 ponitur
472 2180 587 2243 objectum
607 2178 664 2243 spei.

66 2255 98 2303 td
111 2255 207 2304 tertium
219 2253 357 2312 dicendum,
367 2249 429 2313 quid
442 2250 533 2301 ditectio
547 2254 623 2314 potest
637 2263 689 2301 esse
699 2254 723 2301 et
736 2251 837 2302 visorum

36 2331 54 2371 et
71 2338 116 2375 non
127 2326 248 2384 visorum,
262 2323 415 2389 presentium
429 2326 453 2373 et
466 2324 593 2373 absentium
610 2338 617 2373 ι
632 2328 656 2373 et
670 2322 722 2373 ideo
736 2336 773 2373 res
785 2324 838 2375 dili·

38 2398 105 2447 nendo
118 2411 167 2448 non
180 2398 213 2447 ita
223 2394 318 2460 proprie
332 2395 452 2458 adaptatur
463 2394 516 2445 fidei
530 2395 589 2445 siout
603 2408 639 2445 res
650 2394 773 2459 sperando,
785 2408 837 2444 oum

36 2481 84 2529 spes
96 2482 186 2534 semper
202 2468 234 2519 sit
243 2467 377 2536 absentium
391 2470 415 2516 et
429 2480 476 2516 non
489 2468 590 2517 visorum
605 2465 657 2530 (tis

64 2543 97 2591 ,td
110 2547 222 2606 quonum
229 2541 355 2591 dicendum
366 2578 373 2601 ,
384 2538 444 2603 quod
454 2539 595 2589 substantio
613 2543 636 2589 et
647 2540 835 2603 argumentum,

38 2615 155 2665 seeundum
172 2615 234 2680 qood
247 2614 273 2662 in
291 2611 425 2662 definitione
442 2610 495 2661 fidei
514 2612 640 2675 ponuntur,
652 2622 698 2659 nnn
714 2610 837 2675 important

36 2684 121 2737 diuersa
135 2700 219 2751 genera
231 2684 298 2746 fidei,
315 2696 391 2747 neque
406 2680 506 2735 diuersos
520 2687 593 2745 notus,
608 2682 647 2733 sed
664 2680 763 2734 diversas
772 2681 837 2731 hahi-

64 2840 95 2902 (i)
109 2838 342 2968 &dmum
355 2833 837 2899 mosmosperotrtdonom.,n111‚

36 2915 95 2952 verr,
145 2936 152 2953 .
389 2934 392 2937 -
428 2938 431 2943 -
