1992 3317
386 123 416 160 nu
431 124 518 161 nnaro.
703 101 706 107 ’
805 115 850 160 895

56 211 107 248 ιιιιιι
123 197 160 247 est
172 197 288 261 proprium
302 197 350 259 liei,
363 198 487 250 seenudirtn
500 199 556 250 illnd
569 199 664 250 Psalm.
676 200 768 250 xlllll:
783 201 850 251 «llo-

56 267 114 318 mini
127 270 163 318 est
174 271 248 332 terra,
259 272 302 320 etc.
317 285 331 316 a
343 270 403 334 llrgo
416 275 508 322 nonest
517 271 625 322 nammlis
636 271 724 323 bomini
735 272 853 336 possessio

55 339 288 390 rernmexteriornm.
894 393 897 398 ,

88 417 112 462 2.
125 412 252 475 Praeterea,
264 413 362 463 Basilius
373 414 410 478 (l)
420 423 537 477 exponens
549 414 645 464 terbum
655 413 732 464 diuitis
742 413 851 476 dicentis,

56 487 128 544 Lao„
138 484 197 535 llll:
213 500 227 530 a
235 483 382 548 congregabo
395 485 471 535 omnia
482 497 533 548 qne
543 488 595 535 nata
609 490 663 535 sunt
672 485 741 548 milri,
756 489 780 535 et
792 485 852 536 bona

56 569 141 620 mea,n
156 554 229 606 dicit:
246 555 308 604 «llic
321 555 378 605 milri
384 569 454 619 ,qnae
463 559 517 619 tua;
531 557 591 606 unde
603 569 630 606 ea
641 571 733 608 sumens
743 557 768 606 in
782 557 852 607 uitam

55 626 143 677 tulistil
156 642 171 673 a
182 627 226 677 Sed
242 626 280 676 illa
294 641 345 691 qne
363 629 431 678 borno
444 627 546 692 possidet
559 627 701 691 naturaliter,
715 631 793 692 potest
809 629 852 680 ali·

55 699 109 763 quis
121 696 282 749 conuenienter
295 699 371 750 dicere
390 713 440 750 esse
457 711 508 750 sna.
524 699 584 763 Ergo
597 700 730 753 bomornon
752 700 853 797 possidet

55 771 190 821 naturaliter
207 771 320 822 exteriora
337 771 406 820 bona.

89 846 113 890 3.
128 842 258 902 Promea,
272 840 332 892 siout
345 841 475 892 Ambrosius
486 841 562 890 dicit'
557 840 631 890 rnlib
642 841 680 889 De
691 842 771 902 Trio,
786 860 800 890 (ι
810 844 854 893 llo

56 913 133 962 minus
147 924 231 963 nomen
240 916 276 963 est
285 913 413 977 potestatis.
424 929 438 960 »
448 912 493 962 Sed
500 913 569 962 bomo
579 924 625 961 non
635 912 704 962 babet
716 917 853 976 potestatem

57 997 127 1048 snper
142 995 180 1034 nes
194 983 329 1047 exteriorem
340 984 398 1034 nibil
414 983 476 1034 enim
489 987 566 1048 potest
580 982 641 1032 circa
656 995 733 1033 earnm
750 987 854 1034 naturam

56 1056 186 1105 immutare.
201 1054 258 1118 Ergo
280 1055 392 1118 possessio
413 1054 550 1105 exteriorum
567 1067 641 1104 rernm
654 1067 701 1104 non
717 1057 754 1104 est
766 1054 854 1105 bomini

56 1124 179 1174 naturalis.

87 1195 137 1246 Sed
149 1198 229 1246 eontra
241 1198 288 1258 est,
300 1196 360 1260 qnod
373 1195 456 1247 dieitur
470 1196 495 1245 iu
508 1194 576 1245 Peol.
596 1194 664 1244 Vlll:
678 1211 694 1243 o
706 1194 790 1245 Omnia
803 1195 857 1245 snb-

55 1265 191 1327 jecistisnb
200 1267 296 1330 pedibus
308 1267 369 1330 cjns,
379 1284 393 1314 rr
407 1267 494 1318 scilieet
507 1266 616 1316 bominis.

91 1338 254 1401 (Coactusro.
272 1364 303 1376 -
317 1339 358 1388 Est
372 1338 458 1389 homini
476 1351 550 1388 rernm
563 1338 700 1389 exteriorum
720 1337 794 1401 aliqua
811 1351 857 1387 na-

58 1408 138 1460 turalis
156 1408 284 1472 possessio,
302 1422 349 1460 non
368 1409 458 1472 quidem
472 1412 584 1472 qnantum
602 1411 631 1460 ad
646 1415 751 1460 naturam
763 1423 855 1472 earnm,

57 1482 98 1530 sed
117 1483 228 1543 qnantum
247 1481 275 1530 ad
288 1494 368 1541 nsum,
383 1493 427 1544 qno
441 1480 497 1544 ipsis
511 1480 636 1530 secundirm
654 1481 764 1531 rationem
778 1485 801 1530 et
814 1494 856 1531 ro·

57 1551 172 1600 luntatem
187 1551 222 1600 nti
235 1555 310 1615 potest
323 1552 351 1602 ad
365 1564 431 1600 snum
447 1552 590 1601 commotum
606 1555 629 1600 et
640 1551 786 1612 utilitatem.)

88 1623 228 1687 Respondeo
248 1623 382 1686 dicendum,
396 1621 456 1685 qndd
476 1634 513 1672 res
533 1621 631 1672 exterior
646 1625 724 1685 potest
739 1621 857 1685 dupliciter

58 1693 199 1744 considerari
211 1709 217 1742 ι
227 1707 272 1744 nno
281 1696 356 1756 modo,
372 1697 483 1758 qnantum
496 1693 524 1742 ad
538 1693 589 1756 ejus
605 1696 723 1751 naturam,
743 1705 794 1754 qne
811 1705 857 1742 non

58 1765 165 1829 subjacet
179 1765 283 1816 hnmanae
296 1765 417 1829 potestati,
431 1765 471 1815 sed
484 1763 558 1815 solim
575 1764 675 1826 diuina,
688 1762 727 1812 cni
740 1763 816 1812 omnia
829 1765 857 1812 ad

57 1840 141 1886 nutum
156 1835 278 1898 obediunt3
288 1836 333 1887 allo
344 1835 423 1898 modo,
437 1837 547 1898 quantum
561 1836 589 1884 ad
602 1848 668 1884 mum
687 1834 759 1898 ipsins
770 1833 819 1894 rei,
835 1839 858 1884 et

58 1907 93 1956 sic
103 1909 176 1958 babet
188 1908 256 1957 bonno
267 1908 368 1957 naturale
379 1907 504 1958 dominium
513 1906 651 1957 exteriorum
660 1918 744 1967 rernm,
757 1903 809 1967 qnia
817 1917 858 1968 per

59 1978 172 2029 rationem
181 1983 206 2028 et
218 1978 359 2028 uoluntatem
371 1981 446 2042 potest
462 1977 496 2027 nti
508 1979 576 2028 rebus
593 1976 744 2027 exterioribus
755 1976 783 2025 ad
795 1988 859 2034 snam

58 2049 195 2112 utilitatem,
206 2049 270 2112 quasi
287 2053 380 2113 propter
390 2061 414 2098 se
427 2048 507 2111 lactls3
518 2061 608 2112 semper
616 2048 677 2098 enim
692 2046 859 2110 imperfectiora

59 2125 116 2170 sunt
127 2125 222 2185 propter
231 2120 375 2184 perfectiora,
386 2125 488 2184 utsupra
501 2121 603 2171 habitum
613 2125 648 2171 est
658 2121 706 2184 (qn.
718 2123 757 2181 dt,
769 2123 812 2169 art.
824 2119 859 2181 1).

59 2193 89 2240 lit
102 2205 133 2242 ex
144 2193 187 2241 bae
203 2191 290 2242 ratione
303 2192 456 2255 Philosophus
469 2193 550 2256 probat
565 2192 590 2241 in
603 2194 615 2240 l
627 2191 716 2248 Polit,
731 2189 792 2254 qudd
807 2203 860 2253 pos·

59 2263 133 2314 sessio
147 2275 225 2312 rernm
242 2262 379 2314 exteriorum
391 2266 426 2313 est
438 2263 527 2314 bomini
536 2263 653 2313 naturalis.
668 2263 715 2313 lloc
730 2265 807 2311 antem
818 2274 859 2310 na-

60 2333 134 2384 turale
142 2333 268 2384 dominium
279 2347 347 2398 snper
356 2338 447 2384 caeteras
457 2339 581 2396 creaturas,
588 2335 648 2397 qnod
657 2333 765 2397 competit
773 2331 861 2382 bomini

58 2403 187 2456 secundinm
205 2405 323 2465 rabonem,
339 2405 417 2468 inqua
427 2405 503 2468 imago
516 2405 556 2455 llei
573 2405 692 2467 consistit,
706 2403 861 2453 manifestatur

58 2476 86 2524 in
103 2475 156 2542 ipsa
168 2477 267 2526 bominis
285 2477 415 2539 creatione,
430 2478 526 2533 Genea,
546 2477 573 2537 l,
588 2475 740 2526 ubidicitur:
756 2493 770 2522 a
779 2473 860 2524 Facia-

59 2561 112 2597 mus
122 2547 239 2598 bominem
250 2549 279 2598 ad
292 2547 414 2612 imaginem
423 2552 446 2599 et
454 2548 626 2599 similitudinem
634 2551 744 2609 nostram,
754 2548 777 2595 et
784 2543 861 2609 presit

58 2619 165 2682 piscibus
175 2619 254 2680 maris,
274 2624 319 2670 etc.
330 2637 344 2668 »

97 2771 129 2832 (ll
146 2777 172 2820 In
188 2787 294 2820 sermone
314 2775 423 2831 peculiari
437 2788 505 2830 quern
524 2788 552 2820 ex
569 2775 673 2831 prolosso
688 2772 710 2815 ln
726 2771 773 2815 bne
792 2770 860 2814 rerba
960 2768 975 2801 »“

61 2838 144 2896 edidit,
162 2843 185 2883 et
198 2838 210 2882 d
221 2839 359 2894 quibusdam
372 2841 403 2886 la
417 2838 504 2884 divites
518 2850 603 2883 onorat
614 2834 751 2882 inscribitur.
