1992 3317
114 121 161 170 tro
223 125 332 167 secunus
347 127 475 176 secusne,
492 125 587 172 oumsr.
604 125 685 174 surr,
701 125 757 165 ser.
775 128 802 164 rr.

113 208 176 264 tibus
188 204 300 272 proximi,
316 203 375 256 sicut
388 203 473 254 dictum
486 206 530 253 est.
542 202 589 253 sod
599 203 678 253 multe
689 202 741 253 elie
754 205 922 255 suntnecessi·

113 283 174 332 tatas
187 275 364 340 emanente,
376 275 443 341 qslrm
457 275 572 341 praedicte
582 275 657 326 :mont
666 277 728 340 quod
737 290 814 327 cecus
827 276 922 340 indiget
985 276 986 279 ’

115 354 220 414 ductore,
234 349 327 399 claudus
341 347 520 411 sustentatione,
531 360 617 412 pauper
630 347 723 399 divitiis.
733 349 792 412 Ergo
805 347 920 400 inconve-

117 422 207 476 nienter
220 421 334 487 predicte
348 420 498 485 eleemosynae
516 426 685 472 enumerantur.

149 499 173 544 ³
187 496 314 554 Preterea,
328 493 382 543 dare
396 493 564 557 eleemosynam
576 494 612 543 est
619 495 684 542 actus
698 491 861 544 misericordie
874 493 919 558 (l).

115 565 161 618 Sed
171 565 283 629 corrigere
296 563 465 628 delinquentem
479 563 551 628 magis
563 564 653 614 uidetur
665 565 693 615 ad
707 564 856 615 severitatem
868 578 921 628 per·

117 637 204 699 dcere,
221 635 289 700 quim
309 637 336 686 ad
358 635 544 686 misericordiam
559 636 619 699 firgo
639 649 686 686 nun
705 635 772 686 debet
788 637 921 700 computari
985 637 987 703 ᾖ

118 709 179 759 inter
192 707 320 773 spirituales
331 707 498 773 eleemosynas
985 706 987 771 ᾗ

136 782 174 830 i
194 782 319 846 preterea,
337 779 481 843 eleemosyna
499 778 616 830 ordinatur
632 777 660 828 ad
685 778 867 828 subveniendum
884 780 923 829 de
985 775 987 849 l

120 851 200 902 fectui.
219 851 263 903 Sed
277 850 352 902 nullus
366 854 401 901 esd
416 853 485 902 bomo
499 849 539 914 qui
550 850 665 901 mserum
674 848 809 912 ignorantie
820 863 869 900 nun
881 863 923 914 pa·

119 924 191 974 tistur
203 925 227 974 ia
242 923 363 986 aliquibus.
378 924 437 986 Ergo
453 922 544 974 ridetur
559 921 619 986 qudd
635 921 731 984 quilibet
748 921 830 972 debeat
839 922 923 973 desere

121 995 258 1060 quemlibet,
274 995 294 1045 si
308 993 397 1058 ignoret
409 994 433 1044 id
446 995 506 1056 quod
516 993 567 1059 ipse
581 993 634 1044 scit.

153 1068 197 1118 Sed
212 1070 291 1118 contra
301 1070 344 1127 est,
359 1065 419 1130 qnod
427 1065 548 1128 Gregorius
558 1065 614 1117 dicit
621 1065 646 1115 in
655 1066 751 1130 quadam
761 1064 859 1116 Humilia
871 1065 923 1130 (ῆι

123 1156 137 1187 u
151 1139 241 1190 liabens
253 1137 392 1188 intellectum
398 1174 406 1200 ,
416 1140 481 1187 curet
493 1138 585 1187 omnino
598 1151 629 1199 ne
642 1140 728 1199 taceat3
741 1136 829 1186 babens
846 1149 924 1188 rerum

122 1209 274 1272 affluentiam,
293 1208 372 1271 vigilet
396 1221 425 1258 ne
448 1207 461 1257 t
487 1207 646 1260 misericordiae
665 1209 770 1271 largitate
793 1211 922 1273 torpescat3

123 1281 209 1332 babens
221 1281 306 1339 artem,
318 1291 363 1346 qua
376 1279 471 1342 regitur,
486 1279 624 1344 magnopere
636 1281 726 1330 studeat
739 1284 764 1329 ut
774 1293 842 1328 usurn
854 1283 924 1343 atque

123 1351 244 1402 utilitatem
253 1349 313 1400 illius
322 1357 373 1400 curu
387 1349 490 1414 proximo
503 1351 625 1416 partiatum
635 1352 721 1402 babens
730 1350 838 1413 loquendi
848 1351 923 1400 locum

124 1421 184 1486 apud
201 1420 308 1482 divitem,
321 1421 490 1472 damnationem
500 1435 542 1485 pro
553 1427 639 1474 retentu
648 1423 734 1472 talento
743 1421 831 1485 timeat,
842 1422 862 1472 si
872 1436 924 1474 com
985 1420 987 1443 ¹

124 1495 200 1544 ualeat
212 1507 257 1543 non
268 1494 329 1558 apud
349 1507 401 1544 euro
414 1507 456 1558 pro
468 1494 607 1559 pauperibus
621 1494 755 1544 intercedet.
767 1510 781 1541 »
792 1495 850 1555 tlrpu
860 1507 923 1556 pru-

124 1564 192 1617 dicte
202 1565 353 1630 eleemosynas
367 1565 528 1616 convenienter
537 1565 705 1630 distinguuntur
718 1565 845 1616 secandum
858 1577 886 1615 ea
899 1563 923 1614 in

126 1637 208 1702 quibus
220 1636 325 1688 homines
336 1637 450 1688 abundant
462 1640 486 1687 et
494 1636 610 1688 deficiunt.

157 1709 167 1774 (
175 1709 319 1760 Concnusro.
334 1735 364 1746 -
378 1709 469 1773 Septem
481 1711 534 1761 sunt
547 1708 706 1760 misericordie
720 1720 800 1772 opere,
813 1719 855 1759 seu
874 1721 925 1759 cor-

125 1781 213 1847 porales
227 1781 391 1847 elemosyne,
403 1780 593 1844 incorporalibus
605 1780 731 1832 defectibus
742 1779 852 1844 proximis
860 1779 925 1830 exbi-

126 1853 212 1919 benda,
228 1858 250 1904 et
264 1853 359 1904 totidem
377 1851 501 1918 spiritualis
517 1853 668 1918 eleemosynae
685 1865 769 1916 genera
782 1852 807 1902 in
818 1851 925 1916 spiritua-

126 1923 185 1975 libus
196 1923 319 1975 defectibus
328 1925 481 1986 exbibenda.)

158 1994 292 2060 Respondeo
312 1995 446 2060 dicendum,
459 1995 519 2060 qubd
538 1995 646 2060 predicta
666 1995 864 2059 eleemosynarum
881 1995 927 2046 dis·

127 2066 208 2118 tinctio
219 2067 380 2119 convenienter
392 2068 487 2118 sumitur
496 2068 620 2118 secundum
630 2066 925 2130 diuersosdefectusproxi·
985 2102 986 2105 η

126 2151 214 2190 morum
229 2154 235 2186 ι
250 2153 346 2202 quorum
361 2139 451 2202 quidam
464 2142 518 2190 sunt
534 2152 563 2189 ex
573 2142 636 2202 parte
651 2138 778 2202 aoimae‚ad
793 2152 852 2201 quos
869 2140 928 2190 ordi-
985 2168 986 2203 3

128 2213 211 2260 uantur
221 2209 350 2274 spirituales
363 2211 529 2276 eleemospse3
539 2210 632 2273 quidam
642 2209 695 2260 verb
707 2213 806 2274 exparte
816 2210 926 2274 corporis,
985 2246 986 2249 η

127 2282 156 2332 ad
177 2295 235 2346 quos
251 2281 383 2332 ordinantur
405 2282 556 2347 eleemospoae
580 2282 716 2346 corporales.
737 2282 846 2334 Defectus
867 2282 928 2334 enirn

127 2351 249 2418 corporalis
258 2355 294 2404 est
302 2352 328 2404 in
339 2353 384 2404 rita
393 2393 399 2414 ,
409 2358 448 2404 aut
459 2357 494 2404 est
502 2357 554 2418 post
562 2352 642 2404 vitam.
652 2353 676 2402 Si
686 2353 778 2417 quidem
789 2356 827 2404 est
834 2353 861 2404 in
870 2354 926 2418 uita,

128 2427 167 2476 aut
181 2429 216 2476 cst
236 2424 363 2476 communis
376 2425 477 2477 defectus
490 2430 597 2490 respectu
611 2438 688 2476 eorum
705 2425 786 2489 quibus
801 2438 882 2478 omnes
894 2425 929 2476 iu·

161 2582 192 2649 (1)
209 2587 260 2634 sire
274 2599 335 2646 opor
343 2577 532 2636 misericordior,
541 2586 823 2646 ntlfegfetor,Seoteot.‚
833 2586 876 2632 lib.
886 2589 928 2645 tv,
985 2574 987 2636 i

129 2649 183 2758 ditet.
197 2648 327 2758 stt,
250 2649 286 2696 lit.
297 2651 327 2710 d,
346 2649 370 2694 id
384 2653 420 2696 est
432 2647 490 2713 53,
507 2654 584 2710 voest,
597 2654 622 2696 et
631 2661 662 2702 ex
681 2651 774 2699 nomine
792 2651 843 2708 ipso
855 2655 930 2709 pstor,

129 2725 145 2758 n
163 2724 218 2769 supr

164 2782 195 2845 (i)
207 2783 297 2830 Scrlrcet
304 2782 380 2827 lxm
389 2783 496 2842 Eouop„
506 2784 547 2830 ubi
556 2785 645 2832 talenta
656 2785 729 2832 serris
738 2784 752 2831 d
762 2783 929 2844 patrefamilias

130 2847 184 2894 dats
198 2845 298 2905 explicat
311 2844 390 2892 versis
401 2845 478 2892 finem.
985 2863 987 2879 ·
