1992 3317
132 138 178 183 262
266 144 373 181 1111111111
389 143 519 187 secunus,
538 140 630 185 ounsr.
648 140 764 189 111,111.
783 140 800 177 1.

132 221 251 271 terminata
269 218 358 281 species
377 216 517 267 infidelitatis
535 232 540 265 τ
558 217 619 280 quod
638 228 683 265 non
698 214 787 263 videtur
807 216 938 265 secundum

131 291 244 354 predicta.
257 291 308 339 Non
319 302 372 351 ergo
382 289 494 351 apostasia
509 288 536 336 ad
550 286 707 336 intldelitatem
721 285 829 348 pertinet.

162 362 206 410 Sed
219 362 295 409 contra
305 364 349 420 est,
361 359 420 422 quod
431 359 514 407 dicitur
524 358 606 417 loon,
617 354 661 405 lll:
674 372 687 402 u
696 355 759 404 llulti
768 355 939 418 discipulorum

132 432 183 494 ejus
197 430 299 480 abierunt
314 433 394 480 retro:
411 444 425 475 n
440 429 500 491 quod
514 432 549 478 est
561 429 700 490 apostatare,
716 426 744 475 tle
763 426 853 489 quibus
868 441 942 492 supra

132 503 219 550 dixerat
232 501 340 551 ltonrinns
352 516 357 548 ε
370 501 450 549 «Sunt
460 500 551 562 quidam
565 512 594 547 ex
607 496 686 560 vohis,
698 496 737 559 qni
748 508 795 546 non
804 496 911 549 credent.
924 516 938 545 »

131 573 189 633 Ergo
203 572 317 634 apostasia
332 572 431 634 pertinet
449 570 477 620 ad
493 569 659 619 infidelitatem.

167 643 327 702 (Couccusro.
340 638 794 705 -1111111111111111111111,11111111
807 639 852 690 fide
865 644 943 691 retro·

132 712 205 775 cedit,
218 712 247 761 ad
266 710 367 775 speciem
384 710 483 773 pertinet
500 709 652 771 infidelitatis,
666 722 712 759 non
728 712 805 759 11111111
821 710 943 773 apostasia

132 784 160 833 ab
176 783 268 844 ordine,
286 782 323 832 uel
336 782 472 846 religione.)

163 856 297 918 Respoudco
311 854 444 915 dicendum,
459 854 520 917 qnod
534 853 647 917 apostasia
661 852 769 914 importat
786 854 942 904 retrocessio-

132 939 184 975 nem
200 927 320 989 quamdam
337 925 415 976 dlteo.
432 927 486 984 Qua
500 924 591 989 quidem
605 922 756 974 diversimode
770 922 795 971 nt
808 924 940 975 secuudum

133 997 235 1048 diuersos
248 997 328 1047 modos
339 997 420 1061 quihus
431 998 500 1047 hono
514 998 560 1045 ltco
573 994 719 1059 conjungitur
729 1009 735 1042 ι
746 992 820 1057 primo
835 1008 943 1060 namque

133 1070 277 1133 conjungitur
295 1071 364 1119 tromo
385 1071 435 1118 Deo
456 1082 497 1132 per
518 1069 600 1131 tidem3
613 1068 712 1117 secundo
734 1078 775 1131 per
790 1066 895 1117 debitam
916 1074 941 1119 et

132 1140 256 1203 subjectam
270 1141 412 1189 uoluntatem
428 1140 457 1188 ad
476 1136 627 1189 obediendum
646 1137 765 1202 praeceptis
781 1136 849 1201 ejus3
871 1140 940 1190 tertio

132 1226 174 1275 per
192 1212 267 1274 aliqum
283 1210 391 1273 specialia
403 1210 433 1259 ad
446 1208 643 1273 superogationena
657 1207 810 1273 pertinentia,
821 1207 885 1259 sicut
898 1224 941 1276 per

132 1282 277 1345 religionem,
296 1284 320 1331 et
340 1279 511 1343 clericaturam,
533 1282 571 1330 vel
591 1293 678 1331 sacrum
701 1279 813 1331 ordinem.
839 1282 943 1335 lintoolo

132 1356 208 1402 autern
221 1352 338 1415 posteriori
351 1357 452 1403 remanet
464 1354 540 1416 prius,
552 1353 591 1403 sed
604 1364 648 1401 uon
657 1352 805 1401 convertitur.
815 1351 941 1418 Contingit

131 1436 185 1484 ergo
199 1422 297 1485 aliquem
311 1427 436 1487 apostatare
450 1421 464 1473 1
477 1425 527 1475 Deo
542 1422 703 1474 retrocedendo
714 1422 728 1471 l
739 1422 851 1485 religione
867 1440 939 1488 quam

133 1494 250 1555 protessus
266 1498 315 1557 est,
333 1496 373 1544 uel
387 1495 414 1544 ab
428 1495 506 1545 ordine
523 1508 591 1558 quem
608 1494 709 1557 suscepit
724 1509 730 1543 ε
745 1496 769 1543 11
787 1495 839 1545 haec
853 1495 940 1545 dicitur
989 1536 990 1541 ,

133 1579 147 1609 n
162 1565 277 1627 apostasia
288 1566 403 1630 religionis
418 1579 458 1616 seu
473 1566 570 1615 ordinis.
584 1582 597 1613 u
613 1564 732 1627 Contingit
745 1564 816 1613 etiam
833 1565 938 1629 aliquem
989 1550 990 1626 l

132 1639 259 1698 apostatare
272 1636 286 1687 l
299 1638 345 1688 lleo
365 1649 405 1701 per
419 1640 517 1686 mentem
535 1638 699 1699 repugnantem
712 1634 797 1685 diuinis
810 1638 941 1689 mandatis.

133 1708 218 1764 Quibus
233 1709 320 1759 duabus
333 1708 453 1772 apostasiis
466 1708 630 1767 existentibus,
640 1706 714 1756 adhuc
727 1708 802 1769 potest
815 1718 939 1760 remanere

133 1780 201 1830 tromo
219 1780 265 1829 llco
283 1779 419 1843 conjunctus
433 1792 475 1841 pcr
484 1779 562 1828 tidem.
577 1779 621 1827 Sed
632 1777 651 1827 si
665 1776 679 1826 a
692 1776 736 1826 tide
751 1775 866 1838 discedat,
882 1782 940 1830 turre

133 1850 227 1899 omnino
240 1848 253 1898 l
266 1852 313 1900 lleo
326 1851 466 1901 retrocedere
480 1849 577 1899 videtur.
594 1850 621 1897 Et
635 1848 686 1898 ideo
700 1846 835 1911 simpliciter
852 1854 877 1899 et
896 1852 940 1901 ab·

133 1918 207 1970 soluti
221 1924 256 1969 est
274 1920 385 1983 apostasia
397 1933 438 1983 per
451 1934 519 1983 quam
533 1919 614 1983 aliquis
628 1918 723 1970 discedit
736 1917 749 1966 1
763 1916 822 1979 tide,
834 1932 887 1983 qum
898 1936 941 1971 ro·
988 1968 989 1977 ,

132 1994 196 2039 catur
211 1993 352 2053 «apostasia
364 1992 495 2056 pertidia.»
510 1992 538 2041 Et
555 1990 677 2041 secuudum
691 1991 751 2039 hunc
765 1990 859 2041 modum
877 2005 941 2056 apo-
988 1982 989 2033 l

133 2062 202 2111 snsia
215 2061 348 2125 simpliciter
361 2062 462 2113 dictand
476 2061 635 2114 infidelitatem
651 2060 759 2124 pertinet.

163 2135 197 2183 ild
213 2133 312 2197 primurn
329 2147 383 2197 crgo
397 2134 532 2195 dicendum,
546 2132 607 2197 qudd
620 2132 718 2197 objectio
734 2132 773 2182 illa
786 2132 892 2195 procedit
912 2136 940 2185 de

132 2204 231 2254 secunda
246 2204 375 2268 apostasia,
389 2219 440 2268 qua
458 2205 566 2270 importat
582 2205 722 2255 voluntatem
737 2202 944 2255 111111111111111111Ι

132 2273 284 2337 resilientem,
298 2289 350 2339 que
363 2275 514 2327 111111111111
526 2276 588 2327 omni
599 2278 696 2340 peccato
707 2274 807 2325 mortali.

162 2346 195 2395 ttd
209 2347 333 2396 secundum
345 2346 477 2405 dicendum,
490 2346 551 2409 quot
565 2347 593 2396 ad
605 2347 670 2397 tidem
685 2345 783 2409 pertinet
796 2357 844 2397 uon
855 2346 934 2397 sulum
987 2366 988 2407 g

131 2417 252 2467 credulitas
272 2417 358 2480 cordis,
378 2419 417 2469 sed
438 2418 507 2477 etiam
528 2417 660 2481 protestatio
676 2415 790 2480 interioris
813 2416 866 2467 lldci
885 2432 933 2481 per
987 2410 988 2435 ¹

132 2489 245 2539 exteriora
257 2489 326 2539 uerba
338 2492 361 2539 11
374 2488 433 2539 lacta
443 2506 450 2552 3
460 2502 514 2538 nanu
525 2488 637 2539 confessio
651 2492 687 2539 est
699 2491 763 2538 actus
775 2486 839 2538 fidei.
851 2489 879 2537 Et
892 2502 937 2551 per

133 2562 194 2609 lrunc
212 2559 281 2610 etiam
295 2561 386 2610 modum
399 2560 503 2623 quadarn
517 2560 627 2610 exteriora
641 2560 709 2609 verba
722 2558 759 2607 vel
773 2570 844 2622 opera
857 2558 886 2608 ad
900 2559 942 2608 in·

133 2631 265 2682 tidelitatcm
278 2631 406 2696 pertinent,
419 2631 565 2695 inquantum
578 2632 632 2681 sunt
644 2628 784 2680 infidelitatis
798 2629 877 2695 signa,
893 2645 938 2695 per

133 2704 223 2752 modum
237 2702 298 2767 qurdd
311 2703 399 2767 signum
411 2702 514 2753 sanitatis
528 2716 608 2752 saurim
622 2700 709 2751 dicitur.
719 2698 846 2751 Auctoritas
858 2705 937 2752 aulem

133 2773 226 2824 inducta
234 2774 276 2826 etsi
285 2774 358 2839 possit
368 2773 463 2836 intelligi
482 2771 936 2838 11111111111111111111111111111111111111

133 2846 244 2909 contingit
257 2844 391 2910 apostasiam
405 2843 418 2892 1
432 2844 484 2893 lide.
501 2844 557 2901 Qiiia
569 2844 627 2895 onim
644 2846 700 2895 sudes
715 2846 749 2893 est
764 2842 864 2907 primum
879 2846 938 2897 lun·
986 2818 987 2847 ¹
