1992 3317
117 155 149 192 DE
163 149 346 194 mmmm
362 155 387 193 nn
401 153 477 193 ΕΙΗ.
488 154 526 194 ’Π
535 154 636 196 imin.
650 155 760 195 oonnnttt.
793 145 840 194 Μ

34 225 210 294 intelligendum
221 231 249 282 de
268 230 432 297 negotiatione,
447 232 573 284 seeundum
584 231 646 298 quiri
658 233 763 284 ιιιιιιιιιιι
771 232 842 283 tinem

35 297 58 348 in
78 300 144 352 luero
161 303 294 367 eonstitoit3
315 304 374 366 qnod
393 303 508 370 praeoipub
528 304 633 365 uidetur,
652 304 743 369 nennio
762 302 846 368 aliquis

35 382 84 423 rem
98 385 147 423 non
164 375 273 424 mutatam
287 373 361 426 eunibs
377 373 457 428 rendit
468 401 470 409 ,
482 374 526 440 (t).
541 375 566 426 Si
585 374 644 427 enim
659 389 707 427 rem
719 375 745 425 iu
762 374 846 426 metius

36 447 149 494 mutatum
159 444 234 496 ornis
243 447 342 511 vendat,
352 446 444 497 uidetur
452 446 574 511 premium
586 446 623 497 sui
632 447 716 499 laboris
729 445 843 511 eeeipene3

36 515 145 576 quemvis
158 520 183 567 et
194 517 271 581 ipsum
284 519 371 568 luorum
381 518 456 583 possit
468 515 531 570 lioitb
542 517 644 583 intendi,
656 531 704 569 nou
718 517 778 569 sieut
791 517 845 569 ulti·

36 599 87 637 mus
102 588 170 650 finis,
181 589 223 640 seri
236 592 329 653 propter
337 588 406 640 ulium
416 589 485 642 finem
495 590 649 642 neeeesmum
660 589 697 641 rel
711 591 841 652 honestum,

36 662 60 708 nt
75 660 225 712 dietum-est.
637 698 639 701 -

68 732 102 781 ιιι
120 733 245 782 secuudum
255 733 383 798 dicendum,
395 733 455 798 quid
469 745 516 785 non
526 734 664 799 quicumque
677 733 753 785 earibs
762 733 845 784 rendit

36 801 127 865 aliquid
140 802 207 866 onim
217 803 307 868 emerit,
319 805 457 869 negotiatur,
468 805 509 856 sed
523 804 598 857 eoibm
607 803 648 869 qui
659 805 688 855 ιιι
695 806 742 856 boe
753 804 809 855 emit
817 807 844 855 ut

36 873 112 926 euribs
127 875 219 926 vendut.
235 875 260 925 Si
274 879 350 928 notem
362 877 419 926 emit
432 889 496 940 rem,
512 890 559 927 non
571 880 597 927 ut
607 877 703 940 vendet,
718 878 759 928 sed
773 879 799 927 ut
808 879 845 928 te-

37 951 107 1010 nent,
129 950 152 996 et
169 949 313 1011 postmodnm
337 954 431 1014 propter
446 948 545 1014 ntiquom
564 961 656 1000 eausam
676 961 727 999 eom
743 947 845 1000 ueniere

36 1019 104 1081 uelit,
120 1023 214 1070 nonest
231 1019 363 1083 negotiatio,
376 1019 480 1084 quumvis
490 1019 567 1070 euribe
581 1021 675 1072 veniet.
689 1023 772 1071 Potest
783 1020 845 1070 enim

36 1091 80 1142 boo
98 1090 163 1142 iioitb
181 1091 263 1153 iamne,
275 1093 313 1143 vel
325 1092 378 1156 quia
392 1091 417 1142 in
433 1091 509 1156 aliquo
521 1106 569 1144 rem
580 1091 725 1154 melioravit,
738 1092 776 1143 ret
791 1091 846 1157 quie

36 1163 138 1225 pretinm
150 1162 184 1214 rei
194 1167 230 1214 est
242 1166 355 1215 mutatum
368 1162 494 1216 seeundum
507 1163 663 1215 ιιιιιειιιιειιι
679 1164 722 1216 toei
737 1163 774 1214 rel
785 1167 845 1214 tem·
891 1203 896 1207 .

36 1235 115 1298 ponis,
126 1234 163 1285 ret
173 1237 266 1300 propter
277 1234 402 1300 perieulum
414 1236 452 1286 eoi
464 1247 489 1286 se
500 1236 612 1300 exponit,
623 1236 786 1287 transferendo
797 1249 846 1287 rem

37 1305 65 1354 de
82 1306 135 1357 loeo
153 1307 181 1356 ad
194 1307 283 1368 loenrn,
298 1307 336 1357 rel
353 1319 403 1358 eam
417 1306 472 1358 iorni
483 1306 599 1360 iaciendo.
613 1308 643 1359 tit
660 1306 789 1359 seeundbm
803 1309 846 1358 boe

37 1390 82 1427 nee
101 1375 189 1441 emptib
202 1389 244 1428 nee
257 1377 360 1430 venditio
369 1381 406 1428 est
417 1377 517 1442 injuste.

69 1449 106 1500 Ati
121 1449 216 1500 tertium
225 1449 357 1513 dicendum,
373 1449 434 1515 quiri
445 1451 524 1502 cleriei
534 1465 582 1502 non
594 1451 669 1504 solium
680 1452 765 1504 debent
775 1451 847 1502 abeti-

36 1533 94 1572 nere
113 1521 142 1571 ab
160 1521 198 1572 bis
213 1535 264 1586 qum
282 1526 335 1572 snut
350 1522 475 1574 secondom
495 1536 521 1574 se
534 1524 609 1584 inuia,
625 1524 665 1574 sed
679 1523 747 1573 etium
766 1523 795 1573 ab
811 1525 847 1575 bis

36 1607 91 1656 quae
110 1593 196 1644 babent
205 1593 304 1658 speeiem
320 1593 382 1644 mali.
397 1594 461 1652 Quod
477 1594 570 1658 quidem
586 1595 610 1643 in
624 1593 779 1657 negotiatione
791 1607 847 1645 eon-

36 1663 117 1728 tiogit,
129 1667 178 1714 tum
189 1668 281 1730 propter
290 1666 334 1716 boo
343 1664 403 1729 quod
417 1667 453 1716 est
465 1665 569 1715 ordinatu
578 1666 607 1714 ed
622 1664 711 1714 luorum
721 1667 847 1730 terrenum,

36 1737 108 1800 cnjus
128 1735 206 1786 cleriei
227 1737 310 1788 debent
327 1749 380 1788 esse
395 1739 581 1800 wntomptoree,
594 1739 644 1786 tum
663 1736 732 1786 etium
754 1740 848 1801 propter

35 1807 170 1871 frequentin
189 1807 355 1872 negotiatorum
371 1808 443 1870 ritiu,
457 1807 512 1872 quia
531 1807 682 1858 «difficulter
700 1806 792 1860 exuitur
804 1821 846 1859 ne·

36 1879 138 1942 gotiator
153 1878 277 1943 bpeoeutis
292 1880 414 1943 lubiorum,
429 1895 443 1928 o
457 1882 484 1930 ut
494 1878 578 1930 dieitur
595 1878 695 1935 broten,
709 1878 788 1930 xxvi.
803 1879 847 1930 liet

36 1955 62 2000 et
73 1950 121 2000 alie
131 1964 218 2002 consa:
233 1951 287 2014 quin
303 1951 425 2015 negotiatio
438 1950 508 2001 nimie
521 1949 625 2015 implicet
639 1950 739 2000 ιιιιιιιιιιιιι
749 1950 846 2001 sesnin·

35 2024 105 2074 ribus
116 2022 184 2085 euris,
202 2027 227 2074 et
237 2035 278 2086 per
294 2022 466 2087 consequensi
483 2021 640 2088 spiritualibus
657 2023 759 2074 retranit.
781 2022 846 2073 Unde

35 2099 62 2147 et
79 2095 203 2158 Apostolus
219 2094 274 2146 dicit
292 2095 313 2144 ιι
326 2095 362 2146 ad
382 2094 499 2152 remoti„
512 2095 532 2145 ιι
546 2110 553 2145 ι
570 2095 667 2145 «Nemo
683 2092 785 2144 militans
797 2094 845 2144 beo

35 2166 145 2230 implicui
165 2177 191 2216 se
215 2165 314 2230 negotiis
329 2166 484 2218 serentibus.
502 2166 596 2217 »Licet
613 2170 689 2216 temen
704 2164 792 2216 noricis
811 2165 846 2216 uti

34 2235 115 2302 pmmt
132 2237 316 2288 commutationis
328 2237 422 2302 speeie,
436 2251 486 2302 que
501 2237 620 2289 ordinetur
639 2238 668 2295 ed
684 2237 846 2288 nenessitatem

35 2309 110 2371 vite,
131 2309 226 2360 emente
239 2308 277 2359 rel
289 2310 417 2360 vendendo.

873 2383 888 2419 f

73 2436 106 2498 (1)
122 2438 186 2487 sieut
196 2437 236 2494 qui
247 2449 298 2483 uem
307 2445 436 2498 comburet,
448 2451 495 2484 non
508 2444 535 2484 ut
544 2439 619 2496 iprum
627 2450 678 2484 rem
687 2438 803 2495 integrum
818 2443 843 2483 et

34 2503 188 2547 immutatum
202 2499 302 2560 vendet,
313 2501 355 2546 sed
367 2507 392 2548 ut
403 2513 462 2559 opus
475 2501 546 2547 ierint
558 2513 587 2546 ex
599 2514 641 2560 ee,
654 2501 710 2558 quie
722 2513 773 2547 nen
793 2512 842 2546 non

34 2565 115 2622 ipsum
136 2563 227 2621 rendit,
244 2564 285 2609 sed
306 2563 379 2621 magis
395 2563 518 2609 untiiioium
531 2576 613 2618 euurn;
628 2564 677 2609 rire
690 2575 740 2608 rem
762 2563 841 2609 rendit

33 2629 105 2684 cujus
120 2627 242 2672 aestimntio
253 2631 347 2671 nonest
360 2626 383 2671 iu
397 2627 534 2687 enipeum,
549 2626 627 2672 sedin
641 2626 718 2682 operis
732 2623 841 2685 urtiiieio,

33 2691 70 2736 uit
84 2689 174 2735 ibidem
186 2689 375 2746 chrysostomus,
394 2689 430 2734 rel
448 2690 492 2734 rub
511 2689 606 2743 nomine
625 2689 725 2735 ascititio
739 2688 845 2746 obuer-

34 2753 109 2800 etomi
116 2785 124 2814 ‚
135 2757 218 2800 nuetor
231 2753 307 2812 operis
316 2751 457 2812 imperteett,
469 2751 557 2800 Homit.
567 2751 684 2798 milli
693 2752 718 2797 in
730 2748 815 2798 Uetti.

708 2935 790 3033 w.
