1992 3317
284 171 317 210 ox
333 157 469 210 ¹terrereris
482 169 634 210 cmxrrxrrs.
773 201 776 207 .
815 163 860 210 ott

61 260 108 299 non
129 248 189 300 enlm
211 247 271 300 reale
291 248 403 312 curritur,
420 248 441 298 si
460 247 506 312 qud
525 249 659 300 ornandum
679 251 716 300 est
738 247 859 303 nesciatur.

61 321 178 380 Quomodo
197 323 272 371 antem
285 319 393 384 noiretnr,
407 321 429 370 si
447 319 515 370 nullis
527 320 649 404 proneptis
661 317 831 372 ostenderetur?

348 499 510 553 adaleodus
526 499 577 553 Vll.

64 625 150 671 Uterim
165 623 331 670 convenienter
341 625 412 671 deine
418 627 561 682 preceptum
575 623 603 669 de
612 623 736 670 dilectione
750 622 861 682 proxim.

93 752 127 802 nd
135 750 257 816 septimum
266 750 300 801 sie
308 751 437 815 proceditur
442 750 489 817 (t).
500 750 594 800 Videtur
604 749 666 814 qndd
672 751 862 802 inconvenienter

61 825 129 875 detnr
142 825 282 888 praeoeptnm
296 823 324 872 de
339 821 460 873 ddedione
473 821 579 886 proximi.
596 821 689 871 liileetio
706 821 767 872 onim
786 822 860 872 chari·

61 895 115 945 tatis
126 895 154 945 ad
165 905 244 944 omnes
251 893 357 944 domines
367 893 505 954 extenditur,
517 893 586 942 etiam
597 893 624 942 ad
633 891 750 956 inimicos,
762 896 787 943 ut
796 897 859 958 patet

61 968 167 1026 linitio„
180 966 209 1016 V.
224 965 268 1016 Sed
284 976 368 1016 nomen
383 964 482 1030 proximi
504 964 610 1030 importat
624 965 743 1028 quamdam
763 966 860 1029 propin-

61 1038 250 1103 spiritalemque
265 1050 311 1087 non
325 1037 417 1088 videtur
434 1033 514 1088 haberi
532 1036 561 1086 ad
577 1041 655 1086 omnes
670 1033 782 1086 homines.
800 1037 860 1100 Ergo

59 1111 150 1162 videtin
164 1109 225 1174 quod
236 1108 425 1160 inconvenienter
433 1111 498 1160 detur
510 1109 554 1160 hoe
562 1110 711 1174 ¹praeoptare.

89 1189 115 1233 Ξ.
130 1184 243 1233 Praier‘m
254 1181 396 1244 ,seeunddm
410 1181 575 1246 Philosophum
587 1181 611 1230 in
624 1181 654 1232 lx
667 1178 762 1238 didio„
779 1196 793 1228 «
804 1181 861 1231 ami-

57 1255 140 1306 cabilia
155 1258 274 1318 quesnel
295 1254 324 1304 ad
340 1255 452 1317 alterum
464 1256 581 1305 nexerunt
597 1265 625 1304 ex
641 1251 796 1306 amicabilibus
809 1265 859 1317 qao

57 1331 112 1379 sunt
125 1327 153 1376 ad
168 1325 284 1390 seipsum3
299 1338 354 1377 oex
364 1337 408 1390 qno
419 1325 510 1377 videtur
519 1323 580 1388 quod
589 1324 685 1386 ¹dileetio
696 1321 732 1374 sai
746 1323 819 1388 ipsius
830 1323 860 1376 sit

56 1397 195 1463 prioeipinm
208 1397 335 1448 dilectionis
350 1397 456 1462 proximi.
471 1397 516 1448 Sed
535 1395 672 1461 principium
686 1395 762 1460 potins
779 1399 815 1447 est
832 1409 859 1448 eo

56 1471 118 1536 quod
131 1471 210 1520 estex
226 1469 347 1534 principio.
365 1469 426 1533 Ergo
444 1481 492 1520 non
513 1467 580 1520 debet
593 1468 661 1518 domo
676 1467 770 1532 diligere
783 1468 860 1533 proxi·

56 1556 121 1593 mum
134 1541 193 1592 siem
206 1541 317 1607 seipsum

88 1620 112 1664 3.
128 1615 252 1678 Praterea,
267 1615 336 1665 homo
355 1612 544 1678 seipsomdilipit
566 1611 712 1672 naturaliter,
722 1624 768 1662 non
785 1613 860 1661 antem

55 1685 194 1752 proximum.
209 1685 461 1749 lnoonvenienterergo
477 1685 597 1736 mandatur
617 1682 678 1778 qudd
695 1685 763 1733 homo
782 1681 861 1744 diligat

55 1757 187 1822 proximum
204 1757 263 1808 ment
275 1756 385 1821 seipsum.

87 1829 135 1878 Sed
148 1830 226 1877 eontra
242 1831 289 1890 est,
303 1827 364 1891 qnod
384 1827 465 1878 dieitur
477 1826 582 1888 notin„
595 1827 678 1878 Xllll:
696 1841 710 1874 d
729 1825 861 1876 Secundum

55 1903 198 1965 proseptum
217 1902 254 1950 est
275 1898 350 1950 simile
370 1898 453 1948 linio:
468 1894 552 1962 diliges
569 1897 699 1962 proximum
719 1900 784 1947 inum
803 1896 862 1947 sient

54 1972 193 2038 teipsam.»

88 2045 251 2110 (cormesio.
259 2071 291 2082 —
298 2044 382 2095 Prater
393 2041 592 2104 lioidileotionem‚
602 2039 765 2106 convenienter
771 2042 861 2092 homini

55 2118 191 2168 mandatnm
207 2115 268 2179 luit,
282 2119 307 2166 nt
325 2116 453 2180 proximum
466 2127 533 2165 snum
546 2111 604 2164 siem
620 2113 726 2178 seipsum*
742 2111 860 2178 diligeret,

54 2191 78 2241 id
93 2191 132 2241 est
149 2188 246 2252 sared,
259 2187 320 2252 inste
333 2191 358 2238 et
365 2186 501 2250 veraciter.)

87 2261 226 2324 Respondeo
240 2259 376 2323 meandum,
392 2259 454 2324 qudd
474 2260 518 2309 lioo
539 2260 676 2322 preceptum
698 2257 862 2308 convenienter

55 2335 164 2386 traditur.
178 2333 290 2396 Tangitur
301 2331 362 2384 enim
374 2331 399 2382 io
410 2345 447 2396 eo,
461 2335 484 2382 et
498 2331 607 2394 diligendi
619 2331 687 2394 ratio,
698 2333 722 2380 el
733 2329 862 2382 dilectionis

55 2406 150 2458 modus.
164 2402 232 2454 italio
239 2402 333 2468 quidem
344 2401 451 2467 diligendi
463 2399 581 2467 tangitur,
594 2411 623 2452 ex
636 2415 664 2452 eo
675 2401 735 2465 qndd
745 2401 863 2466 proximus

55 2476 202 2540 nominatum
215 2478 309 2540 propter
328 2474 452 2527 nonenim
470 2487 499 2524 ex
517 2475 626 2524 charitate
642 2471 734 2536 diligere
753 2473 861 2523 debemus

54 2550 129 2630 alios,
144 2546 199 2610 quia
212 2550 266 2596 sunt
282 2545 349 2596 nobis
364 2545 476 2610 proximi,
492 2547 516 2596 et
531 2543 657 2596 secundiani
677 2543 802 2594 nnnrralem
818 2543 861 2595 liei

54 2619 181 2684 imaginem
197 2620 220 2669 et
233 2617 357 2670 secundnm
370 2618 520 2699 capacitatem
532 2617 618 2682 glorie.
637 2619 685 2668 Neo
699 2617 769 2669 refert
782 2615 858 2666 utrdm

86 2764 534 2827 ttinenisedmpoodtlt01v,nrt.
545 2762 586 2823 δδ,
599 2761 852 2818 adt-deltonem

54 2830 152 2949 ¹003?
145 2827 395 2888 Mmttpeoootat
404 2826 632 2888 missadedim·
626 2827 781 2889 ellipsin„
795 2795 862 2884 intr,
