1992 3317
117 78 163 130 ets
231 86 338 128 socom
351 85 481 140 cremon,
497 85 592 132 onnon
605 75 696 140 mum
708 85 762 126 sur.
776 87 805 125 rr.

117 168 166 218 tiva
182 166 240 230 legis
255 143 377 231 prohibent
391 168 455 215 notus
468 168 628 228 peccatorum,
641 165 675 214 itu
684 168 800 230 peropto
812 162 919 215 affirm-

117 237 164 289 tiva
173 239 281 288 inducunt
291 237 318 286 ad
327 238 391 286 uetus
401 237 517 294 uirtutum.
534 237 604 286 totos
612 239 689 286 sutem
700 239 847 300 peccatorum
858 239 920 288 unnt

116 307 240 361 secundum
253 321 276 357 se
290 307 359 370 mali,
372 311 395 358 et
410 307 471 358 nuito
489 309 556 358 modo
569 307 627 360 beot
642 307 692 358 fieri
703 312 811 371 possunt,
821 321 865 358 nec
875 307 923 357 oli·

118 393 163 442 quo
175 383 275 442 tompore
289 380 328 426 aut
342 377 401 439 loco,
415 377 470 440 quin
484 376 608 428 socundirm
620 391 645 428 se
660 381 714 428 sunt
726 377 845 441 conjuncti
858 378 922 428 nrclo

119 451 158 499 tini
165 487 174 513 ,
188 451 214 498 ot
229 447 310 498 dicitur
323 447 346 496 in
359 449 379 499 ii
393 447 492 510 Ettric.,·
505 453 529 499 et
542 447 594 500 ideo
609 453 725 514 precepta
740 447 849 512 negativa
863 448 924 500 obli-

119 525 173 582 gunt
187 529 277 582 semper
294 522 317 569 et
328 520 356 569 ad
371 532 468 584 semper.
486 519 530 570 Sed
545 524 610 570 aetus
626 519 736 575 virtutum
750 533 798 569 non
817 519 923 583 quotibet

117 591 183 642 inodo
197 591 351 656 istiusdem,
367 592 406 642 ssd
420 591 549 641 observatis
559 590 642 642 debitis
654 591 849 653 circumstantiis,
867 606 922 655 quas

115 663 260 727 requiruntur
273 661 302 714 ad
310 665 354 714 troo
363 661 422 727 qued
434 661 463 712 sit
476 665 542 714 actus
555 662 680 729 virtuosus,
690 666 717 712 ut
727 660 817 714 scilicet
828 663 869 712 [iat
880 663 923 718 ubi

117 734 195 795 debet,
207 739 230 784 et
242 735 331 798 quando
343 735 420 796 debet,
433 735 455 784 et
465 733 589 786 secundior
599 736 660 798 quod
672 733 749 785 debet.
758 735 786 783 Et
801 733 856 798 qnia
871 733 922 784 dis·

116 805 197 870 positio
216 819 294 856 eorum
307 821 357 870 quo
372 807 465 856 suntad
481 806 563 869 tinem,
572 805 696 859 attenditur
708 805 834 856 secundinus
848 806 920 858 ratio·

117 890 169 927 nem
186 878 252 940 inis,
265 877 290 928 in
303 877 353 928 istis
363 877 539 928 circumstantiis
553 877 650 929 virtuosi
666 876 732 928 actos
744 877 864 943 precipue
884 882 934 928 at„

117 950 230 1000 tendenda
246 955 280 1001 est
293 949 351 1000 ratio
368 947 434 1010 finis,
451 962 501 1014 qun
514 952 549 998 est
565 949 650 1005 bonum
665 949 766 1000 uitatis.
778 949 806 1000 si
818 963 877 1013 ergo
888 951 922 1000 sit

118 1016 192 1088 aliqua
212 1020 264 1076 telis
283 1021 375 1072 omissio
394 1021 492 1085 aiicujus
510 1021 685 1072 circumstantie
707 1021 765 1073 circa
790 1021 924 1073 ruinosum

118 1089 207 1158 cotum,
221 1107 272 1158 quse
285 1091 383 1142 totaliter
398 1091 462 1142 tollat
474 1092 558 1142 bonum
573 1091 677 1159 uirtutis,
696 1091 811 1144 hirsutus
824 1097 923 1144 contru-

118 1163 188 1214 ristur
202 1167 326 1228 precepto.
340 1163 366 1214 si
378 1167 455 1214 sutem
469 1164 500 1216 sit
515 1165 615 1216 deiectus
631 1160 726 1227 alicujus
741 1162 922 1226 oreumstantte

117 1249 168 1300 que
182 1249 228 1286 non
242 1234 339 1286 totaliter
357 1235 420 1284 tollat
438 1235 560 1299 virtutem,
575 1234 630 1288 ticet
644 1249 690 1286 non
704 1235 806 1300 perfecte
821 1238 921 1301 attingat

118 1307 146 1356 ad
159 1306 243 1356 honum
254 1303 361 1366 virtutis,
375 1319 420 1356 oon
435 1304 470 1364 est
483 1309 563 1357 eontra
579 1310 728 1371 preceptum.
741 1308 806 1357 Unde
821 1309 922 1365 etPiri-

117 1376 226 1440 losophus
240 1373 294 1426 dicit
306 1376 330 1425 in
344 1375 364 1426 11
378 1377 470 1434 utute..
492 1376 554 1440 quud
570 1377 682 1442 sipomnr
697 1378 827 1435 discedatur
845 1379 921 1433 ino

118 1446 169 1511 dio,
181 1451 273 1498 nonest
286 1453 365 1498 contra
377 1449 501 1511 uirtutem
515 1450 555 1499 sed
566 1449 586 1499 si
600 1448 697 1500 rnrrttirm
708 1450 856 1516 discedatur,
871 1465 923 1502 cor-

118 1518 230 1583 rumpitur
240 1519 312 1569 uirtus
320 1520 345 1570 in
358 1533 399 1570 sno
409 1523 468 1570 octo.
481 1519 681 1571 Correctioautenr
693 1520 792 1571 truterno
801 1523 924 1585 ordinatur

118 1591 146 1641 ad
159 1590 235 1641 fratris
254 1591 451 1655 emendationem
467 1596 490 1642 et
507 1591 558 1644 ideo
575 1594 620 1644 troo
638 1593 705 1644 modo
719 1592 779 1646 cudit
797 1595 842 1646 sub
858 1609 923 1660 pre-

119 1665 201 1726 cepto,
220 1662 341 1715 secundum
358 1661 417 1728 qood
431 1667 467 1714 est
483 1664 612 1717 necessaria
634 1665 662 1715 orl
678 1664 748 1715 istum
767 1664 858 1731 tinem,
874 1680 922 1720 non

119 1737 195 1785 autern
214 1735 245 1785 ita
258 1734 319 1799 qudd
334 1735 433 1798 quolibet
450 1735 501 1786 loco
519 1733 557 1786 uel
576 1738 679 1800 tempore
695 1735 765 1787 irater
781 1736 923 1802 delinquens

118 1805 251 1867 corrigatur.

127 1873 131 1878 '
152 1877 185 1925 td
198 1876 295 1942 primurn
307 1889 360 1940 ergo
370 1876 503 1940 dicendum
518 1877 577 1942 quod
592 1877 729 1928 incursibus
744 1878 811 1929 bonis
825 1880 924 1943 agundis

121 1947 222 2012 operatio
234 1947 332 1998 hominis
342 1961 388 1999 non
403 1952 438 2000 est
454 1949 544 2011 ottoni,
554 1949 599 2000 nisi
609 1949 668 2000 adsit
678 1949 789 2000 auxiium
800 1949 921 2017 divinum

120 2023 143 2070 et
159 2023 236 2069 tumen
253 2020 321 2070 horno
335 2020 401 2072 debet
413 2022 486 2072 fucere
496 2022 556 2086 quod
570 2021 595 2071 in
606 2035 630 2072 se
640 2024 684 2071 est.
697 2021 761 2071 Unde
775 2023 921 2086 Augustinus

121 2085 177 2138 dicit
190 2087 214 2137 in
224 2089 263 2140 tto.
273 2091 309 2139 De
317 2093 468 2142 correctione
480 2095 505 2142 et
517 2094 605 2156 pratia
615 2108 624 2142 .·
640 2091 795 2143 «Nesciuntes
805 2093 859 2157 quis
867 2109 922 2160 per·

119 2159 192 2210 tinent
202 2160 230 2211 ud
240 2161 451 2226 predestinatorum
465 2177 594 2226 numerum,
604 2168 628 2214 et
636 2164 687 2227 quis
695 2177 741 2214 non
751 2163 876 2228 pertineat,
887 2167 921 2218 sic
989 2186 991 2199 =

120 2229 180 2282 sonet
193 2232 423 2286 debemusoharitotis
431 2233 554 2297 affectunt
566 2249 645 2286 omnes
653 2235 749 2285 rotimus
757 2235 920 2297 sarisophorus

119 2304 149 2354 Et
162 2305 213 2354 ideo
226 2305 331 2356 omnibus
348 2305 456 2357 debemus
473 2302 579 2361 fraterne
599 2307 744 2370 correctionis
757 2306 859 2358 officium
877 2309 920 2361 inr-

119 2378 218 2440 pendere
232 2378 273 2428 suh
285 2391 325 2442 spe
339 2378 413 2428 diuini
424 2377 511 2428 auxilii.
785 2374 787 2379 '

150 2448 183 2497 td
198 2449 322 2498 secundum
334 2447 532 2512 dicendum,un
544 2449 604 2500 siout
614 2448 683 2513 suprd
691 2448 775 2500 dietum
785 2453 831 2513 est,
841 2452 921 2504 omnia

117 2517 230 2584 precepto
246 2535 296 2584 quae
308 2521 422 2586 pertinent
435 2521 462 2570 ad
480 2519 658 2583 impendendum
677 2521 768 2585 aliquod
781 2520 919 2573 beneficium

117 2592 229 2654 proximo,
243 2595 380 2642 minuuntur
390 2592 418 2642 ad
431 2595 569 2654 preceptum
585 2593 613 2642 de
623 2592 774 2643 honoratione
784 2596 915 2656 parentum.

150 2664 183 2712 to
202 2662 445 2726 tertiurn'dioendtrnr‚
460 2661 522 2726 quod
544 2661 653 2712 eorrectio
676 2663 776 2713 tutona
798 2660 920 2730 tripliciter

118 2733 192 2794 omitti
202 2736 285 2796 potest.
298 2735 347 2784 tino
356 2733 447 2798 quidem
457 2731 659 2795 modomeritorid,
668 2735 759 2798 quondo
771 2747 799 2786 ex
807 2735 919 2786 charitats

119 2803 200 2869 atiquis
216 2797 380 2857 conectiondnr
393 2801 486 2862 omittit,
501 2802 559 2854 iiioit
577 2803 638 2857 enirn
652 2805 793 2871 Augustinus
806 2805 866 2866 ini.
882 2807 920 2878 Dp
