1992 3317
123 207 155 248 DE
171 205 280 246 sinodus
295 204 437 248 mom!
453 205 568 247 amusos
585 203 765 249 amentatus.
800 196 845 247 Ὴῦ

340 393 500 448 santulus
515 395 553 448 tv,

229 518 315 564 dentur
323 519 422 565 solertia
430 519 462 566 rit
471 532 529 576 pars
536 521 673 580 prudentie.

77 646 112 698 ild
122 648 228 710 quamom
241 645 276 698 sio
286 645 416 710 proceditur
427 645 468 711 (t).
477 646 572 698 Videtur
582 647 641 713 qudd
655 649 745 700 solertia
758 649 846 702 nonsit

45 733 101 784 pars
114 718 249 784 prudentie.
268 719 365 770 solertia
378 718 439 769 erim
453 720 563 770 sehabet
581 721 607 770 ad
625 719 691 771 tacite
709 721 847 773 invenienda

45 790 122 842 medio
130 790 155 840 iu
163 790 432 851 demonstrationibus,ut
440 793 503 854 patet
511 791 536 840 in
545 793 555 841 l
565 793 700 842 Posterior.
711 793 772 858 (rap.
781 795 844 858 ult).

44 864 90 914 Sed
99 861 158 912 ratio
167 861 293 926 prudentie
302 874 348 912 non
361 865 397 912 est
409 862 596 928 demonstrativa,
606 862 657 913 edm
668 863 698 913 sit
710 865 847 930 contingen-

44 934 113 985 tium.
127 934 188 998 Ergo
198 933 226 984 ad
244 933 386 998 prudentiam
399 945 446 984 non
462 934 561 998 pertinet
573 932 672 986 solertia.

77 1011 103 1056 t.
120 1005 249 1066 Praeterea
268 1006 295 1056 ed
314 1005 456 1069 prudentiam
474 1005 574 1070 pertinet
598 1005 657 1056 bend
677 1005 806 1070 consiliari,
821 1011 847 1058 nt

45 1077 131 1128 dieitur
139 1075 165 1125 in
177 1077 207 1126 lli
220 1077 304 1127 Etltr'e.
315 1077 361 1128 Sed
374 1075 398 1125 io
408 1075 467 1127 bend
478 1076 619 1128 consiliando
633 1089 678 1128 non
692 1077 846 1128 hebetiorum

45 1148 155 1211 solertis,
172 1159 222 1212 que
237 1150 273 1198 est
288 1147 403 1198 eustochie
419 1148 530 1212 quadani,
546 1149 569 1198 id
584 1152 643 1199 estu
657 1149 718 1200 tona
733 1149 847 1214 conjectu-

43 1221 115 1281 ratio,
133 1235 148 1267 u
162 1231 214 1282 quea
229 1218 326 1269 estsine
342 1218 430 1269 ratione
442 1222 464 1270 et
479 1219 560 1284 relor;
575 1223 665 1284 oportet
681 1223 755 1270 autem
772 1220 848 1271 consi-

44 1293 99 1344 liari
115 1289 195 1354 tarde,
209 1293 235 1340 ot
246 1290 330 1341 dicitnr
342 1291 366 1340 in
387 1291 417 1342 Vl
432 1292 516 1342 dtdte.
533 1293 593 1357 Ergo
612 1293 704 1345 solertia
718 1307 764 1346 nou
783 1293 849 1344 dehet

44 1365 104 1429 poni
117 1377 171 1428 pers
184 1362 319 1426 prudentie.

11 1454 12 1457 ¹
79 1441 104 1486 e.
121 1437 248 1495 Praeterea,
262 1433 362 1497 solertis,
372 1436 398 1485 ut
408 1433 493 1485 dietum
503 1439 540 1486 est
550 1436 598 1500 (qu.
610 1440 648 1501 te,
664 1439 706 1487 art.
718 1437 850 1503 unieol,est

42 1508 154 1573 quedam
167 1523 184 1554 rr
196 1507 255 1556 bona
266 1504 440 1570 mnjeotarratio.
454 1523 469 1554 u
484 1507 530 1558 Sed
547 1509 683 1572 conjectoris
695 1509 729 1558 uti
746 1511 780 1560 est
797 1523 849 1574 pro-

42 1580 123 1645 priam
138 1579 262 1628 rhetorum.
277 1579 337 1640 Ergo
350 1577 443 1628 solertia
461 1578 534 1643 magis
551 1579 651 1643 pertinet
668 1579 697 1630 ad
714 1579 848 1632 rhetorieam

41 1651 116 1716 quim
130 1651 159 1700 ad
178 1647 331 1714 prudentiam.

75 1723 126 1774 Sed
138 1725 220 1773 eontra
236 1724 287 1782 ert,
300 1721 361 1785 quod
370 1719 469 1773 isidorus
482 1721 537 1773 dioit
546 1722 571 1773 in
583 1721 625 1772 lib.
638 1723 781 1789 Etymotop.
798 1723 846 1788 (Ξ)

42 1813 59 1845 n
74 1793 196 1846 Sollicitus
208 1791 291 1843 dicitur
305 1793 372 1856 quasi
384 1792 455 1844 solers
466 1797 490 1844 et
502 1792 571 1844 oitus.
588 1809 603 1841 n
618 1795 664 1845 sed
683 1794 811 1846 sollicitudo
822 1797 850 1846 ad

41 1865 196 1934 prudentiam
205 1864 321 1929 pertinet,
337 1864 396 1915 sient
408 1863 477 1931 snprl
490 1864 575 1917 dietum
590 1869 625 1917 est
638 1866 686 1930 (qo.
700 1869 744 1929 tr,
760 1869 803 1918 art.
816 1869 848 1930 tlt.

40 1941 108 2005 Ergo
121 1940 146 1989 et
159 1936 260 1988 solertia.

80 2012 246 2077 (condrusto.
257 2034 288 2047 -
298 2009 363 2061 Sient
375 2009 477 2062 docilitas
489 2023 543 2076 pars
558 2009 639 2062 dicitur
648 2010 788 2076 prudentie,
803 2023 848 2076 qua

40 2087 120 2136 homo
133 2080 193 2132 neue
207 2093 233 2131 se
246 2082 315 2133 habet
327 2081 352 2131 iu
367 2081 512 2147 semiplendo
523 2083 551 2133 ab
561 2082 605 2134 alio
618 2083 646 2136 de
656 2082 750 2146 agendis
767 2087 851 2134 rectam

40 2153 240 2216 estimationem,
256 2152 287 2203 ita
301 2153 410 2217 solertia,
432 2167 477 2218 una
493 2155 563 2205 homo
581 2154 735 2219 perseipsum
753 2152 812 2204 bend
826 2167 851 2204 se

40 2229 118 2280 habet
130 2225 156 2275 in
173 2223 312 2277 tenemento
324 2225 394 2276 talem
412 2226 600 2290 estimationem,
610 2225 713 2291 ejusdem
724 2227 851 2292 prudentie

41 2314 102 2366 pars
113 2296 177 2349 reete
191 2295 296 2360 dieitur.)

78 2366 221 2434 despondeo
242 2365 378 2429 dicendum,
395 2365 456 2432 quod
469 2368 587 2433 prudentis
599 2371 634 2420 est
647 2371 732 2420 reotam
754 2369 852 2421 estima-

80 2488 117 2550 ti)
131 2490 165 2537 Ilo.
175 2487 290 2536 luisotitm
298 2486 377 2546 soprt,
391 2498 433 2545 qn.
444 2485 484 2545 ts,
497 2492 542 2534 art.
552 2488 630 2547 naiso,
640 2488 754 2546 interpr
770 2493 795 2538 ot
804 2490 852 2548 ιιι,

39 2556 131 2604 Sent..
141 2552 196 2597 dist.
208 2548 254 2608 dd,
273 2562 313 2608 qu.
331 2549 361 2610 t,
379 2555 423 2599 art.
434 2549 464 2608 1,
479 2549 615 2608 questione.
626 2551 651 2610 t,
663 2551 725 2598 eirea
735 2549 813 2598 duem.

82 2621 120 2687 (Ξ)
133 2622 180 2670 Vel
196 2621 330 2682 omninum
342 2621 385 2668 llln.
396 2622 429 2680 x,
442 2621 477 2666 lit.
488 2623 512 2681 S,
527 2622 551 2668 iu
568 2621 668 2668 diutione
678 2621 815 2674 Sollicitus,
828 2627 853 2668 ut

43 2694 72 2736 et
80 2690 135 2747 tam
145 2684 214 2743 snprd
223 2696 253 2730 ex
262 2683 367 2742 protenso
375 2685 482 2742 relatum,
493 2695 534 2740 qu.
548 2683 589 2744 te,
599 2689 644 2731 art.
655 2684 722 2743 aunt
731 2687 852 2744 quesitum

42 2749 192 2799 nominatim
202 2746 279 2792 utrdm
291 2745 420 2792 rotdeitudo
436 2746 552 2804 pertineat
567 2747 597 2794 ad
607 2748 760 2807 prudentiam.
772 2749 852 2793 Soter·

43 2813 134 2874 porro,
148 2811 210 2857 siout
218 2810 303 2856 ibidem
317 2809 374 2856 dicit
382 2809 498 2865 isidorum,
510 2810 577 2868 opud
591 2812 703 2869 antipater
716 2810 853 2860 dicebatur,

43 2878 99 2938 perr·
112 2877 167 2923 erut
184 2873 252 2920 mr
270 2876 323 2919 orte
336 2872 398 2920 doru
416 2875 562 2920 torrerentur.
576 2875 607 2919 Et
626 2873 671 2920 true
685 2874 852 2920 Temnitarum

44 2939 111 2988 illud
122 2935 194 2985 retent
204 2952 210 2982 r
224 2933 401 2985 terrueruut·
413 2935 523 2983 rolvtm
532 2933 602 2989 dudo,
612 2939 655 2982 ste.
