1992 3317
162 129 215 178 088
293 130 543 190 suburbicarum,
560 130 652 185 uuam.
669 131 835 191 uramur.
971 98 973 117 Ι

169 218 239 266 totam
261 217 443 266 communitatem
465 216 531 280 cujus
551 219 586 267 eat
600 230 670 279 pars,
689 221 719 268 ut
736 219 807 282 cupri
827 217 908 270 uictum
923 223 953 268 cst

167 285 222 349 (qu.
235 289 281 348 et,
295 291 338 336 art.
355 286 383 348 al
395 322 402 347 ‚
416 291 492 350 polest
505 287 636 350 mutauere
652 287 716 351 quoa
734 290 846 341 abscissio
858 291 952 348 mambri,
971 348 973 365 Ι

168 357 213 407 atai
230 361 309 422 uergat
320 357 345 406 iu
361 357 521 410 detrimentum
536 358 606 409 lolius
623 359 740 423 corporis,
755 361 875 411 ordiamur
889 366 952 410 umen
971 368 973 417 ι

168 427 197 478 ad
214 428 298 480 bouum
312 429 497 494 communitatis,
510 430 536 479 iu
548 435 659 492 quamtum
680 429 751 482 alicui
767 432 867 482 iutertur
878 432 903 482 iu
915 445 953 494 po-
971 438 973 465 ⁵

167 512 220 550 uam
240 499 267 549 ad
282 499 442 550 cohibitionem
452 504 606 564 peccatorum.
619 503 647 550 Et
654 501 717 563 ideo,
729 502 793 553 sieut
800 517 843 568 per
856 504 952 567 publicam
971 468 973 559 l

167 574 302 634 potestatam
314 570 397 634 aliquis
409 571 471 622 licite
482 572 584 636 privatur
594 573 696 624 totaliter
704 573 761 637 vili,
775 581 873 639 propter
882 575 952 636 aliam
971 606 973 609 -

167 641 265 704 maiorm
278 641 370 705 eulpae,
387 642 420 692 ita
431 643 502 692 etiam
520 642 621 706 privatur
640 645 757 706 membro,
771 650 870 710 propter
882 647 952 708 aliqua

166 712 243 776 culpae
249 711 358 764 minores.
367 714 414 764 Hoc
426 718 502 764 autem
514 727 561 764 nou
574 718 611 765 est
621 713 709 764 licitum
722 716 795 766 alicui
807 718 903 781 privata
915 730 952 780 pa-

167 795 246 846 aoum,
261 783 330 834 etiam
341 785 431 836 uolente
440 785 480 836 illo
490 785 557 848 cujus
567 789 603 836 eet
615 786 742 836 membrum
750 803 758 851 ;
767 788 825 850 quia
837 802 880 852 per
891 790 930 838 lieo
937 786 952 833 ll
971 800 973 851 p

167 853 252 916 iniuria
262 855 427 918 communitati,
438 856 504 919 cujm
511 861 547 906 eet
558 856 608 919 ipae
619 858 687 907 bomo
696 861 721 907 et
728 870 813 908 omues
821 863 901 922 partes
908 859 952 920 ejus.

168 924 193 974 Si
204 925 259 976 verb
272 925 398 977 membrum
410 932 500 991 propter
512 927 656 991 putredinem
669 928 701 978 sit
712 928 786 978 totius
800 931 905 994 corpon's
914 942 953 977 cor-

168 994 297 1060 ruptivum,
313 1002 367 1048 tuuc
375 997 462 1062 licitum
474 1001 517 1059 eat,
531 999 559 1049 de
570 999 686 1049 uoluntate
703 999 755 1062 ejula
767 1000 839 1063 cujus
849 1005 888 1052 eet
899 1013 954 1050 mem·

168 1068 243 1134 brom,
252 1069 366 1134 putridum
377 1070 503 1121 membrum
509 1069 671 1134 praescindere,
682 1073 776 1134 propter
787 1072 891 1124 salutem
902 1072 954 1122 totius

168 1141 281 1205 corporis;
297 1141 351 1204 quia
365 1141 485 1206 unicuique
502 1141 622 1192 commista
636 1145 674 1192 eat
687 1154 744 1192 tarra
761 1144 867 1208 propriae
882 1143 953 1194 amate.

169 1212 198 1262 Et
213 1213 292 1263 eadem
310 1212 368 1264 ratio
384 1217 434 1277 eat,
449 1213 469 1263 si
482 1213 521 1262 liat
533 1213 650 1264 uoluntate
670 1213 722 1277 ejus
742 1215 859 1278 adquam
872 1215 955 1280 pertua

167 1295 246 1333 curare
261 1284 289 1334 de
302 1285 374 1334 aetate
385 1285 436 1348 ejua
448 1285 488 1348 qui
501 1285 570 1335 babet
580 1286 707 1336 membrum
719 1287 892 1350 corruptivum.
899 1288 955 1338 tila

167 1357 243 1404 auum
258 1355 356 1418 aliquem
370 1358 470 1408 membro
478 1357 584 1408 mutuare
595 1361 630 1408 eet
641 1357 734 1408 omuino
747 1356 869 1408 illicitum.

197 1425 341 1489 ltprimum
354 1441 408 1491 ergo
417 1428 550 1488 dicendum,
561 1427 622 1491 quod
630 1427 688 1478 uibil
699 1429 808 1492 probibet
821 1429 845 1480 id
859 1431 918 1495 quau
929 1434 955 1477 eet

168 1499 245 1546 eontra
258 1497 416 1560 particularem
430 1503 533 1550 araturam
545 1512 597 1550 esee
614 1497 740 1549 secuudum
754 1502 864 1550 naturam
879 1501 955 1552 uuiver-

167 1567 245 1631 aatem,
256 1568 385 1620 sicutmora
398 1574 421 1620 et
433 1570 549 1634 corruptio
560 1570 586 1620 iu
598 1571 666 1620 rebus
684 1570 829 1622 uatumlibus
840 1575 879 1622 est
893 1574 956 1622 coulri

167 1639 322 1702 particularem
336 1645 440 1692 uatumm
455 1641 506 1704 ejus
522 1643 582 1704 quod
600 1640 764 1704 corrumpitur,
778 1641 833 1692 cum
849 1640 956 1693 tamma

167 1709 291 1762 emulum
300 1715 404 1762 naturam
413 1711 574 1762 universalem.
589 1713 618 1762 Et
626 1712 743 1773 similiter,
750 1713 859 1764 mutilare
868 1715 955 1776 aliquem

168 1782 282 1842 membro,
294 1783 338 1832 etsi
357 1782 387 1832 sit
405 1786 483 1834 eontra
496 1787 599 1834 naturam
614 1782 777 1845 particularem
800 1785 905 1848 corporis
919 1784 956 1845 eju

167 1854 207 1915 qui
227 1853 355 1918 mutilatur,
369 1853 410 1906 eat*
425 1859 503 1904 tamen
514 1852 639 1906 muudum
655 1855 783 1904 naturalem
801 1854 956 1917 ratrammo

167 1925 333 1988 comparatione
346 1925 375 1976 ad
382 1925 466 1976 bouum
476 1939 604 1976 commuue.

199 1995 233 2044 ao
248 1996 371 2047 seeundum
380 1997 508 2059 dicendum,
517 1996 576 2060 quod
590 1996 661 2048 mbas
670 1994 772 2046 hominis
785 1995 836 2046 uita
849 2008 896 2046 rou
910 1994 956 2044 orli-

168 2068 235 2113 matur
247 2067 275 2116 ad
286 2066 370 2130 aliquid
380 2067 495 2132 proprium
509 2067 581 2132 ipsius
593 2066 707 2128 hominis,
714 2067 756 2116 sed
764 2066 795 2116 ad
803 2066 882 2130 ipsam
894 2062 956 2130 potiit<

168 2135 244 2184 omnia
254 2149 304 2198 qua
316 2141 370 2188 aunt
378 2137 490 2200 bominis,
504 2139 646 2188 audiaantur.
659 2139 688 2187 Et
700 2136 751 2186 ileo
764 2137 860 2200 privare
872 2136 956 2199 aliqum

167 2203 215 2254 uita
228 2205 252 2254 in
263 2208 324 2258 uallo
341 2221 396 2260 caea
409 2209 508 2273 pertinet
519 2209 552 2259 ad
563 2208 677 2271 atquem,
693 2206 740 2257 uisi
753 2208 784 2258 ad
794 2208 912 2272 publicam
921 2219 957 2268 po

167 2279 281 2337 meatem,
293 2278 331 2328 cui
342 2279 487 2330 committitur
499 2278 630 2341 procuratio
638 2279 694 2330 boui
703 2279 841 2330 communis.
856 2279 901 2330 Sed
910 2291 956 2342 pra·

168 2347 223 2398 cisio
233 2350 328 2400 membri
336 2355 412 2415 potest
424 2347 521 2400 ordinari
536 2352 567 2400 ad
579 2350 693 2414 propriam
702 2349 803 2400 salutm
811 2350 882 2400 uuiua
892 2347 957 2399 bomi-

167 2419 203 2470 uia
219 2425 259 2471 :et
270 2421 322 2474 ideo
335 2423 358 2472 iu
372 2423 447 2486 aliquo
460 2433 514 2471 casu
526 2426 606 2483 potest
617 2423 648 2472 ad
659 2423 734 2485 ipsum
749 2421 877 2485 pertineret

197 2493 231 2543 ald
250 2493 342 2546 tertium
358 2493 493 2554 dicendum,
509 2493 574 2554 quoa
592 2494 722 2544 membrum
742 2506 789 2545 nou
808 2497 846 2544 eat
863 2492 957 2558 pruscia·

167 2565 265 2615 dandum
275 2569 366 2631 propter
384 2565 630 2632 corporalemnsalutem
643 2563 729 2626 totiua,
741 2564 787 2614 uisi
798 2565 891 2628 quaudo
904 2564 956 2611 alite.

167 2631 209 2684 loti
231 2637 346 2688 subueniri
360 2646 406 2688 uon
419 2639 503 2700 potest.
516 2634 593 2686 Saluti
605 2639 682 2686 aulem
699 2634 814 2699 spirituali
827 2648 917 2698 semper
927 2646 958 2694 pu·

167 2705 210 2753 test
231 2705 296 2757 aliter
315 2707 431 2758 subveniri
447 2705 515 2768 quam
531 2719 577 2768 per
593 2706 688 2756 membri
710 2706 885 2770 praecisionem
895 2744 903 2767 ,
915 2705 953 2765 qul

165 2780 281 2834 peccatum
295 2777 395 2839 subjacet
410 2776 528 2828 voluntati.
545 2778 577 2828 Et
587 2777 638 2828 ideo
651 2778 677 2826 in
689 2778 753 2826 nullo
764 2790 820 2827 casu
832 2777 887 2827 licet
896 2789 956 2824 mour-

164 2842 228 2892 brum
248 2847 411 2908 proscindere,
424 2851 517 2911 propter
529 2851 693 2913 quodcumque
706 2853 827 2912 peccatum
840 2849 956 2898 viandum.
