1992 3317
130 157 175 208 tet
239 158 348 207 suenrus
364 160 493 217 meorum,
510 138 603 213 oonsr.
621 160 677 217 m,
690 161 746 205 tur.
764 162 818 204 vru.

129 247 198 301 ctiam
214 245 280 297 timor
293 241 388 297 initiei'm
403 246 439 295 ost
455 241 513 295 atius
526 243 650 306 secundum
665 239 817 295 substantiam
831 242 847 294 i
860 243 943 297 iiiiaii

161 322 182 369 t.
203 318 332 379 preterea,
355 314 456 368 medium
477 314 552 368 ditiert
572 314 652 365 eedem
672 314 758 367 ratione
783 315 812 365 ab
836 318 946 383 utroque

127 392 286 443 extremorum.
300 388 343 441 Sed
354 387 422 439 timor
431 386 526 439 initiatis
537 389 572 439 est
584 386 686 437 medium
698 387 757 439 inter
765 387 876 439 timorem
886 404 944 442 ser-

127 461 196 513 uilem
207 463 230 511 et
248 458 352 511 timorem
364 458 465 510 filialem.
480 460 539 523 Ergo
553 457 628 511 differt
641 461 664 510 et
675 457 689 509 i
702 458 766 510 tifiali
776 461 800 509 et
814 458 828 509 i
841 463 942 514 servili.

158 530 202 583 Sed
214 533 294 581 contra
304 534 349 593 est,
361 530 421 595 qudd
438 530 566 597 perfectum
579 534 602 582 et
618 530 778 596 imperfectum
791 544 841 582 non
855 533 944 585 direr-

128 603 217 655 siticant
233 601 383 653 substantiam
401 602 443 653 rei.
461 601 506 655 Sed
516 601 583 654 timor
592 601 689 653 initialis
701 604 724 652 et
733 601 810 654 ditatis
822 601 943 657 differunt

128 670 253 724 secundum
265 670 429 737 perfectionem
442 675 465 723 et
474 671 669 736 imperfectionem
682 671 816 732 charitatis,
830 676 860 724 ut
871 678 945 739 patet

127 758 167 809 per
178 745 329 809 Augustinum
342 746 441 809 superi.
458 744 519 795 Coc.
535 745 607 795 toan.
622 744 714 807 (Tract.
724 743 783 810 fx).
794 744 856 809 Ergo
865 744 946 800 timor

127 814 221 869 initiatis
230 826 277 869 non
288 814 364 870 differt
376 816 500 867 secuudum
516 814 666 865 substantiam
679 814 693 865 t
706 813 778 866 tilieti

160 888 169 951 (
180 888 322 939 Cououusro.
334 886 423 937 -Non
434 884 543 937 differunt
554 885 704 937 essentialiter
713 884 807 937 initiatis
817 888 842 937 et
853 886 944 941 iifiaiis

126 961 207 1021 umor,
218 962 258 1013 sed
270 974 331 1013 unus
341 963 366 1011 et
378 959 439 1009 idem
452 971 547 1022 prorsus
559 958 627 1010 timor
641 961 686 1023 est,
700 959 828 1010 secuudum
838 960 943 1025 perfec-

127 1034 175 1083 tum
185 1034 209 1083 et
222 1031 383 1097 imperfectum
396 1029 526 1094 variatus.)

158 1105 293 1171 Respondet
306 1103 439 1166 dicendum,
450 1101 511 1167 quid
519 1101 585 1153 timor
593 1101 687 1153 initiatis
698 1100 783 1153 dicitur
791 1117 822 1155 eu
830 1117 860 1156 eo
870 1108 939 1171 quod

125 1178 161 1229 eet
177 1176 276 1229 initium.
299 1174 345 1225 Sed
363 1186 415 1223 cum
429 1176 453 1225 et
467 1174 536 1226 timor
559 1174 649 1225 servilis
665 1177 690 1225 et
707 1172 775 1226 timor
792 1174 868 1227 dtiatis
883 1176 937 1229 siut

126 1248 201 1311 aliquo
217 1248 283 1299 modo
304 1242 395 1295 initium
409 1244 543 1311 sapientie,
558 1248 653 1312 uterque
673 1246 841 1311 potestatique
859 1250 936 1302 modo

125 1318 219 1368 initiatis
234 1314 287 1367 dici.
306 1316 351 1367 sed
369 1314 402 1366 sic
419 1330 465 1367 non
477 1316 587 1381 accipitur
604 1316 716 1367 initiatio
728 1319 857 1369 secundum
868 1323 938 1384 quod

126 1386 271 1451 distinguitur
285 1386 390 1445 itimore
404 1386 483 1439 seruili
493 1390 518 1437 et
529 1387 608 1451 filiati3
623 1388 664 1439 sed
677 1387 788 1461 accipitur
801 1390 938 1443 secundum

124 1458 186 1522 quod
201 1459 311 1523 competit
328 1458 396 1515 statut
414 1455 587 1523 incipientium,
601 1459 626 1509 in
640 1458 723 1525 quibus
736 1459 857 1513 inchoetur
877 1464 937 1526 qui-

126 1529 178 1581 dem
188 1529 256 1581 timor
270 1529 344 1581 fatalis
354 1543 396 1594 per
409 1525 578 1581 inchoationem
589 1528 714 1594 charitatis,
724 1545 771 1583 non
780 1535 854 1583 autern
862 1530 934 1584 inest

125 1600 159 1652 eis
175 1600 242 1651 timor
256 1601 330 1652 filialis
344 1600 461 1667 perfecti3
477 1600 533 1665 quia
545 1600 646 1652 nondum
657 1604 815 1666 peruenemnt
828 1603 856 1655 ad
868 1618 937 1668 per-

124 1672 245 1725 fectionem
256 1673 381 1725 charitatis.
396 1673 426 1723 Et
436 1670 488 1723 ideo
502 1671 571 1722 timor
582 1671 677 1722 initialis
687 1674 732 1725 hoc
742 1675 808 1726 modo
818 1686 843 1725 se
855 1675 937 1729 habet

124 1744 153 1795 od
166 1744 271 1808 filialem,
291 1745 349 1795 sicut
362 1742 460 1794 charites
478 1742 611 1807 imperfecta
625 1744 654 1794 ad
671 1745 807 1808 perfectam.
822 1744 934 1800 Charitas

125 1818 201 1867 eutem
219 1816 321 1881 perfecta
341 1818 364 1867 et
376 1813 511 1879 imperfecta
525 1826 573 1865 uoo
584 1814 693 1867 differunt
709 1815 836 1867 secuudum
850 1830 937 1871 essen-

124 1887 193 1953 tiam,
205 1889 245 1939 sed
255 1887 328 1937 solum
338 1886 462 1938 secundum
473 1889 569 1936 statum.
578 1887 608 1942 Et
615 1887 667 1939 ideo
676 1886 797 1939 dicendum
806 1891 855 1953 ost,
866 1890 934 1954 quod

124 1958 193 2009 etiam
206 1958 274 2008 timor
286 1954 380 2007 initialis
390 1996 396 2019 ,
407 1958 474 2021 prout
487 1956 527 2007 iric
541 1956 645 2023 sumitur,
653 1970 700 2009 uon
714 1954 790 2009 differt
801 1962 933 2014 seeundum

124 2028 248 2081 essentiam
261 2027 275 2077 i
287 2028 369 2079 timore
379 2028 451 2080 tilieti.

153 2100 188 2151 td
200 2100 298 2163 primum
312 2112 366 2163 erge
378 2099 513 2164 dicendum,
525 2100 588 2167 qudd
601 2100 669 2154 timor
681 2102 722 2167 qui
735 2106 770 2155 est
780 2103 875 2156 initium
886 2106 930 2158 di-

123 2170 244 2233 lectionis,
259 2174 294 2222 ost
309 2171 377 2224 timor
389 2171 495 2235 seruilis,
509 2172 550 2237 qui
567 2173 692 2225 introducit
702 2176 853 2241 charitatem,
867 2178 931 2233 sicut

123 2254 175 2293 sera
189 2240 313 2295 introducit
326 2241 415 2306 duum,
426 2247 452 2295 ut
470 2244 610 2308 Augustinus
625 2245 690 2297 dicit.
704 2246 761 2312 Vel,
775 2247 796 2299 si
809 2250 854 2302 troc
866 2250 930 2306 refo-

122 2315 185 2363 ratur
203 2312 229 2363 ad
247 2312 351 2367 timorem
370 2313 595 2378 initialem,dicitur
615 2329 666 2369 esse
687 2317 817 2371 dilectionis
833 2319 930 2376 initium

121 2395 170 2436 non
186 2382 304 2448 absoluti,
320 2386 361 2439 sod
378 2391 487 2451 quintum
504 2388 532 2437 ad
548 2391 632 2440 statum
642 2389 760 2441 crannus
774 2391 893 2455 perfectu.

154 2455 188 2505 td
201 2458 325 2507 secuudum
335 2458 464 2522 dicendum,
478 2458 540 2521 qnod
549 2459 616 2511 timor
628 2460 725 2513 initialis
735 2474 782 2513 nou
795 2463 862 2515 timet
873 2479 928 2530 pce-

121 2537 183 2588 uem,
198 2525 259 2579 sicut
272 2528 390 2593 proprium
400 2528 534 2595 obiectum,
546 2531 587 2584 scd
597 2531 621 2584 in
632 2535 743 2597 quantum
755 2533 827 2590 tanet
837 2535 929 2602 utimum

121 2596 149 2649 dc
172 2598 253 2649 timore
267 2600 344 2651 serviti
361 2600 494 2663 adjunctum
510 2601 545 2667 (t)
553 2640 562 2667 ,
574 2602 615 2666 qui
632 2604 757 2656 secundum
771 2606 929 2663 mnndum

154 2694 185 2759 (1)
201 2700 263 2746 Sicut
284 2709 309 2749 et
321 2702 413 2749 initium
432 2702 491 2749 fucis
503 2704 567 2762 quod
580 2707 756 2765 capereretur»
769 2710 926 2772 appetamus,

120 2761 207 2819 aliquid
223 2763 296 2809 adhuc
310 2766 459 2813 tenebrarum
472 2766 698 2831 admurmuratio,
713 2770 775 2829 quod
788 2769 857 2829 pient
872 2774 925 2821 lucc

120 2822 256 2871 adveniente
265 2826 397 2887 dissipetur.
413 2829 477 2876 Unde
489 2842 537 2878 nou
552 2832 667 2879 immerito
679 2832 788 2891 potestei
799 2835 869 2885 timor
879 2837 925 2886 iui-

120 2886 183 2955 tietis
197 2890 338 2956 compererip
354 2891 416 2957 siout
428 2892 519 2953 omittis
532 2895 596 2961 uoctt
603 2928 611 2960 ,
624 2893 701 2947 rums
710 2896 765 2947 diet.
