1992 3317
141 161 186 206 86⁰
259 165 511 215 recessissemus,
527 164 621 210 onusr.
638 166 714 217 urnii,
734 164 791 203 nnn.
806 166 827 203 r.

170 246 204 296 td
215 243 313 308 primum
323 255 377 306 ergo
386 241 516 304 dicendum,
526 240 587 305 qinon
598 244 742 306 preceptum
757 242 786 292 de
797 241 941 293 restitutione

139 315 258 376 faciende,
276 312 380 376 quamvis
401 312 527 363 secundum
545 311 643 361 formam
666 314 698 365 sit
715 312 894 375 affirmativum,
905 313 942 361 inn-

139 387 209 450 pIicat
224 389 298 435 tumen
311 384 336 432 in
346 397 370 434 se
380 385 511 447 negativum
519 386 668 447 preceptum,
678 397 725 448 qno
735 383 890 448 prohibemur
899 399 939 434 ren

140 456 233 508 alterius
246 455 354 505 detmere.

172 529 205 578 td
223 527 346 577 secundum
361 525 495 588 dicendum,
513 525 574 588 quon
595 527 688 589 quanm
707 524 791 589 aliems
806 539 862 578 non
876 532 940 592 potest

141 599 215 650 statim
233 597 368 658 restituere,
384 597 435 662 ipsu
454 596 586 661 impotentia
611 597 712 647 absoluit
731 610 785 647 enm
801 598 833 648 ab
856 599 940 650 instanti

140 668 282 720 restitutione
296 667 398 719 faciende
408 681 415 728 ;
425 667 485 718 sicut
494 667 563 718 etiam
575 667 678 718 totaliter
689 667 862 721 irestitntione
877 673 940 721 abent-

139 739 213 800 nitnr,
227 738 247 788 si
262 737 355 788 omnino
369 737 399 788 sit
416 737 531 802 Inpotens
543 742 585 800 tt).
602 739 675 788 Debet
698 741 776 788 tannen
787 741 939 793 remissiones

141 809 176 859 vel
190 809 321 860 dilutionem
337 811 414 872 petere
435 809 463 858 ab
479 821 507 860 eo
530 809 567 859 cni
582 803 661 871 debet,
677 810 718 858 out
736 822 779 874 per
797 824 840 874 se,
857 816 897 863 ant
908 825 939 876 pu

140 880 217 930 elium.

173 951 207 1001 nd
228 950 319 1002 tertium
340 951 477 1014 dicendum,
501 950 561 1014 qnod
579 951 746 1016 cujuscumque
769 952 938 1005 circumstantie

142 1022 242 1086 omtss'no‚
252 1035 303 1088 qnae
314 1024 462 1074 contrariatur
470 1022 558 1086 uirtuti,
569 1036 610 1086 pro
621 1023 774 1074 determinata
784 1027 821 1075 est
830 1026 936 1085 habene,

140 1097 164 1146 et
177 1097 265 1158 oportet
283 1095 345 1144 illem
359 1092 551 1144 circumstantium
567 1093 697 1144 obseruare.
708 1094 746 1143 'Et
761 1095 817 1158 quia
830 1111 874 1160 per
892 1097 938 1146 ditu-

141 1169 229 1219 tionem
240 1166 389 1217 restitutionis
400 1165 547 1217 committitur
556 1167 674 1230 pennatum
686 1164 781 1230 injuste
792 1167 937 1226 detentione,

141 1240 200 1304 qnod
212 1237 306 1302 jnsnt'nae
323 1237 458 1303 opponitur,
474 1237 525 1288 ideo
538 1250 631 1288 necesse
645 1240 680 1288 est
693 1241 790 1302 tempus
810 1253 863 1292 esse
872 1243 938 1292 deter-

142 1310 265 1373 minatum,
281 1311 306 1358 nt
318 1309 396 1359 statim
408 1307 522 1360 restitutio
531 1308 578 1359 fiet.

391 1654 557 1726 QUAESTIO
574 1654 687 1719 LXIII.

159 1801 193 1847 De
205 1798 341 1860 acceptioue
351 1798 570 1858 personarumve
583 1796 690 1855 quotum
701 1798 827 1844 moesto·
841 1799 925 1845 noctu.

174 1949 257 1999 lteinde
271 1947 458 2000 considerandum
475 1951 513 1998 set
525 1947 553 1998 de
571 1945 635 1997 uttiis
645 1945 758 2010 oppositis
771 1947 887 2010 predictis
895 1947 937 2008 jus

141 2019 196 2068 titiae
216 2019 324 2082 partibus.
346 2019 378 2069 Et
398 2018 485 2084 primu,
505 2020 533 2070 de
552 2019 684 2083 acceptione
706 2030 936 2082 personarumque

142 2089 263 2152 opponitur
281 2089 375 2152 justine
401 2089 567 2154 dIstribntinae3
588 2089 705 2151 secundo,
724 2089 754 2139 de
767 2090 873 2154 peccatis
892 2101 936 2153 qno

141 2163 287 2224 opponuntur
296 2159 392 2223 justine
404 2161 578 2214 commutetinae.

172 2231 236 2282 Cinea
249 2233 348 2295 primum
369 2239 501 2299 queruntur
517 2238 613 2297 quatuor
631 2236 680 2284 :1⁰
700 2232 782 2284 Utrum
796 2245 936 2298 personarum

141 2302 242 2367 acceptio
261 2303 291 2354 sit
309 2310 437 2369 peecatum.
451 2311 479 2354 '2⁰
496 2304 577 2356 Utrinm
589 2306 674 2356 nabent
687 2304 763 2355 locum
776 2304 803 2356 tn
825 2305 936 2369 etspensn·

140 2375 201 2428 tinne
214 2376 372 2440 spiritualium.
387 2383 413 2428 30
424 2377 505 2430 Utrum
515 2378 540 2428 iu
550 2377 690 2428 exhibitore
701 2377 807 2428 nononis.
824 2379 851 2426 tn
863 2375 936 2426 tinini

140 2447 164 2498 in
176 2447 281 2511 judiciis.
659 2459 661 2462 ·

175 2567 205 2630 (1)
221 2536 280 2615 IIinc
301 2569 386 2614 suasis
404 2569 468 2614 actio
482 2568 612 2615 creditoris
630 2578 702 2626 quein
723 2568 811 2625 inopie
827 2564 935 2612 dotem

141 2631 261 2682 excludit,
274 2632 403 2688 appellatur
412 2632 436 2676 in
444 2631 600 2689 septupium
608 2633 691 2682 lutrio,
698 2632 742 2677 nn.
753 2630 826 2690 mn,
835 2641 885 2687 cup.
897 2627 933 2682 u,

141 2705 204 2738 num.
218 2694 246 2752 Ξ,
259 2707 286 2740 ec
295 2706 324 2740 er
331 2692 383 2753 jure
392 2693 453 2740 civiti
467 2695 642 2752 comprobetur.
