<?xml version="1.0" encoding="UTF-8"?>
<!DOCTYPE html PUBLIC "-//W3C//DTD XHTML 1.0 Transitional//EN"
    "http://www.w3.org/TR/xhtml1/DTD/xhtml1-transitional.dtd">
<html xmlns="http://www.w3.org/1999/xhtml" xml:lang="en" lang="en">
 <head>
  <title>
</title>
<meta http-equiv="Content-Type" content="text/html;charset=utf-8" />
  <meta name='ocr-system' content='tesseract 3.04.00' />
  <meta name='ocr-capabilities' content='ocr_page ocr_carea ocr_par ocr_line ocrx_word'/>
</head>
<body>
  <div class='ocr_page' id='page_1' title='image "./summatheologica03nicogoog_1013.png"; bbox 0 0 1992 3317; ppageno 0'>
   <div class='ocr_carea' id='block_1_1' title="bbox 136 125 832 184">
    <p class='ocr_par' dir='ltr' id='par_1_1' title="bbox 136 125 832 184">
     <span class='ocr_line' id='line_1_1' title="bbox 136 125 832 184; baseline -0.007 -11"><span class='ocrx_word' id='word_1_1' title='bbox 136 125 198 174; x_wconf 76' lang='lat' dir='ltr'><strong>nott</strong></span> <span class='ocrx_word' id='word_1_2' title='bbox 243 134 354 173; x_wconf 80' lang='lat' dir='ltr'><strong>sscmrnn</strong></span> <span class='ocrx_word' id='word_1_3' title='bbox 368 133 498 184; x_wconf 68' lang='lat' dir='ltr'><strong>smenon,</strong></span> <span class='ocrx_word' id='word_1_4' title='bbox 514 131 609 177; x_wconf 75' lang='lat' dir='ltr'><strong>enm.</strong></span> <span class='ocrx_word' id='word_1_5' title='bbox 624 132 712 183; x_wconf 77' lang='lat' dir='ltr'><strong>surr,</strong></span> <span class='ocrx_word' id='word_1_6' title='bbox 726 133 785 170; x_wconf 78' lang='lat' dir='ltr'><strong>ans.</strong></span> <span class='ocrx_word' id='word_1_7' title='bbox 803 135 832 169; x_wconf 91' lang='grc' dir='ltr'><strong>ιι.</strong></span> 
     </span>
    </p>
   </div>
   <div class='ocr_carea' id='block_1_2' title="bbox 63 208 985 2208">
    <p class='ocr_par' dir='ltr' id='par_1_2' title="bbox 135 208 981 632">
     <span class='ocr_line' id='line_1_2' title="bbox 136 208 943 276; baseline -0.005 -14"><span class='ocrx_word' id='word_1_8' title='bbox 136 217 179 262; x_wconf 88' lang='lat' dir='ltr'><strong>art.</strong></span> <span class='ocrx_word' id='word_1_9' title='bbox 191 211 226 276; x_wconf 77' lang='lat'><strong>2).</strong></span> <span class='ocrx_word' id='word_1_10' title='bbox 242 211 350 276; x_wconf 81' lang='lat' dir='ltr'><strong>Ejusdem</strong></span> <span class='ocrx_word' id='word_1_11' title='bbox 360 213 436 260; x_wconf 85' lang='lat' dir='ltr'><strong>autem</strong></span> <span class='ocrx_word' id='word_1_12' title='bbox 446 213 485 260; x_wconf 85' lang='lat' dir='ltr'><strong>est</strong></span> <span class='ocrx_word' id='word_1_13' title='bbox 496 210 633 260; x_wconf 73' lang='lat' dir='ltr'><strong>eonstitrere</strong></span> <span class='ocrx_word' id='word_1_14' title='bbox 642 208 744 271; x_wconf 83' lang='lat' dir='ltr'><strong>aliquid,</strong></span> <span class='ocrx_word' id='word_1_15' title='bbox 758 212 783 259; x_wconf 88' lang='lat' dir='ltr'><strong>et</strong></span> <span class='ocrx_word' id='word_1_16' title='bbox 796 209 943 260; x_wconf 85' lang='lat' dir='ltr'><strong>oonstitstmn</strong></span> 
     </span>
     <span class='ocr_line' id='line_1_3' title="bbox 136 279 946 346; baseline -0.009 -10"><span class='ocrx_word' id='word_1_17' title='bbox 136 296 286 344; x_wconf 74' lang='lat' dir='ltr'><strong>conservare,</strong></span> <span class='ocrx_word' id='word_1_18' title='bbox 301 282 326 333; x_wconf 92' lang='lat' dir='ltr'><strong>in</strong></span> <span class='ocrx_word' id='word_1_19' title='bbox 334 282 371 332; x_wconf 83' lang='lat' dir='ltr'><strong>bis</strong></span> <span class='ocrx_word' id='word_1_20' title='bbox 384 294 435 346; x_wconf 73' lang='lat' dir='ltr'><strong>qum</strong></span> <span class='ocrx_word' id='word_1_21' title='bbox 446 285 501 331; x_wconf 87' lang='lat' dir='ltr'><strong>sunt</strong></span> <span class='ocrx_word' id='word_1_22' title='bbox 512 281 542 332; x_wconf 82' lang='lat' dir='ltr'><strong>ad</strong></span> <span class='ocrx_word' id='word_1_23' title='bbox 554 281 661 332; x_wconf 77' lang='lat' dir='ltr'><strong>atterum.</strong></span> <span class='ocrx_word' id='word_1_24' title='bbox 673 280 803 331; x_wconf 81' lang='lat' dir='ltr'><strong>Constituit</strong></span> <span class='ocrx_word' id='word_1_25' title='bbox 816 285 897 333; x_wconf 86' lang='lat' dir='ltr'><strong>autem</strong></span> <span class='ocrx_word' id='word_1_26' title='bbox 909 279 946 329; x_wconf 87' lang='lat' dir='ltr'><strong>aii·</strong></span> 
     </span>
     <span class='ocr_line' id='line_1_4' title="bbox 137 350 947 420; baseline -0.007 -14"><span class='ocrx_word' id='word_1_27' title='bbox 137 356 189 420; x_wconf 83' lang='lat' dir='ltr'><strong>quis</strong></span> <span class='ocrx_word' id='word_1_28' title='bbox 202 355 355 420; x_wconf 71' lang='lat' dir='ltr'><strong>spiritatem</strong></span> <span class='ocrx_word' id='word_1_29' title='bbox 363 351 473 415; x_wconf 74' lang='lat' dir='ltr'><strong>iustitis,</strong></span> <span class='ocrx_word' id='word_1_30' title='bbox 486 351 603 416; x_wconf 71' lang='lat' dir='ltr'><strong>faciendo</strong></span> <span class='ocrx_word' id='word_1_31' title='bbox 616 352 718 407; x_wconf 76' lang='lat' dir='ltr'><strong>bonam,</strong></span> <span class='ocrx_word' id='word_1_32' title='bbox 730 350 820 414; x_wconf 88' lang='lat' dir='ltr'><strong>idest,</strong></span> <span class='ocrx_word' id='word_1_33' title='bbox 835 353 947 404; x_wconf 81' lang='lat' dir='ltr'><strong>reddendo</strong></span> 
     </span>
     <span class='ocr_line' id='line_1_5' title="bbox 138 413 981 489; baseline -0.002 -15"><span class='ocrx_word' id='word_1_34' title='bbox 138 425 203 476; x_wconf 86' lang='lat' dir='ltr'><strong>atteri</strong></span> <span class='ocrx_word' id='word_1_35' title='bbox 217 425 278 489; x_wconf 85' lang='lat' dir='ltr'><strong>quod</strong></span> <span class='ocrx_word' id='word_1_36' title='bbox 297 423 320 475; x_wconf 89' lang='lat' dir='ltr'><strong>ei</strong></span> <span class='ocrx_word' id='word_1_37' title='bbox 333 424 440 485; x_wconf 72' lang='lat' dir='ltr'><strong>debetur,</strong></span> <span class='ocrx_word' id='word_1_38' title='bbox 454 426 574 473; x_wconf 76' lang='lat' dir='ltr'><strong>conservat</strong></span> <span class='ocrx_word' id='word_1_39' title='bbox 590 426 667 472; x_wconf 87' lang='lat' dir='ltr'><strong>autem</strong></span> <span class='ocrx_word' id='word_1_40' title='bbox 685 423 847 486; x_wconf 73' lang='lat' dir='ltr'><strong>equalitatem</strong></span> <span class='ocrx_word' id='word_1_41' title='bbox 859 423 947 489; x_wconf 79' lang='lat' dir='ltr'><strong>justitia</strong></span> <span class='ocrx_word' id='word_1_42' title='bbox 979 413 981 432; x_wconf 92' lang='lat'>&#39;</span> 
     </span>
     <span class='ocr_line' id='line_1_6' title="bbox 135 490 950 558; baseline -0.005 -11"><span class='ocrx_word' id='word_1_43' title='bbox 135 495 185 558; x_wconf 73' lang='lat' dir='ltr'><strong>ism</strong></span> <span class='ocrx_word' id='word_1_44' title='bbox 201 490 345 558; x_wconf 73' lang='lat' dir='ltr'><strong>constitmtm&#39;,</strong></span> <span class='ocrx_word' id='word_1_45' title='bbox 357 493 509 544; x_wconf 79' lang='lat' dir='ltr'><strong>destinando</strong></span> <span class='ocrx_word' id='word_1_46' title='bbox 528 493 643 552; x_wconf 75' lang='grc' dir='ltr'><strong>ὰιπαὶο,</strong></span> <span class='ocrx_word' id='word_1_47' title='bbox 659 492 750 557; x_wconf 78' lang='lat' dir='ltr'><strong>idest,</strong></span> <span class='ocrx_word' id='word_1_48' title='bbox 769 495 867 546; x_wconf 86' lang='lat' dir='ltr'><strong>nullum</strong></span> <span class='ocrx_word' id='word_1_49' title='bbox 885 509 950 545; x_wconf 86' lang='lat' dir='ltr'><strong>noco·</strong></span> 
     </span>
     <span class='ocr_line' id='line_1_7' title="bbox 138 567 493 632; baseline -0.014 -12"><span class='ocrx_word' id='word_1_50' title='bbox 138 573 242 621; x_wconf 84' lang='lat' dir='ltr'><strong>mentum</strong></span> <span class='ocrx_word' id='word_1_51' title='bbox 251 567 355 632; x_wconf 80' lang='lat' dir='ltr'><strong>proximo</strong></span> <span class='ocrx_word' id='word_1_52' title='bbox 365 567 493 618; x_wconf 82' lang='lat' dir='ltr'><strong>inferendo.</strong></span> 
     </span>
    </p>

    <p class='ocr_par' dir='ltr' id='par_1_3' title="bbox 138 636 951 1206">
     <span class='ocr_line' id='line_1_8' title="bbox 171 636 951 704; baseline -0.001 -14"><span class='ocrx_word' id='word_1_53' title='bbox 171 640 205 690; x_wconf 73' lang='lat' dir='ltr'><strong>Ad</strong></span> <span class='ocrx_word' id='word_1_54' title='bbox 221 639 317 704; x_wconf 87' lang='lat' dir='ltr'><strong>primum</strong></span> <span class='ocrx_word' id='word_1_55' title='bbox 331 651 385 702; x_wconf 74' lang='lat' dir='ltr'><strong>ergo</strong></span> <span class='ocrx_word' id='word_1_56' title='bbox 399 638 534 701; x_wconf 79' lang='lat' dir='ltr'><strong>dicendum,</strong></span> <span class='ocrx_word' id='word_1_57' title='bbox 549 636 611 701; x_wconf 79' lang='lat' dir='ltr'><strong>qnos</strong></span> <span class='ocrx_word' id='word_1_58' title='bbox 621 637 707 689; x_wconf 76' lang='lat' dir='ltr'><strong>hortm</strong></span> <span class='ocrx_word' id='word_1_59' title='bbox 721 641 745 687; x_wconf 88' lang='lat' dir='ltr'><strong>et</strong></span> <span class='ocrx_word' id='word_1_60' title='bbox 763 637 856 688; x_wconf 75' lang='lat' dir='ltr'><strong>mmmm</strong></span> <span class='ocrx_word' id='word_1_61' title='bbox 866 641 906 689; x_wconf 82' lang='lat' dir='ltr'><strong>nte</strong></span> <span class='ocrx_word' id='word_1_62' title='bbox 920 652 951 688; x_wconf 84' lang='lat' dir='ltr'><strong>ae-</strong></span> 
     </span>
     <span class='ocr_line' id='line_1_9' title="bbox 139 709 950 777; baseline -0.004 -13"><span class='ocrx_word' id='word_1_63' title='bbox 139 712 254 777; x_wconf 82' lang='lat' dir='ltr'><strong>nipinntur</strong></span> <span class='ocrx_word' id='word_1_64' title='bbox 264 711 307 762; x_wconf 87' lang='lat' dir='ltr'><strong>snb</strong></span> <span class='ocrx_word' id='word_1_65' title='bbox 318 711 415 774; x_wconf 84' lang='lat' dir='ltr'><strong>quadam</strong></span> <span class='ocrx_word' id='word_1_66' title='bbox 424 710 518 774; x_wconf 83' lang='lat' dir='ltr'><strong>speciali</strong></span> <span class='ocrx_word' id='word_1_67' title='bbox 529 709 626 772; x_wconf 81' lang='lat' dir='ltr'><strong>ratione,</strong></span> <span class='ocrx_word' id='word_1_68' title='bbox 635 720 679 772; x_wconf 85' lang='lat' dir='ltr'><strong>per</strong></span> <span class='ocrx_word' id='word_1_69' title='bbox 686 722 757 772; x_wconf 77' lang='lat' dir='ltr'><strong>qnam</strong></span> <span class='ocrx_word' id='word_1_70' title='bbox 772 712 950 774; x_wconf 75' lang='lat' dir='ltr'><strong>appropriantur</strong></span> 
     </span>
     <span class='ocr_line' id='line_1_10' title="bbox 138 778 951 848; baseline 0 -16"><span class='ocrx_word' id='word_1_71' title='bbox 138 783 243 848; x_wconf 81' lang='lat' dir='ltr'><strong>justitie.</strong></span> <span class='ocrx_word' id='word_1_72' title='bbox 257 782 309 833; x_wconf 85' lang='lat' dir='ltr'><strong>ideo</strong></span> <span class='ocrx_word' id='word_1_73' title='bbox 321 785 344 834; x_wconf 90' lang='lat' dir='ltr'><strong>et</strong></span> <span class='ocrx_word' id='word_1_74' title='bbox 353 783 403 832; x_wconf 83' lang='lat' dir='ltr'><strong>haee</strong></span> <span class='ocrx_word' id='word_1_75' title='bbox 414 781 458 832; x_wconf 86' lang='lat' dir='ltr'><strong>duo</strong></span> <span class='ocrx_word' id='word_1_76' title='bbox 474 785 591 845; x_wconf 89' lang='lat' dir='ltr'><strong>ponnntnr</strong></span> <span class='ocrx_word' id='word_1_77' title='bbox 605 778 684 845; x_wconf 80' lang='lat' dir='ltr'><strong>part&#39;es</strong></span> <span class='ocrx_word' id='word_1_78' title='bbox 696 779 810 844; x_wconf 75' lang='lat' dir='ltr'><strong>institia,</strong></span> <span class='ocrx_word' id='word_1_79' title='bbox 826 783 951 832; x_wconf 81' lang='lat' dir='ltr'><strong>seonnrtirn</strong></span> 
     </span>
     <span class='ocr_line' id='line_1_11' title="bbox 140 851 951 918; baseline -0.004 -14"><span class='ocrx_word' id='word_1_80' title='bbox 140 855 238 918; x_wconf 77' lang='lat' dir='ltr'><strong>aliquam</strong></span> <span class='ocrx_word' id='word_1_81' title='bbox 254 852 368 918; x_wconf 79' lang='lat' dir='ltr'><strong>propriam</strong></span> <span class='ocrx_word' id='word_1_82' title='bbox 380 851 489 903; x_wconf 82' lang='lat' dir='ltr'><strong>rationem</strong></span> <span class='ocrx_word' id='word_1_83' title='bbox 506 851 560 902; x_wconf 74' lang='lat' dir='ltr'><strong>troni</strong></span> <span class='ocrx_word' id='word_1_84' title='bbox 575 855 598 902; x_wconf 84' lang='lat' dir='ltr'><strong>ot</strong></span> <span class='ocrx_word' id='word_1_85' title='bbox 613 852 685 916; x_wconf 82' lang='lat' dir='ltr'><strong>maii,</strong></span> <span class='ocrx_word' id='word_1_86' title='bbox 697 865 744 902; x_wconf 91' lang='lat' dir='ltr'><strong>non</strong></span> <span class='ocrx_word' id='word_1_87' title='bbox 759 857 840 903; x_wconf 86' lang='lat' dir='ltr'><strong>tamen</strong></span> <span class='ocrx_word' id='word_1_88' title='bbox 856 853 951 917; x_wconf 78' lang='lat' dir='ltr'><strong>aiicujus</strong></span> 
     </span>
     <span class='ocr_line' id='line_1_12' title="bbox 140 922 951 988; baseline -0.005 -12"><span class='ocrx_word' id='word_1_89' title='bbox 140 925 234 976; x_wconf 88' lang='lat' dir='ltr'><strong>alterins</strong></span> <span class='ocrx_word' id='word_1_90' title='bbox 244 924 336 976; x_wconf 81' lang='lat' dir='ltr'><strong>virtutis</strong></span> <span class='ocrx_word' id='word_1_91' title='bbox 350 923 450 985; x_wconf 88' lang='lat' dir='ltr'><strong>moralis,</strong></span> <span class='ocrx_word' id='word_1_92' title='bbox 461 923 515 988; x_wconf 84' lang='lat' dir='ltr'><strong>qnia</strong></span> <span class='ocrx_word' id='word_1_93' title='bbox 527 924 580 974; x_wconf 77' lang='lat' dir='ltr'><strong>slim</strong></span> <span class='ocrx_word' id='word_1_94' title='bbox 594 922 692 975; x_wconf 83' lang='lat' dir='ltr'><strong>sirtntes</strong></span> <span class='ocrx_word' id='word_1_95' title='bbox 706 924 808 974; x_wconf 82' lang='lat' dir='ltr'><strong>moratas</strong></span> <span class='ocrx_word' id='word_1_96' title='bbox 823 925 951 976; x_wconf 86' lang='lat' dir='ltr'><strong>consistunt</strong></span> 
     </span>
     <span class='ocr_line' id='line_1_13' title="bbox 141 993 948 1061; baseline 0 -15"><span class='ocrx_word' id='word_1_97' title='bbox 141 996 202 1046; x_wconf 82' lang='lat' dir='ltr'><strong>eirea</strong></span> <span class='ocrx_word' id='word_1_98' title='bbox 218 997 352 1061; x_wconf 77' lang='lat' dir='ltr'><strong>passiones,</strong></span> <span class='ocrx_word' id='word_1_99' title='bbox 366 995 392 1044; x_wconf 90' lang='lat' dir='ltr'><strong>in</strong></span> <span class='ocrx_word' id='word_1_100' title='bbox 408 993 491 1057; x_wconf 80' lang='lat' dir='ltr'><strong>quinus</strong></span> <span class='ocrx_word' id='word_1_101' title='bbox 507 995 682 1046; x_wconf 72' lang='lat' dir='ltr'><strong>bononianos</strong></span> <span class='ocrx_word' id='word_1_102' title='bbox 696 998 732 1046; x_wconf 87' lang='lat' dir='ltr'><strong>est</strong></span> <span class='ocrx_word' id='word_1_103' title='bbox 748 995 834 1045; x_wconf 81' lang='lat' dir='ltr'><strong>venire</strong></span> <span class='ocrx_word' id='word_1_104' title='bbox 853 997 884 1046; x_wconf 82' lang='lat' dir='ltr'><strong>ad</strong></span> <span class='ocrx_word' id='word_1_105' title='bbox 900 1009 948 1046; x_wconf 85' lang='lat' dir='ltr'><strong>me·</strong></span> 
     </span>
     <span class='ocr_line' id='line_1_14' title="bbox 142 1064 946 1132; baseline -0.005 -13"><span class='ocrx_word' id='word_1_106' title='bbox 142 1069 219 1131; x_wconf 83' lang='lat' dir='ltr'><strong>dium,</strong></span> <span class='ocrx_word' id='word_1_107' title='bbox 234 1069 294 1132; x_wconf 84' lang='lat' dir='ltr'><strong>quod</strong></span> <span class='ocrx_word' id='word_1_108' title='bbox 307 1071 342 1118; x_wconf 89' lang='lat' dir='ltr'><strong>est</strong></span> <span class='ocrx_word' id='word_1_109' title='bbox 355 1065 470 1118; x_wconf 71' lang='lat' dir='ltr'><strong>pectinare</strong></span> <span class='ocrx_word' id='word_1_110' title='bbox 483 1066 513 1116; x_wconf 85' lang='lat' dir='ltr'><strong>ab</strong></span> <span class='ocrx_word' id='word_1_111' title='bbox 523 1065 633 1117; x_wconf 80' lang='lat' dir='ltr'><strong>extremis</strong></span> <span class='ocrx_word' id='word_1_112' title='bbox 645 1064 713 1129; x_wconf 77' lang='lat' dir='ltr'><strong>qussi</strong></span> <span class='ocrx_word' id='word_1_113' title='bbox 722 1066 738 1116; x_wconf 77' lang='lat' dir='ltr'><strong>t</strong></span> <span class='ocrx_word' id='word_1_114' title='bbox 752 1067 831 1117; x_wconf 84' lang='lat' dir='ltr'><strong>mstis.</strong></span> <span class='ocrx_word' id='word_1_115' title='bbox 844 1069 875 1117; x_wconf 83' lang='lat' dir='ltr'><strong>Et</strong></span> <span class='ocrx_word' id='word_1_116' title='bbox 882 1068 915 1117; x_wconf 88' lang='lat' dir='ltr'><strong>sie</strong></span> <span class='ocrx_word' id='word_1_117' title='bbox 924 1068 946 1115; x_wconf 90' lang='lat' dir='ltr'><strong>in</strong></span> 
     </span>
     <span class='ocr_line' id='line_1_15' title="bbox 142 1138 949 1206; baseline -0.004 -16"><span class='ocrx_word' id='word_1_118' title='bbox 142 1141 201 1192; x_wconf 85' lang='lat' dir='ltr'><strong>idem</strong></span> <span class='ocrx_word' id='word_1_119' title='bbox 214 1141 280 1206; x_wconf 84' lang='lat' dir='ltr'><strong>redit,</strong></span> <span class='ocrx_word' id='word_1_120' title='bbox 295 1142 404 1204; x_wconf 82' lang='lat' dir='ltr'><strong>quantum</strong></span> <span class='ocrx_word' id='word_1_121' title='bbox 418 1139 446 1190; x_wconf 81' lang='lat' dir='ltr'><strong>ad</strong></span> <span class='ocrx_word' id='word_1_122' title='bbox 457 1138 514 1189; x_wconf 85' lang='lat' dir='ltr'><strong>alias</strong></span> <span class='ocrx_word' id='word_1_123' title='bbox 522 1139 626 1201; x_wconf 81' lang='lat' dir='ltr'><strong>virtutes,</strong></span> <span class='ocrx_word' id='word_1_124' title='bbox 636 1139 720 1200; x_wconf 68' lang='lat' dir='ltr'><strong>taam</strong></span> <span class='ocrx_word' id='word_1_125' title='bbox 731 1138 828 1188; x_wconf 76' lang='lat' dir='ltr'><strong>bonam</strong></span> <span class='ocrx_word' id='word_1_126' title='bbox 842 1143 868 1190; x_wconf 88' lang='lat' dir='ltr'><strong>et</strong></span> <span class='ocrx_word' id='word_1_127' title='bbox 877 1140 949 1189; x_wconf 80' lang='lat' dir='ltr'><strong>decti-</strong></span> 
     </span>
    </p>

    <p class='ocr_par' dir='ltr' id='par_1_4' title="bbox 63 1209 949 1419">
     <span class='ocr_line' id='line_1_16' title="bbox 63 1209 948 1276; baseline -0.003 -12"><span class='ocrx_word' id='word_1_128' title='bbox 63 1223 68 1234; x_wconf 88' lang='grc'><strong>’</strong></span> <span class='ocrx_word' id='word_1_129' title='bbox 143 1215 235 1264; x_wconf 74' lang='lat' dir='ltr'><strong>narei</strong></span> <span class='ocrx_word' id='word_1_130' title='bbox 254 1213 331 1263; x_wconf 85' lang='lat' dir='ltr'><strong>malo.</strong></span> <span class='ocrx_word' id='word_1_131' title='bbox 345 1211 392 1264; x_wconf 80' lang='lat' dir='ltr'><strong>Seri</strong></span> <span class='ocrx_word' id='word_1_132' title='bbox 402 1211 493 1276; x_wconf 84' lang='lat' dir='ltr'><strong>justitia</strong></span> <span class='ocrx_word' id='word_1_133' title='bbox 510 1210 617 1262; x_wconf 73' lang='lat' dir='ltr'><strong>consistit</strong></span> <span class='ocrx_word' id='word_1_134' title='bbox 629 1209 689 1260; x_wconf 86' lang='lat' dir='ltr'><strong>eirea</strong></span> <span class='ocrx_word' id='word_1_135' title='bbox 708 1211 862 1274; x_wconf 73' lang='lat' dir='ltr'><strong>operationes</strong></span> <span class='ocrx_word' id='word_1_136' title='bbox 878 1217 948 1264; x_wconf 86' lang='lat' dir='ltr'><strong>eires</strong></span> 
     </span>
     <span class='ocr_line' id='line_1_17' title="bbox 144 1281 949 1348; baseline -0.006 -12"><span class='ocrx_word' id='word_1_137' title='bbox 144 1284 278 1347; x_wconf 77' lang='lat' dir='ltr'><strong>exteriores,</strong></span> <span class='ocrx_word' id='word_1_138' title='bbox 291 1285 315 1334; x_wconf 89' lang='lat' dir='ltr'><strong>in</strong></span> <span class='ocrx_word' id='word_1_139' title='bbox 327 1285 409 1348; x_wconf 83' lang='lat' dir='ltr'><strong>quihus</strong></span> <span class='ocrx_word' id='word_1_140' title='bbox 423 1281 483 1334; x_wconf 85' lang='lat' dir='ltr'><strong>alind</strong></span> <span class='ocrx_word' id='word_1_141' title='bbox 493 1285 530 1332; x_wconf 84' lang='lat' dir='ltr'><strong>est</strong></span> <span class='ocrx_word' id='word_1_142' title='bbox 541 1282 617 1334; x_wconf 75' lang='lat' dir='ltr'><strong>faeere</strong></span> <span class='ocrx_word' id='word_1_143' title='bbox 631 1281 798 1346; x_wconf 77' lang='lat' dir='ltr'><strong>equalitatem,</strong></span> <span class='ocrx_word' id='word_1_144' title='bbox 810 1286 837 1333; x_wconf 89' lang='lat' dir='ltr'><strong>et</strong></span> <span class='ocrx_word' id='word_1_145' title='bbox 845 1283 906 1334; x_wconf 79' lang='lat' dir='ltr'><strong>atini</strong></span> <span class='ocrx_word' id='word_1_146' title='bbox 916 1289 949 1333; x_wconf 86' lang='lat' dir='ltr'><strong>est</strong></span> 
     </span>
     <span class='ocr_line' id='line_1_18' title="bbox 144 1357 454 1419; baseline -0.006 -13"><span class='ocrx_word' id='word_1_147' title='bbox 144 1357 227 1406; x_wconf 83' lang='lat' dir='ltr'><strong>tactam</strong></span> <span class='ocrx_word' id='word_1_148' title='bbox 241 1369 288 1406; x_wconf 92' lang='lat' dir='ltr'><strong>non</strong></span> <span class='ocrx_word' id='word_1_149' title='bbox 300 1367 454 1419; x_wconf 82' lang='lat' dir='ltr'><strong>romumpere.</strong></span> 
     </span>
    </p>

    <p class='ocr_par' dir='ltr' id='par_1_5' title="bbox 145 1425 985 1916">
     <span class='ocr_line' id='line_1_19' title="bbox 175 1425 945 1490; baseline -0.004 -12"><span class='ocrx_word' id='word_1_150' title='bbox 175 1428 209 1478; x_wconf 81' lang='lat' dir='ltr'><strong>nd</strong></span> <span class='ocrx_word' id='word_1_151' title='bbox 223 1427 348 1478; x_wconf 85' lang='lat' dir='ltr'><strong>seeundum</strong></span> <span class='ocrx_word' id='word_1_152' title='bbox 365 1425 485 1478; x_wconf 83' lang='lat' dir='ltr'><strong>dicendum</strong></span> <span class='ocrx_word' id='word_1_153' title='bbox 496 1463 504 1488; x_wconf 89' lang='lat'><strong>,</strong></span> <span class='ocrx_word' id='word_1_154' title='bbox 515 1425 576 1490; x_wconf 77' lang='lat' dir='ltr'><strong>qnod</strong></span> <span class='ocrx_word' id='word_1_155' title='bbox 589 1425 704 1476; x_wconf 79' lang='lat' dir='ltr'><strong>‹ieetinnre</strong></span> <span class='ocrx_word' id='word_1_156' title='bbox 721 1425 736 1476; x_wconf 74' lang='lat' dir='ltr'><strong>i</strong></span> <span class='ocrx_word' id='word_1_157' title='bbox 750 1427 813 1478; x_wconf 88' lang='lat' dir='ltr'><strong>malo</strong></span> <span class='ocrx_word' id='word_1_158' title='bbox 827 1426 945 1478; x_wconf 77' lang='lat' dir='ltr'><strong>secundino</strong></span> 
     </span>
     <span class='ocr_line' id='line_1_20' title="bbox 145 1496 946 1563; baseline -0.002 -14"><span class='ocrx_word' id='word_1_159' title='bbox 145 1497 205 1563; x_wconf 78' lang='lat' dir='ltr'><strong>qnid</strong></span> <span class='ocrx_word' id='word_1_160' title='bbox 216 1497 307 1563; x_wconf 84' lang='lat' dir='ltr'><strong>ponitur</strong></span> <span class='ocrx_word' id='word_1_161' title='bbox 319 1510 372 1562; x_wconf 85' lang='lat' dir='ltr'><strong>pars</strong></span> <span class='ocrx_word' id='word_1_162' title='bbox 389 1496 498 1561; x_wconf 81' lang='lat' dir='ltr'><strong>justitia,</strong></span> <span class='ocrx_word' id='word_1_163' title='bbox 508 1511 557 1547; x_wconf 90' lang='lat' dir='ltr'><strong>non</strong></span> <span class='ocrx_word' id='word_1_164' title='bbox 567 1496 677 1561; x_wconf 83' lang='lat' dir='ltr'><strong>importat</strong></span> <span class='ocrx_word' id='word_1_165' title='bbox 695 1497 846 1560; x_wconf 73' lang='lat' dir='ltr'><strong>mgationem</strong></span> <span class='ocrx_word' id='word_1_166' title='bbox 857 1510 946 1562; x_wconf 76' lang='lat' dir='ltr'><strong>peram,</strong></span> 
     </span>
     <span class='ocr_line' id='line_1_21' title="bbox 146 1568 983 1634; baseline -0.006 -13"><span class='ocrx_word' id='word_1_167' title='bbox 146 1570 207 1634; x_wconf 86' lang='lat' dir='ltr'><strong>quod</strong></span> <span class='ocrx_word' id='word_1_168' title='bbox 220 1574 255 1621; x_wconf 90' lang='lat' dir='ltr'><strong>est</strong></span> <span class='ocrx_word' id='word_1_169' title='bbox 268 1582 313 1621; x_wconf 88' lang='lat' dir='ltr'><strong>non</strong></span> <span class='ocrx_word' id='word_1_170' title='bbox 327 1569 402 1619; x_wconf 83' lang='lat' dir='ltr'><strong>iacere</strong></span> <span class='ocrx_word' id='word_1_171' title='bbox 413 1570 513 1632; x_wconf 83' lang='lat' dir='ltr'><strong>malum3</strong></span> <span class='ocrx_word' id='word_1_172' title='bbox 527 1570 572 1619; x_wconf 86' lang='lat' dir='ltr'><strong>hoe</strong></span> <span class='ocrx_word' id='word_1_173' title='bbox 586 1568 647 1618; x_wconf 89' lang='lat' dir='ltr'><strong>enim</strong></span> <span class='ocrx_word' id='word_1_174' title='bbox 666 1581 713 1618; x_wconf 91' lang='lat' dir='ltr'><strong>non</strong></span> <span class='ocrx_word' id='word_1_175' title='bbox 726 1574 833 1618; x_wconf 80' lang='lat' dir='ltr'><strong>meretur</strong></span> <span class='ocrx_word' id='word_1_176' title='bbox 844 1569 945 1633; x_wconf 75' lang='lat' dir='ltr'><strong>palmam,</strong></span> <span class='ocrx_word' id='word_1_177' title='bbox 982 1604 983 1607; x_wconf 17' lang='grc' dir='ltr'>η</span> 
     </span>
     <span class='ocr_line' id='line_1_22' title="bbox 147 1638 985 1718; baseline -0.007 -24"><span class='ocrx_word' id='word_1_178' title='bbox 147 1643 186 1694; x_wconf 86' lang='lat' dir='ltr'><strong>sed</strong></span> <span class='ocrx_word' id='word_1_179' title='bbox 198 1639 272 1693; x_wconf 83' lang='lat' dir='ltr'><strong>solim</strong></span> <span class='ocrx_word' id='word_1_180' title='bbox 286 1641 343 1691; x_wconf 87' lang='lat' dir='ltr'><strong>vitat</strong></span> <span class='ocrx_word' id='word_1_181' title='bbox 356 1653 456 1705; x_wconf 84' lang='lat' dir='ltr'><strong>pmnam.</strong></span> <span class='ocrx_word' id='word_1_182' title='bbox 468 1640 579 1704; x_wconf 88' lang='lat' dir='ltr'><strong>importat</strong></span> <span class='ocrx_word' id='word_1_183' title='bbox 591 1643 668 1690; x_wconf 84' lang='lat' dir='ltr'><strong>sutem</strong></span> <span class='ocrx_word' id='word_1_184' title='bbox 680 1641 770 1688; x_wconf 88' lang='lat' dir='ltr'><strong>motum</strong></span> <span class='ocrx_word' id='word_1_185' title='bbox 779 1638 905 1690; x_wconf 75' lang='lat' dir='ltr'><strong>voluntatis</strong></span> <span class='ocrx_word' id='word_1_186' title='bbox 913 1652 948 1688; x_wconf 76' lang='lat' dir='ltr'><strong>re</strong></span> <span class='ocrx_word' id='word_1_187' title='bbox 984 1638 985 1718; x_wconf 59' lang='lat' dir='ltr'><strong>i</strong></span> 
     </span>
     <span class='ocr_line' id='line_1_23' title="bbox 146 1709 985 1778; baseline -0.01 -14"><span class='ocrx_word' id='word_1_188' title='bbox 146 1713 262 1778; x_wconf 75' lang='lat' dir='ltr'><strong>potientis</strong></span> <span class='ocrx_word' id='word_1_189' title='bbox 276 1712 359 1764; x_wconf 87' lang='lat' dir='ltr'><strong>malum</strong></span> <span class='ocrx_word' id='word_1_190' title='bbox 366 1748 374 1775; x_wconf 94' lang='lat'><strong>,</strong></span> <span class='ocrx_word' id='word_1_191' title='bbox 384 1716 409 1762; x_wconf 90' lang='lat' dir='ltr'><strong>ut</strong></span> <span class='ocrx_word' id='word_1_192' title='bbox 418 1711 494 1776; x_wconf 88' lang='lat' dir='ltr'><strong>ipsum</strong></span> <span class='ocrx_word' id='word_1_193' title='bbox 506 1724 591 1761; x_wconf 90' lang='lat' dir='ltr'><strong>nomen</strong></span> <span class='ocrx_word' id='word_1_194' title='bbox 600 1709 784 1759; x_wconf 79' lang='lat' dir='ltr'><strong>declinationis</strong></span> <span class='ocrx_word' id='word_1_195' title='bbox 795 1710 833 1776; x_wconf 84' lang='lat' dir='ltr'><strong>(t)</strong></span> <span class='ocrx_word' id='word_1_196' title='bbox 843 1712 947 1762; x_wconf 86' lang='lat' dir='ltr'><strong>ostendit.</strong></span> <span class='ocrx_word' id='word_1_197' title='bbox 984 1725 985 1756; x_wconf 76' lang='lat'>1</span> 
     </span>
     <span class='ocr_line' id='line_1_24' title="bbox 147 1780 952 1848; baseline -0.006 -12"><span class='ocrx_word' id='word_1_198' title='bbox 147 1786 178 1836; x_wconf 82' lang='lat' dir='ltr'><strong>Et</strong></span> <span class='ocrx_word' id='word_1_199' title='bbox 190 1787 234 1836; x_wconf 83' lang='lat' dir='ltr'><strong>hoc</strong></span> <span class='ocrx_word' id='word_1_200' title='bbox 249 1790 285 1836; x_wconf 85' lang='lat' dir='ltr'><strong>est</strong></span> <span class='ocrx_word' id='word_1_201' title='bbox 298 1783 451 1848; x_wconf 85' lang='lat' dir='ltr'><strong>meritorium,</strong></span> <span class='ocrx_word' id='word_1_202' title='bbox 466 1781 585 1846; x_wconf 75' lang='lat' dir='ltr'><strong>precipue</strong></span> <span class='ocrx_word' id='word_1_203' title='bbox 600 1782 691 1845; x_wconf 81' lang='lat' dir='ltr'><strong>qnando</strong></span> <span class='ocrx_word' id='word_1_204' title='bbox 704 1780 790 1845; x_wconf 71' lang='lat' dir='ltr'><strong>aliems</strong></span> <span class='ocrx_word' id='word_1_205' title='bbox 811 1782 952 1847; x_wconf 71' lang='lat' dir='ltr'><strong>impugnator</strong></span> 
     </span>
     <span class='ocr_line' id='line_1_25' title="bbox 148 1855 514 1916; baseline -0.003 -11"><span class='ocrx_word' id='word_1_206' title='bbox 148 1860 174 1906; x_wconf 89' lang='lat' dir='ltr'><strong>rrt</strong></span> <span class='ocrx_word' id='word_1_207' title='bbox 188 1857 273 1908; x_wconf 88' lang='lat' dir='ltr'><strong>malum</strong></span> <span class='ocrx_word' id='word_1_208' title='bbox 284 1856 365 1916; x_wconf 84' lang='lat' dir='ltr'><strong>faeiat,</strong></span> <span class='ocrx_word' id='word_1_209' title='bbox 380 1859 403 1906; x_wconf 85' lang='lat' dir='ltr'><strong>et</strong></span> <span class='ocrx_word' id='word_1_210' title='bbox 418 1855 514 1906; x_wconf 87' lang='lat' dir='ltr'><strong>resistit.</strong></span> 
     </span>
    </p>

    <p class='ocr_par' dir='ltr' id='par_1_6' title="bbox 150 1924 954 2208">
     <span class='ocr_line' id='line_1_26' title="bbox 180 1924 954 1990; baseline 0.001 -13"><span class='ocrx_word' id='word_1_211' title='bbox 180 1928 215 1978; x_wconf 80' lang='lat' dir='ltr'><strong>td</strong></span> <span class='ocrx_word' id='word_1_212' title='bbox 231 1927 322 1978; x_wconf 89' lang='lat' dir='ltr'><strong>tertium</strong></span> <span class='ocrx_word' id='word_1_213' title='bbox 338 1926 474 1987; x_wconf 84' lang='lat' dir='ltr'><strong>dicendum,</strong></span> <span class='ocrx_word' id='word_1_214' title='bbox 490 1925 550 1990; x_wconf 76' lang='lat' dir='ltr'><strong>quid</strong></span> <span class='ocrx_word' id='word_1_215' title='bbox 563 1927 646 1990; x_wconf 79' lang='lat' dir='ltr'><strong>faeere</strong></span> <span class='ocrx_word' id='word_1_216' title='bbox 658 1924 752 1975; x_wconf 80' lang='lat' dir='ltr'><strong>bonum</strong></span> <span class='ocrx_word' id='word_1_217' title='bbox 766 1929 803 1977; x_wconf 86' lang='lat' dir='ltr'><strong>est</strong></span> <span class='ocrx_word' id='word_1_218' title='bbox 817 1932 882 1978; x_wconf 86' lang='lat' dir='ltr'><strong>aetus</strong></span> <span class='ocrx_word' id='word_1_219' title='bbox 893 1940 954 1978; x_wconf 85' lang='lat' dir='ltr'><strong>som·</strong></span> 
     </span>
     <span class='ocr_line' id='line_1_27' title="bbox 150 1996 954 2064; baseline -0.004 -14"><span class='ocrx_word' id='word_1_220' title='bbox 150 1999 250 2064; x_wconf 80' lang='lat' dir='ltr'><strong>pletivus</strong></span> <span class='ocrx_word' id='word_1_221' title='bbox 263 1998 378 2064; x_wconf 79' lang='lat' dir='ltr'><strong>justitie,</strong></span> <span class='ocrx_word' id='word_1_222' title='bbox 396 2002 420 2050; x_wconf 89' lang='lat' dir='ltr'><strong>et</strong></span> <span class='ocrx_word' id='word_1_223' title='bbox 438 1998 506 2062; x_wconf 86' lang='lat' dir='ltr'><strong>qnasi</strong></span> <span class='ocrx_word' id='word_1_224' title='bbox 522 2011 575 2062; x_wconf 87' lang='lat' dir='ltr'><strong>pars</strong></span> <span class='ocrx_word' id='word_1_225' title='bbox 594 1996 728 2060; x_wconf 82' lang='lat' dir='ltr'><strong>principalis</strong></span> <span class='ocrx_word' id='word_1_226' title='bbox 745 1998 814 2062; x_wconf 88' lang='lat' dir='ltr'><strong>ejns;</strong></span> <span class='ocrx_word' id='word_1_227' title='bbox 830 1999 954 2050; x_wconf 79' lang='lat' dir='ltr'><strong>declinare</strong></span> 
     </span>
     <span class='ocr_line' id='line_1_28' title="bbox 150 2067 953 2136; baseline 0.001 -18"><span class='ocrx_word' id='word_1_228' title='bbox 150 2074 226 2120; x_wconf 85' lang='lat' dir='ltr'><strong>antem</strong></span> <span class='ocrx_word' id='word_1_229' title='bbox 241 2072 257 2120; x_wconf 82' lang='grc' dir='ltr'><em>ὰ</em></span> <span class='ocrx_word' id='word_1_230' title='bbox 271 2069 340 2120; x_wconf 83' lang='lat' dir='ltr'><strong>malo</strong></span> <span class='ocrx_word' id='word_1_231' title='bbox 352 2073 387 2120; x_wconf 87' lang='lat' dir='ltr'><strong>est</strong></span> <span class='ocrx_word' id='word_1_232' title='bbox 400 2072 464 2120; x_wconf 84' lang='lat' dir='ltr'><strong>astus</strong></span> <span class='ocrx_word' id='word_1_233' title='bbox 476 2067 630 2133; x_wconf 80' lang='lat' dir='ltr'><strong>imperiectior</strong></span> <span class='ocrx_word' id='word_1_234' title='bbox 642 2072 667 2118; x_wconf 83' lang='lat' dir='ltr'><strong>et</strong></span> <span class='ocrx_word' id='word_1_235' title='bbox 682 2069 821 2120; x_wconf 77' lang='lat' dir='ltr'><strong>secundaria</strong></span> <span class='ocrx_word' id='word_1_236' title='bbox 833 2085 888 2136; x_wconf 89' lang='lat' dir='ltr'><strong>pars</strong></span> <span class='ocrx_word' id='word_1_237' title='bbox 897 2071 953 2135; x_wconf 84' lang='lat' dir='ltr'><strong>ejus.</strong></span> 
     </span>
     <span class='ocr_line' id='line_1_29' title="bbox 151 2139 954 2208; baseline -0.002 -16"><span class='ocrx_word' id='word_1_238' title='bbox 151 2141 181 2192; x_wconf 79' lang='lat' dir='ltr'><strong>nt</strong></span> <span class='ocrx_word' id='word_1_239' title='bbox 193 2142 245 2192; x_wconf 88' lang='lat' dir='ltr'><strong>ideo</strong></span> <span class='ocrx_word' id='word_1_240' title='bbox 258 2146 294 2192; x_wconf 89' lang='lat' dir='ltr'><strong>est</strong></span> <span class='ocrx_word' id='word_1_241' title='bbox 308 2141 375 2206; x_wconf 86' lang='lat' dir='ltr'><strong>qnasi</strong></span> <span class='ocrx_word' id='word_1_242' title='bbox 389 2154 442 2205; x_wconf 87' lang='lat' dir='ltr'><strong>pars</strong></span> <span class='ocrx_word' id='word_1_243' title='bbox 459 2139 582 2191; x_wconf 81' lang='lat' dir='ltr'><strong>materialis</strong></span> <span class='ocrx_word' id='word_1_244' title='bbox 598 2139 664 2204; x_wconf 76' lang='lat' dir='ltr'><strong>eins,</strong></span> <span class='ocrx_word' id='word_1_245' title='bbox 684 2139 735 2191; x_wconf 89' lang='lat' dir='ltr'><strong>sine</strong></span> <span class='ocrx_word' id='word_1_246' title='bbox 749 2154 797 2205; x_wconf 76' lang='lat' dir='ltr'><strong>pon</strong></span> <span class='ocrx_word' id='word_1_247' title='bbox 816 2156 866 2194; x_wconf 92' lang='lat' dir='ltr'><strong>non</strong></span> <span class='ocrx_word' id='word_1_248' title='bbox 882 2147 954 2208; x_wconf 72' lang='lat' dir='ltr'><strong>potest</strong></span> 
     </span>
    </p>
   </div>
   <div class='ocr_carea' id='block_1_3' title="bbox 152 2211 546 2277">
    <p class='ocr_par' dir='ltr' id='par_1_7' title="bbox 152 2211 546 2277">
     <span class='ocr_line' id='line_1_30' title="bbox 152 2211 546 2277; baseline -0.003 -15"><span class='ocrx_word' id='word_1_249' title='bbox 152 2224 203 2263; x_wconf 88' lang='lat' dir='ltr'><strong>esse</strong></span> <span class='ocrx_word' id='word_1_250' title='bbox 217 2225 271 2277; x_wconf 83' lang='lat' dir='ltr'><strong>pers</strong></span> <span class='ocrx_word' id='word_1_251' title='bbox 288 2211 389 2264; x_wconf 78' lang='lat' dir='ltr'><strong>formalis</strong></span> <span class='ocrx_word' id='word_1_252' title='bbox 402 2211 546 2275; x_wconf 83' lang='lat' dir='ltr'><strong>eompletira.</strong></span> 
     </span>
    </p>
   </div>
   <div class='ocr_carea' id='block_1_4' title="bbox 279 2389 832 2573">
    <p class='ocr_par' dir='ltr' id='par_1_8' title="bbox 279 2389 832 2573">
     <span class='ocr_line' id='line_1_31' title="bbox 444 2389 653 2442; baseline -0.005 -1"><span class='ocrx_word' id='word_1_253' title='bbox 444 2389 606 2442; x_wconf 75' lang='lat' dir='ltr'><strong>nstitutus</strong></span> <span class='ocrx_word' id='word_1_254' title='bbox 624 2391 653 2440; x_wconf 83' lang='lat' dir='ltr'><strong>Il.</strong></span> 
     </span>
     <span class='ocr_line' id='line_1_32' title="bbox 279 2514 832 2573; baseline -0.002 -10"><span class='ocrx_word' id='word_1_255' title='bbox 279 2518 364 2563; x_wconf 79' lang='lat' dir='ltr'><strong>Utrtsm</strong></span> <span class='ocrx_word' id='word_1_256' title='bbox 375 2518 534 2573; x_wconf 78' lang='lat' dir='ltr'><strong>tranepresaio</strong></span> <span class='ocrx_word' id='word_1_257' title='bbox 547 2516 581 2561; x_wconf 84' lang='lat' dir='ltr'><strong>ait</strong></span> <span class='ocrx_word' id='word_1_258' title='bbox 588 2514 691 2573; x_wconf 74' lang='lat' dir='ltr'><strong>speciale</strong></span> <span class='ocrx_word' id='word_1_259' title='bbox 699 2516 832 2572; x_wconf 65' lang='lat' dir='ltr'><strong>maenium.</strong></span> 
     </span>
    </p>
   </div>
   <div class='ocr_carea' id='block_1_5' title="bbox 154 2642 959 2778">
    <p class='ocr_par' dir='ltr' id='par_1_9' title="bbox 154 2642 959 2778">
     <span class='ocr_line' id='line_1_33' title="bbox 187 2642 955 2708; baseline -0.004 -14"><span class='ocrx_word' id='word_1_260' title='bbox 187 2645 353 2696; x_wconf 73' lang='lat' dir='ltr'><strong>insonandum</strong></span> <span class='ocrx_word' id='word_1_261' title='bbox 372 2643 404 2694; x_wconf 82' lang='lat' dir='ltr'><strong>sie</strong></span> <span class='ocrx_word' id='word_1_262' title='bbox 413 2643 553 2708; x_wconf 83' lang='lat' dir='ltr'><strong>proceditur.</strong></span> <span class='ocrx_word' id='word_1_263' title='bbox 567 2643 662 2693; x_wconf 78' lang='lat' dir='ltr'><strong>Videtur</strong></span> <span class='ocrx_word' id='word_1_264' title='bbox 671 2642 730 2706; x_wconf 81' lang='lat' dir='ltr'><strong>quot</strong></span> <span class='ocrx_word' id='word_1_265' title='bbox 747 2644 903 2706; x_wconf 77' lang='lat' dir='ltr'><strong>transgressio</strong></span> <span class='ocrx_word' id='word_1_266' title='bbox 912 2655 955 2692; x_wconf 91' lang='lat' dir='ltr'><strong>non</strong></span> 
     </span>
     <span class='ocr_line' id='line_1_34' title="bbox 154 2713 959 2778; baseline -0.004 -13"><span class='ocrx_word' id='word_1_267' title='bbox 154 2715 185 2765; x_wconf 86' lang='lat' dir='ltr'><strong>sit</strong></span> <span class='ocrx_word' id='word_1_268' title='bbox 202 2714 301 2778; x_wconf 82' lang='lat' dir='ltr'><strong>speciale</strong></span> <span class='ocrx_word' id='word_1_269' title='bbox 313 2717 442 2777; x_wconf 77' lang='lat' dir='ltr'><strong>peceatum.</strong></span> <span class='ocrx_word' id='word_1_270' title='bbox 460 2714 526 2764; x_wconf 83' lang='lat' dir='ltr'><strong>Nulla</strong></span> <span class='ocrx_word' id='word_1_271' title='bbox 537 2714 600 2764; x_wconf 87' lang='lat' dir='ltr'><strong>enim</strong></span> <span class='ocrx_word' id='word_1_272' title='bbox 615 2713 704 2778; x_wconf 76' lang='lat' dir='ltr'><strong>speeies</strong></span> <span class='ocrx_word' id='word_1_273' title='bbox 719 2713 816 2777; x_wconf 86' lang='lat' dir='ltr'><strong>ponitnr</strong></span> <span class='ocrx_word' id='word_1_274' title='bbox 833 2714 860 2764; x_wconf 89' lang='lat' dir='ltr'><strong>in</strong></span> <span class='ocrx_word' id='word_1_275' title='bbox 875 2714 959 2765; x_wconf 80' lang='lat' dir='ltr'><strong>diffini·</strong></span> 
     </span>
    </p>
   </div>
   <div class='ocr_carea' id='block_1_6' title="bbox 187 2845 958 2910">
    <p class='ocr_par' dir='ltr' id='par_1_10' title="bbox 187 2845 958 2910">
     <span class='ocr_line' id='line_1_35' title="bbox 187 2845 958 2910; baseline 0.022 -19"><span class='ocrx_word' id='word_1_276' title='bbox 187 2845 222 2909; x_wconf 89' lang='lat'><strong>(1)</strong></span> <span class='ocrx_word' id='word_1_277' title='bbox 236 2850 289 2894; x_wconf 83' lang='lat' dir='ltr'><strong>Non</strong></span> <span class='ocrx_word' id='word_1_278' title='bbox 303 2855 381 2898; x_wconf 81' lang='lat' dir='ltr'><strong>tamen</strong></span> <span class='ocrx_word' id='word_1_279' title='bbox 400 2849 630 2910; x_wconf 75' lang='lat' dir='ltr'><strong>Psat.xxxl11‚in</strong></span> <span class='ocrx_word' id='word_1_280' title='bbox 648 2848 724 2896; x_wconf 79' lang='lat' dir='ltr'><strong>mtinn</strong></span> <span class='ocrx_word' id='word_1_281' title='bbox 740 2850 845 2897; x_wconf 77' lang='lat' dir='ltr'><strong>editione</strong></span> <span class='ocrx_word' id='word_1_282' title='bbox 867 2853 894 2898; x_wconf 75' lang='lat' dir='ltr'><strong>in</strong></span> <span class='ocrx_word' id='word_1_283' title='bbox 913 2863 958 2909; x_wconf 73' lang='lat'><strong>¹1¹¹·</strong></span> 
     </span>
    </p>
   </div>
   <div class='ocr_carea' id='block_1_7' title="bbox 0 0 1025 3317">
    <p class='ocr_par' dir='ltr' id='par_1_11' title="bbox 0 0 1025 3317">
     <span class='ocr_line' id='line_1_36' title="bbox 0 0 1025 3317; baseline 0 0"><span class='ocrx_word' id='word_1_284' title='bbox 0 0 1025 3317; x_wconf 95' lang='lat' dir='ltr'><strong> </strong></span> 
     </span>
    </p>
   </div>
  </div>
 </body>
</html>
