<?xml version="1.0" encoding="UTF-8"?>
<!DOCTYPE html PUBLIC "-//W3C//DTD XHTML 1.0 Transitional//EN"
    "http://www.w3.org/TR/xhtml1/DTD/xhtml1-transitional.dtd">
<html xmlns="http://www.w3.org/1999/xhtml" xml:lang="en" lang="en">
 <head>
  <title>
</title>
<meta http-equiv="Content-Type" content="text/html;charset=utf-8" />
  <meta name='ocr-system' content='tesseract 3.04.00' />
  <meta name='ocr-capabilities' content='ocr_page ocr_carea ocr_par ocr_line ocrx_word'/>
</head>
<body>
  <div class='ocr_page' id='page_1' title='image "./summatheologica03nicogoog_0924.png"; bbox 0 0 1992 3317; ppageno 0'>
   <div class='ocr_carea' id='block_1_1' title="bbox 142 102 835 177">
    <p class='ocr_par' dir='ltr' id='par_1_1' title="bbox 142 102 835 177">
     <span class='ocr_line' id='line_1_1' title="bbox 142 102 835 177; baseline 0.006 -21"><span class='ocrx_word' id='word_1_1' title='bbox 142 119 174 156; x_wconf 81' lang='lat' dir='ltr'><strong>os</strong></span> <span class='ocrx_word' id='word_1_2' title='bbox 190 119 370 157; x_wconf 80' lang='lat' dir='ltr'><strong>runniunnmcns</strong></span> <span class='ocrx_word' id='word_1_3' title='bbox 385 120 416 157; x_wconf 81' lang='lat' dir='ltr'><strong>an</strong></span> <span class='ocrx_word' id='word_1_4' title='bbox 431 121 527 177; x_wconf 70' lang='lat' dir='ltr'><strong>rursm⁴</strong></span> <span class='ocrx_word' id='word_1_5' title='bbox 539 117 729 160; x_wconf 65' lang='lat' dir='ltr'><strong>accusationum.</strong></span> <span class='ocrx_word' id='word_1_6' title='bbox 788 102 835 160; x_wconf 64' lang='grc' dir='ltr'><strong>ιιι</strong></span> 
     </span>
    </p>
   </div>
   <div class='ocr_carea' id='block_1_2' title="bbox 38 196 838 533">
    <p class='ocr_par' dir='ltr' id='par_1_2' title="bbox 38 196 838 533">
     <span class='ocr_line' id='line_1_2' title="bbox 70 196 835 262; baseline 0.004 -16"><span class='ocrx_word' id='word_1_7' title='bbox 70 199 103 247; x_wconf 79' lang='lat' dir='ltr'><strong>dd</strong></span> <span class='ocrx_word' id='word_1_8' title='bbox 114 196 208 248; x_wconf 89' lang='lat' dir='ltr'><strong>tertium</strong></span> <span class='ocrx_word' id='word_1_9' title='bbox 220 196 354 258; x_wconf 90' lang='lat' dir='ltr'><strong>dicendum,</strong></span> <span class='ocrx_word' id='word_1_10' title='bbox 369 197 428 260; x_wconf 90' lang='lat' dir='ltr'><strong>quod</strong></span> <span class='ocrx_word' id='word_1_11' title='bbox 446 197 589 248; x_wconf 88' lang='lat' dir='ltr'><strong>denuntiator</strong></span> <span class='ocrx_word' id='word_1_12' title='bbox 606 211 653 248; x_wconf 91' lang='lat' dir='ltr'><strong>non</strong></span> <span class='ocrx_word' id='word_1_13' title='bbox 665 198 750 262; x_wconf 80' lang='lat' dir='ltr'><strong>obligat</strong></span> <span class='ocrx_word' id='word_1_14' title='bbox 764 211 789 248; x_wconf 89' lang='lat' dir='ltr'><strong>se</strong></span> <span class='ocrx_word' id='word_1_15' title='bbox 807 201 835 250; x_wconf 85' lang='lat' dir='ltr'><strong>ad</strong></span> 
     </span>
     <span class='ocr_line' id='line_1_3' title="bbox 38 267 835 334; baseline 0.004 -17"><span class='ocrx_word' id='word_1_16' title='bbox 38 268 254 332; x_wconf 82' lang='lat' dir='ltr'><strong>probandnm;unde</strong></span> <span class='ocrx_word' id='word_1_17' title='bbox 263 279 306 317; x_wconf 85' lang='lat' dir='ltr'><strong>nec</strong></span> <span class='ocrx_word' id='word_1_18' title='bbox 315 267 417 331; x_wconf 88' lang='lat' dir='ltr'><strong>punitur,</strong></span> <span class='ocrx_word' id='word_1_19' title='bbox 424 268 443 318; x_wconf 89' lang='lat' dir='ltr'><strong>si</strong></span> <span class='ocrx_word' id='word_1_20' title='bbox 454 269 548 332; x_wconf 84' lang='lat' dir='ltr'><strong>probare</strong></span> <span class='ocrx_word' id='word_1_21' title='bbox 558 270 731 333; x_wconf 63' lang='lat' dir='ltr'><strong>occatoriam</strong></span> <span class='ocrx_word' id='word_1_22' title='bbox 742 276 835 334; x_wconf 88' lang='lat' dir='ltr'><strong>propter</strong></span> 
     </span>
     <span class='ocr_line' id='line_1_4' title="bbox 38 338 837 405; baseline 0.003 -17"><span class='ocrx_word' id='word_1_23' title='bbox 38 345 83 390; x_wconf 85' lang='lat' dir='ltr'><strong>troc</strong></span> <span class='ocrx_word' id='word_1_24' title='bbox 93 341 118 389; x_wconf 91' lang='lat' dir='ltr'><strong>in</strong></span> <span class='ocrx_word' id='word_1_25' title='bbox 133 338 304 390; x_wconf 72' lang='lat' dir='ltr'><strong>denuntiatione</strong></span> <span class='ocrx_word' id='word_1_26' title='bbox 317 351 364 388; x_wconf 90' lang='lat' dir='ltr'><strong>nun</strong></span> <span class='ocrx_word' id='word_1_27' title='bbox 377 343 411 389; x_wconf 91' lang='lat' dir='ltr'><strong>est</strong></span> <span class='ocrx_word' id='word_1_28' title='bbox 424 339 551 390; x_wconf 77' lang='lat' dir='ltr'><strong>necessaria</strong></span> <span class='ocrx_word' id='word_1_29' title='bbox 561 342 682 405; x_wconf 83' lang='lat' dir='ltr'><strong>scriptura,</strong></span> <span class='ocrx_word' id='word_1_30' title='bbox 698 343 739 392; x_wconf 92' lang='lat' dir='ltr'><strong>sed</strong></span> <span class='ocrx_word' id='word_1_31' title='bbox 753 342 837 392; x_wconf 82' lang='lat' dir='ltr'><strong>sufficit</strong></span> 
     </span>
     <span class='ocr_line' id='line_1_5' title="bbox 38 410 838 483; baseline 0.004 -21"><span class='ocrx_word' id='word_1_32' title='bbox 38 414 56 462; x_wconf 84' lang='lat' dir='ltr'><strong>si</strong></span> <span class='ocrx_word' id='word_1_33' title='bbox 75 411 161 474; x_wconf 87' lang='lat' dir='ltr'><strong>aliquis</strong></span> <span class='ocrx_word' id='word_1_34' title='bbox 177 411 246 483; x_wconf 77' lang='lat' dir='ltr'><strong>reric</strong></span> <span class='ocrx_word' id='word_1_35' title='bbox 259 410 376 460; x_wconf 77' lang='lat' dir='ltr'><strong>denuntiet</strong></span> <span class='ocrx_word' id='word_1_36' title='bbox 389 411 508 475; x_wconf 80' lang='lat' dir='ltr'><strong>Ecclesiae,</strong></span> <span class='ocrx_word' id='word_1_37' title='bbox 525 427 577 481; x_wconf 83' lang='lat' dir='ltr'><strong>qna</strong></span> <span class='ocrx_word' id='word_1_38' title='bbox 592 427 621 464; x_wconf 84' lang='lat' dir='ltr'><strong>ex</strong></span> <span class='ocrx_word' id='word_1_39' title='bbox 636 413 713 464; x_wconf 80' lang='lat' dir='ltr'><strong>officio</strong></span> <span class='ocrx_word' id='word_1_40' title='bbox 730 427 771 465; x_wconf 87' lang='lat' dir='ltr'><strong>suo</strong></span> <span class='ocrx_word' id='word_1_41' title='bbox 785 427 838 478; x_wconf 82' lang='lat' dir='ltr'><strong>pro-</strong></span> 
     </span>
     <span class='ocr_line' id='line_1_6' title="bbox 38 481 440 533; baseline -0.007 0"><span class='ocrx_word' id='word_1_42' title='bbox 38 485 105 533; x_wconf 83' lang='lat' dir='ltr'><strong>cedet</strong></span> <span class='ocrx_word' id='word_1_43' title='bbox 118 483 147 532; x_wconf 88' lang='lat' dir='ltr'><strong>ad</strong></span> <span class='ocrx_word' id='word_1_44' title='bbox 161 482 237 532; x_wconf 79' lang='lat' dir='ltr'><strong>fratria</strong></span> <span class='ocrx_word' id='word_1_45' title='bbox 249 481 440 532; x_wconf 82' lang='lat' dir='ltr'><strong>emendationem.</strong></span> 
     </span>
    </p>
   </div>
   <div class='ocr_carea' id='block_1_3' title="bbox 331 661 542 712">
    <p class='ocr_par' dir='ltr' id='par_1_3' title="bbox 331 661 542 712">
     <span class='ocr_line' id='line_1_7' title="bbox 331 661 542 712; baseline 0 -2"><span class='ocrx_word' id='word_1_46' title='bbox 331 661 490 712; x_wconf 79' lang='lat' dir='ltr'>ARTICULUS</span> <span class='ocrx_word' id='word_1_47' title='bbox 504 663 542 712; x_wconf 90' lang='lat' dir='ltr'><strong>lii.</strong></span> 
     </span>
    </p>
   </div>
   <div class='ocr_carea' id='block_1_4' title="bbox 67 779 809 912">
    <p class='ocr_par' dir='ltr' id='par_1_4' title="bbox 67 779 809 912">
     <span class='ocr_line' id='line_1_8' title="bbox 67 779 809 848; baseline 0.005 -13"><span class='ocrx_word' id='word_1_48' title='bbox 67 791 156 836; x_wconf 83' lang='lat' dir='ltr'><strong>Utricm</strong></span> <span class='ocrx_word' id='word_1_49' title='bbox 170 791 288 835; x_wconf 74' lang='lat' dir='ltr'><strong>accusatio</strong></span> <span class='ocrx_word' id='word_1_50' title='bbox 302 791 417 835; x_wconf 79' lang='lat' dir='ltr'><strong>recidatur·</strong></span> <span class='ocrx_word' id='word_1_51' title='bbox 430 779 525 847; x_wconf 79' lang='lat' dir='ltr'><strong>injusto</strong></span> <span class='ocrx_word' id='word_1_52' title='bbox 538 795 635 847; x_wconf 84' lang='lat' dir='ltr'><strong>propter</strong></span> <span class='ocrx_word' id='word_1_53' title='bbox 648 792 809 848; x_wconf 66' lang='lat' dir='ltr'><strong>calomniam,</strong></span> 
     </span>
     <span class='ocr_line' id='line_1_9' title="bbox 187 855 689 912; baseline 0.004 -14"><span class='ocrx_word' id='word_1_54' title='bbox 187 855 405 910; x_wconf 69' lang='lat' dir='ltr'><strong>prevaricationem</strong></span> <span class='ocrx_word' id='word_1_55' title='bbox 424 860 446 898; x_wconf 90' lang='lat' dir='ltr'><strong>et</strong></span> <span class='ocrx_word' id='word_1_56' title='bbox 463 855 689 912; x_wconf 82' lang='lat' dir='ltr'><strong>terpiversotionem.</strong></span> 
     </span>
    </p>
   </div>
   <div class='ocr_carea' id='block_1_5' title="bbox 33 983 843 2894">
    <p class='ocr_par' dir='ltr' id='par_1_5' title="bbox 36 983 839 1402">
     <span class='ocr_line' id='line_1_10' title="bbox 66 983 838 1049; baseline -0.001 -13"><span class='ocrx_word' id='word_1_57' title='bbox 66 986 102 1036; x_wconf 81' lang='lat' dir='ltr'><strong>ad</strong></span> <span class='ocrx_word' id='word_1_58' title='bbox 118 983 213 1034; x_wconf 87' lang='lat' dir='ltr'><strong>tertium</strong></span> <span class='ocrx_word' id='word_1_59' title='bbox 230 983 264 1034; x_wconf 89' lang='lat' dir='ltr'><strong>sic</strong></span> <span class='ocrx_word' id='word_1_60' title='bbox 276 984 412 1049; x_wconf 88' lang='lat' dir='ltr'><strong>proceditur.</strong></span> <span class='ocrx_word' id='word_1_61' title='bbox 420 984 515 1035; x_wconf 89' lang='lat' dir='ltr'><strong>Videtur</strong></span> <span class='ocrx_word' id='word_1_62' title='bbox 524 984 583 1048; x_wconf 87' lang='lat' dir='ltr'><strong>qndd</strong></span> <span class='ocrx_word' id='word_1_63' title='bbox 602 985 715 1035; x_wconf 82' lang='lat' dir='ltr'><strong>accusatio</strong></span> <span class='ocrx_word' id='word_1_64' title='bbox 728 998 773 1034; x_wconf 89' lang='lat' dir='ltr'><strong>non</strong></span> <span class='ocrx_word' id='word_1_65' title='bbox 787 988 838 1036; x_wconf 86' lang='lat' dir='ltr'><strong>red·</strong></span> 
     </span>
     <span class='ocr_line' id='line_1_11' title="bbox 37 1055 839 1120; baseline 0.002 -16"><span class='ocrx_word' id='word_1_66' title='bbox 37 1059 102 1106; x_wconf 81' lang='lat' dir='ltr'><strong>riatur</strong></span> <span class='ocrx_word' id='word_1_67' title='bbox 111 1055 197 1119; x_wconf 87' lang='lat' dir='ltr'><strong>injusta</strong></span> <span class='ocrx_word' id='word_1_68' title='bbox 210 1058 302 1119; x_wconf 88' lang='lat' dir='ltr'><strong>propter</strong></span> <span class='ocrx_word' id='word_1_69' title='bbox 313 1055 464 1118; x_wconf 87' lang='lat' dir='ltr'><strong>calumniam,</strong></span> <span class='ocrx_word' id='word_1_70' title='bbox 476 1056 683 1120; x_wconf 75' lang='lat' dir='ltr'><strong>prevaricationem</strong></span> <span class='ocrx_word' id='word_1_71' title='bbox 694 1059 717 1107; x_wconf 90' lang='lat' dir='ltr'><strong>et</strong></span> <span class='ocrx_word' id='word_1_72' title='bbox 730 1056 839 1118; x_wconf 66' lang='lat' dir='ltr'><strong>tergiter«</strong></span> 
     </span>
     <span class='ocr_line' id='line_1_12' title="bbox 36 1125 836 1190; baseline 0.001 -14"><span class='ocrx_word' id='word_1_73' title='bbox 36 1128 159 1178; x_wconf 87' lang='lat' dir='ltr'><strong>sationem.</strong></span> <span class='ocrx_word' id='word_1_74' title='bbox 179 1125 244 1189; x_wconf 82' lang='lat' dir='ltr'><strong>Quia,</strong></span> <span class='ocrx_word' id='word_1_75' title='bbox 260 1125 318 1176; x_wconf 91' lang='lat' dir='ltr'><strong>sicut</strong></span> <span class='ocrx_word' id='word_1_76' title='bbox 332 1126 413 1176; x_wconf 88' lang='lat' dir='ltr'><strong>dicitur</strong></span> <span class='ocrx_word' id='word_1_77' title='bbox 428 1128 462 1190; x_wconf 85' lang='grc' dir='ltr'><strong>ιι,</strong></span> <span class='ocrx_word' id='word_1_78' title='bbox 475 1141 515 1190; x_wconf 87' lang='lat' dir='ltr'><strong>qu.</strong></span> <span class='ocrx_word' id='word_1_79' title='bbox 529 1132 552 1188; x_wconf 81' lang='lat'><strong>3,</strong></span> <span class='ocrx_word' id='word_1_80' title='bbox 564 1126 720 1179; x_wconf 72' lang='lat' dir='ltr'><strong>calumniari</strong></span> <span class='ocrx_word' id='word_1_81' title='bbox 733 1132 770 1176; x_wconf 89' lang='lat' dir='ltr'><strong>est</strong></span> <span class='ocrx_word' id='word_1_82' title='bbox 780 1127 836 1177; x_wconf 86' lang='lat' dir='ltr'><strong>falsa</strong></span> 
     </span>
     <span class='ocr_line' id='line_1_13' title="bbox 37 1196 837 1262; baseline 0 -16"><span class='ocrx_word' id='word_1_83' title='bbox 37 1198 133 1248; x_wconf 81' lang='lat' dir='ltr'><strong>crimina</strong></span> <span class='ocrx_word' id='word_1_84' title='bbox 142 1196 268 1246; x_wconf 86' lang='lat' dir='ltr'><strong>intendere.</strong></span> <span class='ocrx_word' id='word_1_85' title='bbox 279 1197 487 1262; x_wconf 77' lang='lat' dir='ltr'><strong>»Sedquandoque</strong></span> <span class='ocrx_word' id='word_1_86' title='bbox 495 1197 578 1262; x_wconf 87' lang='lat' dir='ltr'><strong>atiquis</strong></span> <span class='ocrx_word' id='word_1_87' title='bbox 586 1198 652 1248; x_wconf 88' lang='lat' dir='ltr'><strong>atteri</strong></span> <span class='ocrx_word' id='word_1_88' title='bbox 660 1198 741 1248; x_wconf 85' lang='lat' dir='ltr'><strong>falsum</strong></span> <span class='ocrx_word' id='word_1_89' title='bbox 750 1197 837 1247; x_wconf 83' lang='lat' dir='ltr'><strong>crimen</strong></span> 
     </span>
     <span class='ocr_line' id='line_1_14' title="bbox 36 1267 838 1333; baseline 0 -14"><span class='ocrx_word' id='word_1_90' title='bbox 36 1269 117 1333; x_wconf 85' lang='lat' dir='ltr'><strong>objicit</strong></span> <span class='ocrx_word' id='word_1_91' title='bbox 133 1279 164 1318; x_wconf 76' lang='lat' dir='ltr'><strong>ea</strong></span> <span class='ocrx_word' id='word_1_92' title='bbox 179 1267 306 1330; x_wconf 76' lang='lat' dir='ltr'><strong>ignorantia</strong></span> <span class='ocrx_word' id='word_1_93' title='bbox 323 1267 391 1332; x_wconf 88' lang='lat' dir='ltr'><strong>tacti,</strong></span> <span class='ocrx_word' id='word_1_94' title='bbox 409 1282 459 1332; x_wconf 83' lang='lat' dir='ltr'><strong>quoe</strong></span> <span class='ocrx_word' id='word_1_95' title='bbox 474 1273 576 1319; x_wconf 82' lang='lat' dir='ltr'><strong>excusat.</strong></span> <span class='ocrx_word' id='word_1_96' title='bbox 599 1270 657 1332; x_wconf 78' lang='lat' dir='ltr'><strong>Ergo</strong></span> <span class='ocrx_word' id='word_1_97' title='bbox 673 1269 763 1319; x_wconf 82' lang='lat' dir='ltr'><strong>uidetur</strong></span> <span class='ocrx_word' id='word_1_98' title='bbox 778 1268 838 1332; x_wconf 80' lang='lat' dir='ltr'><strong>qnid</strong></span> 
     </span>
     <span class='ocr_line' id='line_1_15' title="bbox 37 1339 773 1402; baseline -0.001 -14"><span class='ocrx_word' id='word_1_99' title='bbox 37 1352 82 1390; x_wconf 89' lang='lat' dir='ltr'><strong>non</strong></span> <span class='ocrx_word' id='word_1_100' title='bbox 96 1351 192 1402; x_wconf 87' lang='lat' dir='ltr'><strong>semper</strong></span> <span class='ocrx_word' id='word_1_101' title='bbox 203 1339 309 1388; x_wconf 82' lang='lat' dir='ltr'><strong>reddatur</strong></span> <span class='ocrx_word' id='word_1_102' title='bbox 319 1339 403 1402; x_wconf 83' lang='lat' dir='ltr'><strong>injusta</strong></span> <span class='ocrx_word' id='word_1_103' title='bbox 415 1339 537 1401; x_wconf 86' lang='lat' dir='ltr'><strong>accusatio,</strong></span> <span class='ocrx_word' id='word_1_104' title='bbox 552 1340 572 1390; x_wconf 94' lang='lat' dir='ltr'><strong>si</strong></span> <span class='ocrx_word' id='word_1_105' title='bbox 583 1340 613 1390; x_wconf 86' lang='lat' dir='ltr'><strong>sit</strong></span> <span class='ocrx_word' id='word_1_106' title='bbox 626 1340 773 1390; x_wconf 66' lang='lat' dir='ltr'><strong>mamniosa.</strong></span> 
     </span>
    </p>

    <p class='ocr_par' dir='ltr' id='par_1_6' title="bbox 35 1409 840 1758">
     <span class='ocr_line' id='line_1_16' title="bbox 66 1409 838 1476; baseline 0.001 -16"><span class='ocrx_word' id='word_1_107' title='bbox 66 1418 90 1460; x_wconf 75' lang='lat' dir='ltr'><strong>a.</strong></span> <span class='ocrx_word' id='word_1_108' title='bbox 107 1413 236 1472; x_wconf 78' lang='lat' dir='ltr'><strong>Praeterea,</strong></span> <span class='ocrx_word' id='word_1_109' title='bbox 252 1409 336 1460; x_wconf 82' lang='lat' dir='ltr'><strong>ibidem</strong></span> <span class='ocrx_word' id='word_1_110' title='bbox 351 1411 442 1474; x_wconf 81' lang='lat' dir='ltr'><strong>dicitur,</strong></span> <span class='ocrx_word' id='word_1_111' title='bbox 463 1411 524 1474; x_wconf 81' lang='lat' dir='ltr'><strong>quod</strong></span> <span class='ocrx_word' id='word_1_112' title='bbox 540 1425 555 1459; x_wconf 76' lang='lat' dir='ltr'><strong>a</strong></span> <span class='ocrx_word' id='word_1_113' title='bbox 569 1411 713 1476; x_wconf 79' lang='lat' dir='ltr'><strong>prevaricari</strong></span> <span class='ocrx_word' id='word_1_114' title='bbox 730 1416 765 1462; x_wconf 90' lang='lat' dir='ltr'><strong>est</strong></span> <span class='ocrx_word' id='word_1_115' title='bbox 784 1424 838 1461; x_wconf 89' lang='lat' dir='ltr'><strong>vera</strong></span> 
     </span>
     <span class='ocr_line' id='line_1_17' title="bbox 35 1481 838 1545; baseline 0 -15"><span class='ocrx_word' id='word_1_116' title='bbox 35 1483 131 1532; x_wconf 72' lang='lat' dir='ltr'><strong>cumina</strong></span> <span class='ocrx_word' id='word_1_117' title='bbox 141 1481 288 1532; x_wconf 83' lang='lat' dir='ltr'><strong>abscondere.</strong></span> <span class='ocrx_word' id='word_1_118' title='bbox 300 1497 313 1528; x_wconf 87' lang='lat' dir='ltr'><strong>n</strong></span> <span class='ocrx_word' id='word_1_119' title='bbox 326 1482 369 1532; x_wconf 83' lang='lat' dir='ltr'><strong>Sed</strong></span> <span class='ocrx_word' id='word_1_120' title='bbox 378 1483 422 1531; x_wconf 86' lang='lat' dir='ltr'><strong>hoc</strong></span> <span class='ocrx_word' id='word_1_121' title='bbox 431 1495 477 1531; x_wconf 90' lang='lat' dir='ltr'><strong>uon</strong></span> <span class='ocrx_word' id='word_1_122' title='bbox 490 1481 579 1532; x_wconf 86' lang='lat' dir='ltr'><strong>videtur</strong></span> <span class='ocrx_word' id='word_1_123' title='bbox 592 1495 644 1531; x_wconf 90' lang='lat' dir='ltr'><strong>esse</strong></span> <span class='ocrx_word' id='word_1_124' title='bbox 655 1482 772 1543; x_wconf 80' lang='lat' dir='ltr'><strong>illicitum3</strong></span> <span class='ocrx_word' id='word_1_125' title='bbox 783 1483 838 1545; x_wconf 86' lang='lat' dir='ltr'><strong>quia</strong></span> 
     </span>
     <span class='ocr_line' id='line_1_18' title="bbox 36 1552 840 1617; baseline 0 -15"><span class='ocrx_word' id='word_1_126' title='bbox 36 1557 105 1604; x_wconf 85' lang='lat' dir='ltr'><strong>domn</strong></span> <span class='ocrx_word' id='word_1_127' title='bbox 112 1567 162 1604; x_wconf 91' lang='lat' dir='ltr'><strong>non</strong></span> <span class='ocrx_word' id='word_1_128' title='bbox 172 1555 260 1602; x_wconf 82' lang='lat' dir='ltr'><strong>tenetur</strong></span> <span class='ocrx_word' id='word_1_129' title='bbox 268 1553 295 1603; x_wconf 90' lang='lat' dir='ltr'><strong>ad</strong></span> <span class='ocrx_word' id='word_1_130' title='bbox 306 1553 379 1602; x_wconf 86' lang='lat' dir='ltr'><strong>omnia</strong></span> <span class='ocrx_word' id='word_1_131' title='bbox 390 1553 485 1602; x_wconf 86' lang='lat' dir='ltr'><strong>crimina</strong></span> <span class='ocrx_word' id='word_1_132' title='bbox 494 1553 632 1616; x_wconf 77' lang='lat' dir='ltr'><strong>detegenda,</strong></span> <span class='ocrx_word' id='word_1_133' title='bbox 642 1558 668 1602; x_wconf 91' lang='lat' dir='ltr'><strong>ut</strong></span> <span class='ocrx_word' id='word_1_134' title='bbox 678 1553 745 1617; x_wconf 81' lang='lat' dir='ltr'><strong>supra</strong></span> <span class='ocrx_word' id='word_1_135' title='bbox 754 1552 840 1603; x_wconf 88' lang='lat' dir='ltr'><strong>dictum</strong></span> 
     </span>
     <span class='ocr_line' id='line_1_19' title="bbox 36 1623 835 1691; baseline -0.003 -16"><span class='ocrx_word' id='word_1_136' title='bbox 36 1630 69 1675; x_wconf 87' lang='lat' dir='ltr'><strong>est</strong></span> <span class='ocrx_word' id='word_1_137' title='bbox 82 1627 146 1691; x_wconf 89' lang='lat' dir='ltr'><strong>(art.</strong></span> <span class='ocrx_word' id='word_1_138' title='bbox 163 1627 192 1685; x_wconf 91' lang='lat' dir='ltr'><strong>t,</strong></span> <span class='ocrx_word' id='word_1_139' title='bbox 207 1627 231 1674; x_wconf 89' lang='lat' dir='ltr'><strong>et</strong></span> <span class='ocrx_word' id='word_1_140' title='bbox 244 1639 283 1688; x_wconf 86' lang='lat' dir='ltr'><strong>qu.</strong></span> <span class='ocrx_word' id='word_1_141' title='bbox 301 1627 344 1686; x_wconf 74' lang='lat'><strong>33,</strong></span> <span class='ocrx_word' id='word_1_142' title='bbox 360 1628 403 1674; x_wconf 86' lang='lat' dir='ltr'><strong>art.</strong></span> <span class='ocrx_word' id='word_1_143' title='bbox 414 1627 428 1671; x_wconf 79' lang='grc' dir='ltr'><strong>ι</strong></span> <span class='ocrx_word' id='word_1_144' title='bbox 438 1626 455 1684; x_wconf 77' lang='lat' dir='ltr'><strong>t.</strong></span> <span class='ocrx_word' id='word_1_145' title='bbox 470 1625 530 1686; x_wconf 81' lang='lat' dir='ltr'><strong>Ergo</strong></span> <span class='ocrx_word' id='word_1_146' title='bbox 545 1623 636 1673; x_wconf 82' lang='lat' dir='ltr'><strong>ridetur</strong></span> <span class='ocrx_word' id='word_1_147' title='bbox 647 1623 708 1686; x_wconf 82' lang='lat' dir='ltr'><strong>quod</strong></span> <span class='ocrx_word' id='word_1_148' title='bbox 722 1623 835 1674; x_wconf 88' lang='lat' dir='ltr'><strong>accusatio</strong></span> 
     </span>
     <span class='ocr_line' id='line_1_20' title="bbox 36 1694 546 1758; baseline 0 -14"><span class='ocrx_word' id='word_1_149' title='bbox 36 1710 81 1746; x_wconf 88' lang='lat' dir='ltr'><strong>non</strong></span> <span class='ocrx_word' id='word_1_150' title='bbox 92 1694 298 1758; x_wconf 83' lang='lat' dir='ltr'><strong>reddatnrinjusta</strong></span> <span class='ocrx_word' id='word_1_151' title='bbox 311 1707 340 1744; x_wconf 81' lang='lat' dir='ltr'><strong>ex</strong></span> <span class='ocrx_word' id='word_1_152' title='bbox 349 1695 546 1758; x_wconf 78' lang='lat' dir='ltr'><strong>prevaricatione.</strong></span> 
     </span>
    </p>

    <p class='ocr_par' dir='ltr' id='par_1_7' title="bbox 35 1765 840 2256">
     <span class='ocr_line' id='line_1_21' title="bbox 66 1765 840 1828; baseline -0.004 -11"><span class='ocrx_word' id='word_1_153' title='bbox 66 1773 90 1818; x_wconf 82' lang='lat'><strong>3.</strong></span> <span class='ocrx_word' id='word_1_154' title='bbox 104 1769 232 1826; x_wconf 72' lang='lat' dir='ltr'><strong>Praeterea,</strong></span> <span class='ocrx_word' id='word_1_155' title='bbox 244 1765 303 1815; x_wconf 89' lang='lat' dir='ltr'><strong>sient</strong></span> <span class='ocrx_word' id='word_1_156' title='bbox 315 1765 402 1816; x_wconf 88' lang='lat' dir='ltr'><strong>ibidem</strong></span> <span class='ocrx_word' id='word_1_157' title='bbox 415 1765 508 1828; x_wconf 88' lang='lat' dir='ltr'><strong>dicitur,</strong></span> <span class='ocrx_word' id='word_1_158' title='bbox 519 1781 534 1812; x_wconf 85' lang='lat' dir='ltr'><strong>u</strong></span> <span class='ocrx_word' id='word_1_159' title='bbox 543 1766 687 1828; x_wconf 65' lang='grc' dir='ltr'><strong>ιεεςιεειεειί</strong></span> <span class='ocrx_word' id='word_1_160' title='bbox 697 1770 733 1816; x_wconf 92' lang='lat' dir='ltr'><strong>est</strong></span> <span class='ocrx_word' id='word_1_161' title='bbox 751 1766 775 1815; x_wconf 89' lang='lat' dir='ltr'><strong>in</strong></span> <span class='ocrx_word' id='word_1_162' title='bbox 785 1766 840 1816; x_wconf 87' lang='lat' dir='ltr'><strong>nni·-</strong></span> 
     </span>
     <span class='ocr_line' id='line_1_22' title="bbox 35 1834 838 1900; baseline 0.002 -16"><span class='ocrx_word' id='word_1_163' title='bbox 35 1851 127 1890; x_wconf 83' lang='lat' dir='ltr'><strong>rersum</strong></span> <span class='ocrx_word' id='word_1_164' title='bbox 142 1837 172 1887; x_wconf 81' lang='lat' dir='ltr'><strong>att</strong></span> <span class='ocrx_word' id='word_1_165' title='bbox 188 1836 332 1887; x_wconf 72' lang='lat' dir='ltr'><strong>causatione</strong></span> <span class='ocrx_word' id='word_1_166' title='bbox 347 1837 465 1888; x_wconf 84' lang='lat' dir='ltr'><strong>desistere.</strong></span> <span class='ocrx_word' id='word_1_167' title='bbox 481 1853 495 1884; x_wconf 84' lang='lat' dir='ltr'><strong>u</strong></span> <span class='ocrx_word' id='word_1_168' title='bbox 511 1837 710 1900; x_wconf 73' lang='lat' dir='ltr'><strong>sadducaeosque</strong></span> <span class='ocrx_word' id='word_1_169' title='bbox 724 1834 838 1900; x_wconf 83' lang='lat' dir='ltr'><strong>injustitia</strong></span> 
     </span>
     <span class='ocr_line' id='line_1_23' title="bbox 36 1907 840 1974; baseline -0.002 -16"><span class='ocrx_word' id='word_1_170' title='bbox 36 1911 84 1960; x_wconf 89' lang='lat' dir='ltr'><strong>deri</strong></span> <span class='ocrx_word' id='word_1_171' title='bbox 99 1911 194 1974; x_wconf 85' lang='lat' dir='ltr'><strong>potest3</strong></span> <span class='ocrx_word' id='word_1_172' title='bbox 214 1907 295 1957; x_wconf 87' lang='lat' dir='ltr'><strong>dicitnr</strong></span> <span class='ocrx_word' id='word_1_173' title='bbox 307 1908 368 1958; x_wconf 87' lang='lat' dir='ltr'><strong>enim</strong></span> <span class='ocrx_word' id='word_1_174' title='bbox 379 1907 482 1958; x_wconf 83' lang='lat' dir='ltr'><strong>ididem:</strong></span> <span class='ocrx_word' id='word_1_175' title='bbox 500 1907 549 1956; x_wconf 81' lang='lat' dir='ltr'><strong>«Si</strong></span> <span class='ocrx_word' id='word_1_176' title='bbox 562 1921 629 1972; x_wconf 87' lang='lat' dir='ltr'><strong>quem</strong></span> <span class='ocrx_word' id='word_1_177' title='bbox 640 1908 781 1972; x_wconf 75' lang='lat' dir='ltr'><strong>paenituerit,</strong></span> <span class='ocrx_word' id='word_1_178' title='bbox 794 1907 840 1956; x_wconf 89' lang='lat' dir='ltr'><strong>cri-</strong></span> 
     </span>
     <span class='ocr_line' id='line_1_24' title="bbox 36 1977 840 2043; baseline -0.002 -13"><span class='ocrx_word' id='word_1_179' title='bbox 36 1981 154 2032; x_wconf 88' lang='lat' dir='ltr'><strong>minaliter</strong></span> <span class='ocrx_word' id='word_1_180' title='bbox 175 1977 341 2030; x_wconf 86' lang='lat' dir='ltr'><strong>accusationem</strong></span> <span class='ocrx_word' id='word_1_181' title='bbox 361 1983 385 2028; x_wconf 90' lang='lat' dir='ltr'><strong>et</strong></span> <span class='ocrx_word' id='word_1_182' title='bbox 402 1977 576 2043; x_wconf 85' lang='lat' dir='ltr'><strong>inscriptionem</strong></span> <span class='ocrx_word' id='word_1_183' title='bbox 589 1979 671 2029; x_wconf 87' lang='lat' dir='ltr'><strong>iecisse</strong></span> <span class='ocrx_word' id='word_1_184' title='bbox 688 1979 725 2029; x_wconf 87' lang='lat' dir='ltr'><strong>de.</strong></span> <span class='ocrx_word' id='word_1_185' title='bbox 735 1992 764 2028; x_wconf 90' lang='lat' dir='ltr'><strong>eo</strong></span> <span class='ocrx_word' id='word_1_186' title='bbox 779 1980 840 2042; x_wconf 81' lang='lat' dir='ltr'><strong>quod</strong></span> 
     </span>
     <span class='ocr_line' id='line_1_25' title="bbox 36 2049 833 2114; baseline 0 -16"><span class='ocrx_word' id='word_1_187' title='bbox 36 2053 135 2114; x_wconf 81' lang='lat' dir='ltr'><strong>probare</strong></span> <span class='ocrx_word' id='word_1_188' title='bbox 148 2049 322 2112; x_wconf 78' lang='lat' dir='ltr'><strong>perpetuent,</strong></span> <span class='ocrx_word' id='word_1_189' title='bbox 338 2049 358 2099; x_wconf 86' lang='lat' dir='ltr'><strong>si</strong></span> <span class='ocrx_word' id='word_1_190' title='bbox 371 2063 424 2098; x_wconf 88' lang='lat' dir='ltr'><strong>cum</strong></span> <span class='ocrx_word' id='word_1_191' title='bbox 440 2054 546 2100; x_wconf 87' lang='lat' dir='ltr'><strong>accusato</strong></span> <span class='ocrx_word' id='word_1_192' title='bbox 559 2051 678 2100; x_wconf 87' lang='lat' dir='ltr'><strong>innocente</strong></span> <span class='ocrx_word' id='word_1_193' title='bbox 692 2050 833 2107; x_wconf 82' lang='lat' dir='ltr'><strong>conuenerit,</strong></span> 
     </span>
     <span class='ocr_line' id='line_1_26' title="bbox 35 2120 838 2185; baseline -0.002 -14"><span class='ocrx_word' id='word_1_194' title='bbox 35 2125 138 2173; x_wconf 81' lang='lat' dir='ltr'><strong>inuicem</strong></span> <span class='ocrx_word' id='word_1_195' title='bbox 154 2135 181 2172; x_wconf 87' lang='lat' dir='ltr'><strong>se</strong></span> <span class='ocrx_word' id='word_1_196' title='bbox 201 2121 329 2171; x_wconf 79' lang='lat' dir='ltr'><strong>absolvant.</strong></span> <span class='ocrx_word' id='word_1_197' title='bbox 342 2136 356 2167; x_wconf 83' lang='lat' dir='ltr'><strong>c</strong></span> <span class='ocrx_word' id='word_1_198' title='bbox 367 2121 427 2183; x_wconf 81' lang='lat' dir='ltr'><strong>Ergo</strong></span> <span class='ocrx_word' id='word_1_199' title='bbox 445 2123 560 2172; x_wconf 82' lang='lat' dir='ltr'><strong>accusatio</strong></span> <span class='ocrx_word' id='word_1_200' title='bbox 577 2135 623 2172; x_wconf 91' lang='lat' dir='ltr'><strong>non</strong></span> <span class='ocrx_word' id='word_1_201' title='bbox 636 2122 738 2171; x_wconf 90' lang='lat' dir='ltr'><strong>redditur</strong></span> <span class='ocrx_word' id='word_1_202' title='bbox 751 2120 838 2185; x_wconf 83' lang='lat' dir='ltr'><strong>injusta</strong></span> 
     </span>
     <span class='ocr_line' id='line_1_27' title="bbox 36 2191 312 2256; baseline -0.011 -14"><span class='ocrx_word' id='word_1_203' title='bbox 36 2209 76 2256; x_wconf 88' lang='lat' dir='ltr'><strong>per</strong></span> <span class='ocrx_word' id='word_1_204' title='bbox 90 2191 312 2256; x_wconf 75' lang='lat' dir='ltr'><strong>tergiversationem.</strong></span> 
     </span>
    </p>

    <p class='ocr_par' dir='ltr' id='par_1_8' title="bbox 36 2261 840 2466">
     <span class='ocr_line' id='line_1_28' title="bbox 66 2261 839 2325; baseline -0.001 -12"><span class='ocrx_word' id='word_1_205' title='bbox 66 2265 114 2315; x_wconf 86' lang='lat' dir='ltr'><strong>Sed</strong></span> <span class='ocrx_word' id='word_1_206' title='bbox 128 2267 209 2313; x_wconf 89' lang='lat' dir='ltr'><strong>contra</strong></span> <span class='ocrx_word' id='word_1_207' title='bbox 223 2265 271 2325; x_wconf 85' lang='lat' dir='ltr'><strong>est,</strong></span> <span class='ocrx_word' id='word_1_208' title='bbox 284 2263 344 2325; x_wconf 87' lang='lat' dir='ltr'><strong>quod</strong></span> <span class='ocrx_word' id='word_1_209' title='bbox 356 2261 440 2312; x_wconf 87' lang='lat' dir='ltr'><strong>ibidem</strong></span> <span class='ocrx_word' id='word_1_210' title='bbox 452 2261 550 2312; x_wconf 80' lang='lat' dir='ltr'><strong>dimtar:</strong></span> <span class='ocrx_word' id='word_1_211' title='bbox 563 2278 578 2309; x_wconf 91' lang='lat'>«</span> <span class='ocrx_word' id='word_1_212' title='bbox 589 2262 749 2312; x_wconf 73' lang='lat' dir='ltr'><strong>decumarum</strong></span> <span class='ocrx_word' id='word_1_213' title='bbox 763 2266 839 2313; x_wconf 89' lang='lat' dir='ltr'><strong>teme-</strong></span> 
     </span>
     <span class='ocr_line' id='line_1_29' title="bbox 36 2331 840 2397; baseline 0 -15"><span class='ocrx_word' id='word_1_214' title='bbox 36 2336 91 2385; x_wconf 88' lang='lat' dir='ltr'><strong>ritas</strong></span> <span class='ocrx_word' id='word_1_215' title='bbox 107 2335 184 2384; x_wconf 81' lang='lat' dir='ltr'><strong>triirus</strong></span> <span class='ocrx_word' id='word_1_216' title='bbox 195 2333 268 2382; x_wconf 90' lang='lat' dir='ltr'><strong>modis</strong></span> <span class='ocrx_word' id='word_1_217' title='bbox 279 2331 392 2395; x_wconf 77' lang='lat' dir='ltr'><strong>detegitur</strong></span> <span class='ocrx_word' id='word_1_218' title='bbox 407 2336 463 2382; x_wconf 87' lang='lat' dir='ltr'><strong>:aut</strong></span> <span class='ocrx_word' id='word_1_219' title='bbox 471 2331 533 2382; x_wconf 87' lang='lat' dir='ltr'><strong>enim</strong></span> <span class='ocrx_word' id='word_1_220' title='bbox 545 2332 718 2395; x_wconf 61' lang='lat' dir='ltr'><strong>mundantur,</strong></span> <span class='ocrx_word' id='word_1_221' title='bbox 733 2337 771 2382; x_wconf 90' lang='lat' dir='ltr'><strong>aut</strong></span> <span class='ocrx_word' id='word_1_222' title='bbox 783 2346 840 2397; x_wconf 81' lang='lat' dir='ltr'><strong>pra-</strong></span> 
     </span>
     <span class='ocr_line' id='line_1_30' title="bbox 36 2405 467 2466; baseline -0.009 -12"><span class='ocrx_word' id='word_1_223' title='bbox 36 2408 181 2466; x_wconf 81' lang='lat' dir='ltr'><strong>varicantur,</strong></span> <span class='ocrx_word' id='word_1_224' title='bbox 194 2408 234 2454; x_wconf 87' lang='lat' dir='ltr'><strong>aut</strong></span> <span class='ocrx_word' id='word_1_225' title='bbox 246 2405 432 2466; x_wconf 83' lang='lat' dir='ltr'><strong>tergiversantur.</strong></span> <span class='ocrx_word' id='word_1_226' title='bbox 453 2419 467 2451; x_wconf 87' lang='lat' dir='ltr'><strong>n</strong></span> 
     </span>
    </p>

    <p class='ocr_par' dir='ltr' id='par_1_9' title="bbox 34 2475 842 2751">
     <span class='ocr_line' id='line_1_31' title="bbox 68 2475 842 2542; baseline -0.005 -14"><span class='ocrx_word' id='word_1_227' title='bbox 68 2480 77 2542; x_wconf 92' lang='lat'>(</span> <span class='ocrx_word' id='word_1_228' title='bbox 85 2480 234 2528; x_wconf 71' lang='grc' dir='ltr'><strong>(ὶοεοιεειο.</strong></span> <span class='ocrx_word' id='word_1_229' title='bbox 253 2501 283 2512; x_wconf 94' lang='grc'><strong>-</strong></span> <span class='ocrx_word' id='word_1_230' title='bbox 297 2477 382 2538; x_wconf 82' lang='lat' dir='ltr'><strong>injusta</strong></span> <span class='ocrx_word' id='word_1_231' title='bbox 400 2477 474 2525; x_wconf 88' lang='lat' dir='ltr'><strong>curnis</strong></span> <span class='ocrx_word' id='word_1_232' title='bbox 486 2476 587 2525; x_wconf 82' lang='lat' dir='ltr'><strong>redditur</strong></span> <span class='ocrx_word' id='word_1_233' title='bbox 605 2476 732 2536; x_wconf 85' lang='lat' dir='ltr'><strong>accusatio,</strong></span> <span class='ocrx_word' id='word_1_234' title='bbox 745 2475 784 2526; x_wconf 83' lang='lat' dir='ltr'><strong>ret</strong></span> <span class='ocrx_word' id='word_1_235' title='bbox 798 2489 842 2538; x_wconf 88' lang='lat' dir='ltr'><strong>per</strong></span> 
     </span>
     <span class='ocr_line' id='line_1_32' title="bbox 35 2547 842 2611; baseline 0 -15"><span class='ocrx_word' id='word_1_236' title='bbox 35 2549 192 2607; x_wconf 83' lang='lat' dir='ltr'><strong>calumniam,</strong></span> <span class='ocrx_word' id='word_1_237' title='bbox 207 2547 263 2597; x_wconf 82' lang='lat' dir='ltr'><strong>talsa</strong></span> <span class='ocrx_word' id='word_1_238' title='bbox 282 2547 375 2596; x_wconf 86' lang='lat' dir='ltr'><strong>crimina</strong></span> <span class='ocrx_word' id='word_1_239' title='bbox 396 2549 550 2610; x_wconf 78' lang='lat' dir='ltr'><strong>imponend03</strong></span> <span class='ocrx_word' id='word_1_240' title='bbox 564 2547 602 2597; x_wconf 82' lang='lat' dir='ltr'><strong>rei</strong></span> <span class='ocrx_word' id='word_1_241' title='bbox 618 2560 659 2610; x_wconf 90' lang='lat' dir='ltr'><strong>per</strong></span> <span class='ocrx_word' id='word_1_242' title='bbox 676 2547 842 2611; x_wconf 76' lang='lat' dir='ltr'><strong>praeuaricatio-</strong></span> 
     </span>
     <span class='ocr_line' id='line_1_33' title="bbox 36 2617 841 2682; baseline -0.004 -13"><span class='ocrx_word' id='word_1_243' title='bbox 36 2634 103 2682; x_wconf 87' lang='lat' dir='ltr'><strong>nem,</strong></span> <span class='ocrx_word' id='word_1_244' title='bbox 120 2620 226 2669; x_wconf 84' lang='lat' dir='ltr'><strong>fraudem</strong></span> <span class='ocrx_word' id='word_1_245' title='bbox 237 2617 325 2668; x_wconf 83' lang='lat' dir='ltr'><strong>scilicet</strong></span> <span class='ocrx_word' id='word_1_246' title='bbox 335 2617 360 2666; x_wconf 91' lang='lat' dir='ltr'><strong>in</strong></span> <span class='ocrx_word' id='word_1_247' title='bbox 374 2618 519 2667; x_wconf 80' lang='lat' dir='ltr'><strong>occursatione</strong></span> <span class='ocrx_word' id='word_1_248' title='bbox 533 2617 676 2680; x_wconf 79' lang='lat' dir='ltr'><strong>adhibendn3</strong></span> <span class='ocrx_word' id='word_1_249' title='bbox 691 2617 729 2666; x_wconf 86' lang='lat' dir='ltr'><strong>vei</strong></span> <span class='ocrx_word' id='word_1_250' title='bbox 743 2630 787 2680; x_wconf 94' lang='lat' dir='ltr'><strong>per</strong></span> <span class='ocrx_word' id='word_1_251' title='bbox 797 2622 841 2666; x_wconf 90' lang='lat' dir='ltr'><strong>ter-</strong></span> 
     </span>
     <span class='ocr_line' id='line_1_34' title="bbox 34 2687 840 2751; baseline -0.002 -11"><span class='ocrx_word' id='word_1_252' title='bbox 34 2691 231 2751; x_wconf 72' lang='lat' dir='ltr'><strong>adversantem,</strong></span> <span class='ocrx_word' id='word_1_253' title='bbox 251 2687 342 2740; x_wconf 87' lang='lat' dir='ltr'><strong>omuino</strong></span> <span class='ocrx_word' id='word_1_254' title='bbox 354 2688 459 2738; x_wconf 77' lang='lat' dir='ltr'><strong>uidelicet</strong></span> <span class='ocrx_word' id='word_1_255' title='bbox 476 2689 505 2738; x_wconf 87' lang='lat' dir='ltr'><strong>ab</strong></span> <span class='ocrx_word' id='word_1_256' title='bbox 522 2688 666 2738; x_wconf 84' lang='lat' dir='ltr'><strong>accusatione</strong></span> <span class='ocrx_word' id='word_1_257' title='bbox 682 2688 840 2750; x_wconf 86' lang='lat' dir='ltr'><strong>desistendo.)</strong></span> 
     </span>
    </p>

    <p class='ocr_par' dir='ltr' id='par_1_10' title="bbox 33 2759 843 2894">
     <span class='ocr_line' id='line_1_35' title="bbox 64 2759 840 2826; baseline -0.006 -13"><span class='ocrx_word' id='word_1_258' title='bbox 64 2762 209 2826; x_wconf 75' lang='lat' dir='ltr'><strong>despondeo</strong></span> <span class='ocrx_word' id='word_1_259' title='bbox 223 2759 356 2820; x_wconf 76' lang='lat' dir='ltr'><strong>dicentium,</strong></span> <span class='ocrx_word' id='word_1_260' title='bbox 371 2759 431 2824; x_wconf 84' lang='lat' dir='ltr'><strong>quod</strong></span> <span class='ocrx_word' id='word_1_261' title='bbox 440 2759 500 2810; x_wconf 79' lang='lat' dir='ltr'><strong>siunt</strong></span> <span class='ocrx_word' id='word_1_262' title='bbox 510 2759 593 2809; x_wconf 87' lang='lat' dir='ltr'><strong>dictum</strong></span> <span class='ocrx_word' id='word_1_263' title='bbox 604 2763 638 2808; x_wconf 88' lang='lat' dir='ltr'><strong>est</strong></span> <span class='ocrx_word' id='word_1_264' title='bbox 652 2759 704 2822; x_wconf 85' lang='lat' dir='ltr'><strong>(art.</strong></span> <span class='ocrx_word' id='word_1_265' title='bbox 717 2759 756 2821; x_wconf 87' lang='lat' dir='ltr'><strong>t),</strong></span> <span class='ocrx_word' id='word_1_266' title='bbox 772 2771 840 2809; x_wconf 89' lang='lat' dir='ltr'><strong>accu-</strong></span> 
     </span>
     <span class='ocr_line' id='line_1_36' title="bbox 33 2830 843 2894; baseline -0.002 -12"><span class='ocrx_word' id='word_1_267' title='bbox 33 2834 92 2884; x_wconf 87' lang='lat' dir='ltr'><strong>satio</strong></span> <span class='ocrx_word' id='word_1_268' title='bbox 107 2831 228 2884; x_wconf 86' lang='lat' dir='ltr'><strong>ordinatur</strong></span> <span class='ocrx_word' id='word_1_269' title='bbox 245 2832 273 2881; x_wconf 89' lang='lat' dir='ltr'><strong>ad</strong></span> <span class='ocrx_word' id='word_1_270' title='bbox 287 2831 372 2882; x_wconf 80' lang='lat' dir='ltr'><strong>bonum</strong></span> <span class='ocrx_word' id='word_1_271' title='bbox 386 2845 514 2893; x_wconf 85' lang='lat' dir='ltr'><strong>commune,</strong></span> <span class='ocrx_word' id='word_1_272' title='bbox 530 2832 589 2894; x_wconf 86' lang='lat' dir='ltr'><strong>quod</strong></span> <span class='ocrx_word' id='word_1_273' title='bbox 604 2830 729 2881; x_wconf 88' lang='lat' dir='ltr'><strong>intenditur</strong></span> <span class='ocrx_word' id='word_1_274' title='bbox 743 2844 785 2894; x_wconf 86' lang='lat' dir='ltr'><strong>per</strong></span> <span class='ocrx_word' id='word_1_275' title='bbox 798 2843 843 2880; x_wconf 82' lang='lat' dir='ltr'><strong>co-</strong></span> 
     </span>
    </p>
   </div>
   <div class='ocr_carea' id='block_1_6' title="bbox 0 0 1000 3317">
    <p class='ocr_par' dir='ltr' id='par_1_11' title="bbox 0 0 1000 3317">
     <span class='ocr_line' id='line_1_37' title="bbox 0 0 1000 3317; baseline 0 0"><span class='ocrx_word' id='word_1_276' title='bbox 0 0 1000 3317; x_wconf 95' lang='lat' dir='ltr'><strong> </strong></span> 
     </span>
    </p>
   </div>
  </div>
 </body>
</html>
