1992 3317
310 141 342 180 nn
355 140 479 182 oneremus
494 141 616 182 snsrnrrm.
817 135 864 184 839

108 217 138 269 in
152 217 267 268 secundum
283 217 414 282 dicendum,
429 217 490 283 qudd
508 219 620 283 generatio
635 221 707 272 torma
718 220 814 286 justitie
829 226 866 274 est

78 290 233 356 concitasti),
249 290 273 340 in
290 303 334 355 qna
350 291 459 341 convenit
473 291 560 354 institia
575 290 717 343 distributiva
734 306 786 343 cum
803 307 865 345 com·

77 361 183 413 nutatim.
193 365 219 413 in
234 375 279 412 nna
293 365 369 414 tamen
378 362 495 414 invenitur
510 362 627 427 squamas
639 363 763 414 secunddm
773 379 865 431 propor-

28 451 29 480 ς
77 434 211 484 donaiitatem
224 433 396 497 geometricam,
412 434 436 485 iu
453 433 496 484 atta
510 433 635 486 secundnm
655 437 829 488 arithmeticam.

104 506 136 556 td
153 504 238 556 tertium
255 505 391 566 dicendum,
407 505 467 569 qudd
485 506 510 556 in
531 507 656 558 actionibus
677 512 701 558 ct
721 509 866 574 passionibus

76 578 168 629 conditio
181 590 281 642 pemonae
293 577 348 627 iacit
364 577 392 628 ad
401 579 552 640 quantitatem
565 578 613 642 rei;
625 580 697 644 major
707 581 768 630 enim
779 585 815 632 est
828 581 864 632 in·

71 651 137 714 juria,
150 649 168 700 si
176 650 313 714 percutiatur
320 648 439 713 princeps,
451 648 518 712 cutm
529 648 549 699 si
560 648 699 713 percutiatur
710 651 798 715 priuata
808 665 864 716 per·

75 733 134 772 sona.
149 722 177 770 nt
188 719 239 771 ideo
250 721 350 770 conditio
369 728 471 784 persona
488 719 512 768 in
528 718 670 770 distributim
686 721 774 784 justitia
789 726 864 774 atten-

73 793 131 842 ditur
147 791 265 842 secondum
282 804 321 854 εις
338 791 362 841 in
379 791 538 841 commutatira
561 794 637 842 antem
663 791 786 844 secundum
804 793 865 860 quon

72 877 110 928 per
120 864 160 915 boc
172 861 335 914 diversificatur
348 875 394 912 res,

357 1041 515 1092 ARTlCULUS
528 1042 569 1091 111.

168 1163 252 1211 Utrdm
264 1167 365 1211 muterio
375 1167 499 1224 utriunque
508 1167 611 1224 Juetitt'co
620 1167 652 1212 et't
663 1167 765 1214 diverso.

97 1294 129 1345 tid
145 1291 235 1344 tertium
254 1293 288 1344 sic
302 1291 436 1357 proceditur.
450 1291 545 1344 Videtur
559 1292 619 1358 qubd
637 1294 731 1346 materia
744 1295 865 1360 utriusque

62 1364 159 1428 justitie
173 1377 218 1414 non
234 1365 263 1414 sit
276 1364 373 1415 diversa.
390 1364 516 1414 Diuersitae
528 1364 591 1415 enim
608 1367 708 1417 mamrie
719 1365 777 1416 iacit
790 1367 864 1418 diuer-

64 1437 157 1488 sitatem
171 1435 275 1496 virtutis,
288 1439 313 1485 ut
321 1439 385 1499 patet
393 1435 417 1484 in
431 1435 580 1498 temperantia
590 1439 614 1486 et
625 1436 763 1486 tortitudine.
771 1436 797 1486 Si
808 1451 863 1500 ergo

62 1505 215 1559 distributivae
224 1506 320 1570 justiis
326 1511 348 1557 et
357 1505 523 1557 commutativm
530 1506 559 1556 sit
568 1506 658 1568 diuersa
666 1509 769 1572 materia,
776 1508 867 1559 uidetur

60 1579 124 1644 qnbd
143 1589 189 1628 non
200 1576 359 1628 contineantur
372 1577 414 1628 sub
423 1589 467 1626 una
482 1577 580 1639 virtute,
596 1577 684 1628 scilicet
696 1578 739 1628 sub
751 1578 849 1641 justitia.

93 1656 117 1700 ε.
137 1651 261 1712 preterca,
276 1649 412 1708 distributio,
423 1661 474 1712 que
484 1647 584 1712 pertinet
595 1647 623 1697 ad
633 1648 744 1712 justitiam
758 1649 866 1701 distribu-

59 1724 134 1774 tivam
145 1759 152 1782 ,
164 1723 201 1771 cst
218 1719 320 1785 pecorias
340 1721 378 1771 uei
398 1718 506 1783 bonoria,
524 1718 560 1770 uei
580 1718 674 1768 ciorum
690 1735 705 1767 c
717 1733 866 1784 quacumque

56 1792 179 1858 dispartiri
197 1795 294 1856 possunt
307 1791 367 1842 inter
376 1805 414 1843 eos
425 1790 464 1856 qui
473 1789 567 1840 ciuitate
577 1790 753 1852 communicant,
762 1807 776 1837 o
791 1795 817 1842 nt
827 1791 866 1842 di-

55 1865 120 1914 citur
135 1864 161 1912 in
174 1863 194 1910 V
209 1862 304 1927 Ettt'c.;
318 1875 414 1926 quornm
424 1860 492 1912 ctiam
506 1866 542 1912 cst
553 1860 698 1912 commutatio
710 1861 771 1912 inter
785 1874 866 1926 pereo·

54 1949 100 1986 nas
111 1935 141 1984 ad
156 1933 266 1996 invicem,
280 1947 330 1999 quae
340 1933 439 1997 pertinet
448 1934 475 1984 ad
486 1933 668 1984 commutatiuam
676 1931 798 1996 justitiam.
808 1933 867 1997 Ergo

53 2019 104 2058 non
119 2009 159 2057 est
169 2005 261 2055 diversa
273 2005 367 2055 materia
384 2003 535 2056 distabutiuc
550 2007 573 2054 et
584 2003 751 2055 commutatico
761 2004 865 2068 iustitie.

88 2083 114 2128 3.
131 2078 260 2138 preterea,
274 2075 333 2126 risit
345 2075 388 2126 alia
399 2075 494 2127 materia
506 2075 657 2126 distributinae
667 2074 776 2139 justitie,
787 2079 811 2126 et
823 2076 867 2126 alia

51 2148 159 2200 materia
174 2147 342 2198 commutatico
357 2151 449 2212 propter
462 2148 507 2198 boc
522 2145 582 2211 qudd
600 2145 709 2197 differunt
721 2147 813 2210 specie,
827 2145 868 2196 nbi

50 2233 102 2271 non
118 2217 169 2270 erit
184 2217 314 2270 differentia
328 2219 425 2282 speciei,
438 2231 484 2269 non
499 2218 589 2269 debebit
602 2231 653 2269 esse
663 2218 763 2268 materie
774 2217 869 2268 diremi·

49 2297 102 2341 tas.
125 2289 176 2340 Sed
195 2289 350 2354 Pidlosoptrus
363 2289 428 2354 ponit
442 2301 513 2340 unam
523 2289 623 2354 speciem
639 2288 805 2340 commutatiuae
818 2289 868 2353 jus·

48 2362 132 2424 titire,
150 2373 207 2424 quar
222 2365 298 2412 tamen
311 2361 381 2412 babet
395 2361 543 2426 multiplicem
561 2360 687 2411 materiam.
701 2361 752 2412 Non
765 2373 819 2423 ergo
833 2358 870 2410 ui·

44 2437 120 2484 detur
132 2445 190 2483 esse
205 2432 325 2496 multiplex
337 2433 432 2484 materia
445 2433 525 2482 barum
536 2431 671 2496 speciemm.

78 2504 131 2555 Sed
152 2506 235 2554 contra
254 2508 300 2566 est,
317 2505 377 2567 qnod
397 2503 479 2554 dicitur
494 2503 549 2554 int
565 2503 690 2558 Ettieor„
707 2502 768 2567 qnbd
791 2519 806 2550 u
821 2515 868 2553 noa

40 2575 146 2639 species
164 2572 267 2640 justitie
285 2577 323 2625 ent
339 2572 450 2625 directim
466 2574 491 2624 in
515 2573 724 2636 babbutionibns,
739 2577 764 2624 et
780 2573 824 2624 alia
843 2573 868 2622 in

40 2645 289 2697 comminationibus.
301 2663 314 2694 o

69 2798 265 2909 ι(1ὲῦιιιιιεεε
277 2805 314 2848 est
324 2801 403 2863 cupri,
416 2813 457 2860 qu.
467 2797 507 2863 ii,
520 2805 565 2848 art.
574 2799 598 2862 1,
610 2797 695 2854 tet&
706 2803 733 2844 nt
742 2802 767 2845 et
775 2808 816 2855 qn.
827 2794 868 2854 58,

37 2877 67 2908 ai*
83 2897 90 2910 .
127 2896 135 2908 .
