1992 3317
322 184 359 227 on
375 186 441 229 noro
456 185 579 247 scurrus.
808 186 853 235 oro

57 265 78 317 id
91 269 140 331 quod
154 267 312 333 permedium
321 267 477 331 cognoscitur.
486 270 515 319 Et
528 270 581 334 quia
591 269 614 321 id
625 270 685 334 quod
701 272 736 322 est
750 270 853 336 iouuale,

57 339 121 403 potius
132 344 183 404 est,
194 340 249 391 ideo
265 339 314 390 ille
333 338 436 390 scientie
447 355 498 403 que
516 355 544 391 ex
562 341 678 406 principiis
691 344 855 395 llatlrematicis

53 412 178 462 coududunt
195 412 260 462 circa
278 411 401 461 materiam
420 412 562 477 naturalem,
576 413 648 477 magis
662 426 713 465 cum
731 416 854 466 llatlrema-

53 484 98 533 licis
109 487 307 535 connumerantur
321 487 422 547 utpote,
435 483 469 533 eis
483 484 617 549 similiores,
625 486 685 536 'lieet
697 490 807 549 quantum
825 489 853 538 ed

53 556 170 620 mammam,
187 556 265 619 magis
277 556 422 605 conveniant
434 570 486 605 eum
498 557 603 607 iraturali.
616 557 645 606 lit
657 563 751 621 propter
764 561 808 609 lroc
821 560 854 609 di·

52 627 118 693 citur,
130 630 154 677 iu
166 629 198 679 ll.
213 627 385 687 physicorum
398 627 473 691 (text.
487 632 518 675 20
527 627 546 692 ),
561 627 622 691 quod
640 628 685 679 sint
700 630 772 693 magis
785 636 853 681 nutu·

53 701 111 750 iales.
123 703 149 751 lit
167 701 221 752 ideo
245 714 300 750 cum
322 701 394 749 homo
411 713 453 764 per
470 714 506 751 res
528 705 615 751 creatos
632 702 703 751 ileum
717 703 851 767 cognoscit,

53 773 117 836 magis
127 773 221 823 ridetur
236 774 284 822 hoc
300 770 418 836 pertinere
437 773 465 821 ad
480 772 613 835 scientiam,
626 774 654 823 ed
673 786 740 837 quam
755 775 854 839 pertinet

50 844 177 904 lormaliter,
183 843 255 907 quim
265 844 295 892 ad
307 841 458 905 sapientiam,
469 844 498 892 ed
512 857 580 907 quam
590 843 688 906 pertinet
697 846 852 896 materialiter.

51 914 102 963 Eli
117 928 234 977 someron,
247 928 302 965 cum
316 914 443 964 secuudum
453 928 490 964 res
502 914 591 963 divinas
600 913 728 977 judicamus
743 917 770 966 de
785 917 853 967 rebus

54 986 146 1048 creetis,
158 987 227 1051 magis
236 988 283 1037 hoc
299 986 329 1036 ad
344 983 479 1049 sapientiam
490 984 558 1049 quim
572 985 600 1035 ed
614 984 732 1037 scientiam
744 989 850 1052 pertinet.

344 1156 504 1208 ennepius
518 1157 555 1209 iii.
620 1232 624 1239 ι

162 1274 253 1320 Utrdm
262 1272 369 1317 uentre
378 1272 467 1319 donam
473 1274 506 1317 eit
514 1274 613 1319 scientio
622 1276 735 1331 practica.

79 1395 109 1442 ld
125 1393 222 1444 tertium
236 1392 272 1442 sic
290 1390 425 1455 proceditur
440 1391 485 1456 (l).
501 1391 596 1442 Videtur
609 1394 666 1456 quod
684 1393 780 1445 scientie
801 1409 852 1458 que

49 1465 136 1526 portur
148 1466 250 1526 donum,
269 1463 300 1512 sit
314 1462 411 1512 scientia
429 1462 538 1526 practice.
553 1463 613 1513 llicit
633 1464 695 1513 euim
713 1465 852 1526 Augustinus

47 1536 84 1584 lib.
98 1536 125 1587 lt
140 1537 178 1585 De
200 1535 272 1585 Trio.
293 1534 363 1599 (cap.
380 1533 446 1597 lt),
465 1534 525 1597 qudd
541 1551 555 1582 u
566 1528 687 1599 actio'qua
703 1532 853 1587 euleiioribus

46 1610 112 1658 relius
123 1608 221 1670 utimur,
233 1607 339 1658 scientiae
351 1607 482 1669 deputatur.
494 1625 509 1655 »
525 1607 567 1657 Sed
578 1608 672 1657 scientia
684 1608 721 1656 oui
734 1609 854 1671 deputatur

46 1679 115 1741 actio,
125 1685 159 1729 est
168 1679 282 1743 practice.
295 1679 356 1740 Ergo
370 1677 474 1741 scientia,
487 1683 585 1743 quaeest
599 1680 698 1739 donum,
711 1680 747 1727 est
758 1678 854 1729 scientia

45 1752 154 1814 practica.
730 1752 737 1763 '

76 1829 100 1873 2.
120 1825 256 1884 Preterea,
272 1821 397 1885 Gregorius
418 1821 473 1872 dicit
492 1821 517 1872 iu
537 1824 556 1873 l.
581 1824 647 1873 Mor.
668 1838 674 1872 ι
700 1838 714 1870 «
732 1822 798 1873 Nullo
818 1825 853 1872 est

46 1896 156 1958 scientia,
173 1896 194 1946 si
210 1894 341 1945 utilitatem
351 1893 446 1957 pietatis
458 1907 504 1943 uon
513 1894 595 1958 habet;
607 1898 630 1944 et
641 1894 706 1944 vuldo
720 1894 807 1943 inutilis
818 1897 853 1943 est

45 1969 125 2033 pletas,
141 1969 162 2018 si
176 1968 282 2017 scientie
299 1965 435 2016 discretione
448 1970 519 2017 caret.
532 1983 546 2015 »
559 1966 592 2015 Ex
607 1980 651 2029 que
664 1966 799 2017 auctoritate
812 1967 853 2015 ha·

44 2040 116 2104 betur,
125 2038 190 2104 quod
206 2039 306 2089 scientie
321 2037 400 2099 dirigit
411 2036 528 2101 pietatem.
541 2039 586 2087 Sed
598 2040 642 2088 hoc
652 2052 698 2089 uon
706 2042 782 2102 potest
791 2051 853 2089 com-

43 2119 119 2174 petere
133 2111 239 2162 scientie
258 2110 419 2175 speculative.
434 2110 493 2173 Ergo
506 2110 615 2175 scientie,
631 2125 680 2175 quiae
696 2114 731 2161 est
751 2112 851 2173 donum,

44 2190 138 2236 nonest
158 2182 319 2247 speculativa,
335 2183 376 2233 sed
394 2182 504 2245 practice.

73 2264 98 2307 3.
112 2259 247 2317 Praeterea,
269 2257 332 2306 dona
354 2254 454 2317 Spiritus
477 2254 550 2305 sancti
571 2266 617 2306 nou
639 2254 750 2311 habentur
772 2252 852 2304 nisit

42 2330 124 2393 justis,
140 2335 168 2380 ut
181 2327 253 2393 supri
264 2327 369 2377 habitum
383 2330 421 2376 cst
436 2328 482 2391 (qu.
494 2331 517 2390 8,
533 2330 575 2377 art.
592 2328 626 2388 ὅ).
636 2326 680 2377 Sed
694 2326 787 2377 seientia
799 2340 852 2391 spo-

43 2403 142 2452 oulatira
155 2404 238 2465 potest
246 2398 327 2450 haberi
340 2398 446 2449 etiamah
460 2398 559 2464 injustis,
573 2399 696 2449 secuudum
705 2398 759 2448 illud
769 2399 850 2454 Jacob,

42 2474 73 2521 Ilv
88 2490 95 2524 ε
112 2472 232 2524 «Scieuti
248 2473 336 2523 bouum
354 2471 431 2521 lacem
450 2472 473 2521 et
493 2484 541 2521 nou
564 2470 666 2534 ferienti,
683 2474 800 2533 peccatum
819 2472 853 2519 est

42 2545 83 2595 illi.
98 2563 114 2595 o
126 2547 190 2610 Ergo
203 2543 309 2608 scientia,
320 2556 372 2609 que
386 2545 421 2592 est
434 2542 533 2607 donum,
545 2555 592 2592 nou
605 2544 641 2593 est
653 2541 801 2605 speculativa,
812 2542 852 2592 sed

41 2618 155 2679 practice.

73 2692 124 2741 Sed
131 2694 212 2742 contra
223 2696 269 2754 est,
278 2691 340 2754 qnod
350 2686 473 2751 Gregorius
481 2688 536 2739 dicit
545 2686 569 2738 in
579 2688 598 2740 1.
609 2686 718 2739 Monet:
731 2704 744 2735 u
754 2685 854 2737 Scieulia

41 2761 67 2812 iu
82 2762 123 2813 dic
142 2777 185 2815 suo
198 2762 333 2815 convivium
343 2765 424 2826 parat3
439 2760 492 2825 quia
505 2761 530 2811 iu
541 2764 619 2811 ventre
631 2758 727 2823 mentis,
747 2759 853 2820 ignorau-

75 2871 110 2935 (t)
126 2876 160 2921 lte
169 2874 289 2921 nisenam
302 2870 372 2932 lutri,
386 2885 429 2930 qu.
441 2870 486 2937 52,
498 2878 542 2925 ert.
555 2870 583 2935 2,
596 2870 626 2922 ad
638 2870 667 2931 ῖς
684 2866 855 2929 et111‚scot·,

42 2937 97 2985 dist.
110 2935 152 3001 3⁵,
165 2944 212 2988 art.
223 2936 250 3003 3,
261 2937 400 3001 εεεεειὶειιε.
410 2934 434 2985 2.
