1992 3317
335 117 367 160 nr
381 119 553 160 mammam.
796 111 842 164 tut

61 197 99 246 tun
112 190 211 248 radonis.
231 194 295 246 Sicut
309 200 386 247 autem
405 197 479 247 omnis
498 197 610 250 rectitudo
625 198 717 252 cationis
738 202 843 265 practice

54 268 145 332 pertinet
154 267 279 332 aliqualiter
292 269 319 318 ad
329 269 482 333 prudentiam,
492 268 525 320 ita
539 269 612 320 omnis
623 271 726 322 deiectus
736 272 841 336 ejusdem

54 339 145 401 pertinet
154 339 181 388 ad
197 337 381 404 imprudentiam.
393 339 422 392 Et
434 339 486 390 ideo
497 341 651 392 inconstantia
667 340 791 392 secundnm
808 341 844 392 sui

54 410 263 461 consummationem
282 411 311 461 ad
324 409 501 474 imprudentiam
514 412 623 475 pertinet.
645 413 673 463 Et
689 413 748 464 sicut
765 413 845 478 praeci-

52 481 128 543 pitatio
142 484 176 530 est
189 494 219 531 cr
234 479 324 532 deiectu
338 481 397 531 circa
414 486 490 532 actum
505 481 609 544 consilii,
625 487 648 534 et
668 483 843 536 inconsideratio

51 550 107 601 circa
116 555 190 602 actum
201 551 284 616 judicii
289 551 341 617 ,ita
350 551 501 603 inconstantia
511 553 571 604 circa
587 557 660 604 actum
677 555 792 620 precepti.
810 555 844 605 Ex

49 622 91 672 trec
99 622 158 672 eninr
172 622 255 672 dicitur
268 622 351 687 aliquis
361 636 411 674 esse
424 623 568 687 inconstans,
582 624 641 689 qnod
658 625 716 677 ratio
729 625 804 677 delicit
818 627 843 677 in

49 693 196 759 precipiendo
208 706 237 744 ea
249 698 362 761 qnaelsunt
375 694 494 745 consiliata
505 699 529 745 et
538 695 650 760 judicata.

79 766 110 815 dd
125 764 223 829 primum
238 778 291 828 ergo
305 765 441 828 dicendum,
455 766 516 829 quod
530 765 615 816 bonnm
628 768 754 830 prudentias
768 770 844 834 parti-

47 835 135 899 cipatur
152 835 176 885 in
193 835 299 887 omnibus
319 836 441 886 virtutibus
456 835 593 900 moralibus3
609 841 632 887 et
652 839 776 890 secundina
798 842 842 892 hoc

46 907 166 969 persistere
179 907 204 956 in
217 907 276 959 bono
291 907 390 971 pertinet
408 908 435 957 ad
452 921 532 958 omnes
545 908 640 959 uirtutes
655 911 765 975 morales,
784 926 842 976 pre-

46 978 113 1042 cipue
126 981 202 1029 nmen
215 978 244 1028 ad
253 977 423 1042 ionutndmem,
435 993 486 1043 que
502 979 587 1043 patitur
602 981 710 1044 majorem
720 981 842 1047 impulsum

45 1051 72 1099 ad
83 1050 228 1101 contradam.

75 1121 112 1171 nd
122 1122 244 1172 secundnm
256 1120 390 1182 dicendum,
404 1120 465 1186 qnod
478 1121 565 1173 invidia
583 1126 606 1172 et
621 1121 664 1187 ira,
678 1137 729 1186 quae
739 1128 775 1174 est
787 1137 843 1174 con-

41 1190 155 1242 tentionis
168 1191 317 1256 principium,
331 1191 418 1242 iaciunt
432 1192 608 1245 inconstantiam
622 1208 650 1244 ex
668 1195 732 1258 parte
748 1196 842 1260 appeti·

41 1264 96 1313 tiuae
114 1261 220 1324 uirtutis,
240 1275 269 1312 ex
281 1276 327 1328 qua
340 1266 376 1313 est
389 1262 526 1328 principium
543 1263 710 1329 inconstantiae,
723 1269 748 1316 ut
760 1265 844 1318 dictum

41 1338 86 1384 est.

73 1406 110 1456 nd
125 1405 216 1456 tertium
229 1405 359 1469 dicendum,
368 1405 429 1471 quod
442 1406 582 1458 continentia
596 1412 618 1459 et
630 1407 800 1472 perseverantia
809 1407 844 1474 (t)

39 1491 89 1528 non
100 1477 209 1527 videmm
222 1490 274 1528 esse
288 1478 313 1527 in
324 1480 346 1526 nt
356 1477 490 1542 appetitiva,
504 1479 544 1529 sed
557 1477 630 1530 sotim
645 1480 668 1528 in
677 1480 779 1542 rationo3
791 1492 845 1529 con·

38 1550 122 1600 tineus
135 1547 196 1598 enim
207 1547 291 1612 patitur
300 1548 391 1612 quidem
404 1561 522 1612 perversas
534 1550 743 1612 concupiscentias,
758 1554 782 1600 et
793 1562 845 1614 per·

36 1631 155 1671 severana
169 1632 250 1682 granas
263 1617 366 1668 tristitias
380 1619 449 1682 (quod
467 1619 573 1682 designat
583 1619 694 1670 deiectum
713 1620 844 1683 appetitiva

35 1690 162 1755 virtutis).
171 1690 215 1740 Sed
227 1689 284 1740 ratio
296 1688 390 1740 firmiter
397 1689 507 1754 persistit,
518 1689 656 1740 continentis
665 1689 757 1752 quidem
768 1692 846 1739 contra

33 1760 255 1826 concupiscentias,
275 1758 440 1824 perseverantis
455 1763 531 1810 anem
552 1763 630 1810 contra
648 1758 761 1810 tristitias.
780 1759 843 1810 Unde

32 1831 187 1884 continentia
200 1835 224 1881 et
240 1831 410 1895 perseverantia
426 1830 532 1882 videntur
548 1842 597 1881 esse
612 1831 699 1896 species
709 1829 843 1880 constantie

32 1906 63 1954 ad
76 1904 194 1955 rationem
207 1901 356 1966 pertinentis,
367 1900 473 1965 adquam
487 1902 554 1952 ctiam
568 1901 669 1966 pertinet
679 1901 841 1954 inconstantia.

242 2095 245 2114 ¹
334 2081 495 2132 annuntiis
511 2081 549 2132 Vl.

167 2203 252 2252 Uti-iem
260 2205 373 2268 praedicta
383 2205 443 2251 auia
452 2206 564 2250 ociaretur
573 2217 602 2250 eac
611 2205 718 2252 tenurae.

60 2335 104 2387 nn
120 2295 214 2385 maun
228 2332 262 2383 sae
276 2331 406 2396 procureur
420 2329 464 2396 (a).
478 2331 573 2382 Videtur
588 2331 648 2396 quun
662 2331 769 2395 prauam
788 2329 846 2380 ura

30 2421 79 2459 ron
98 2404 208 2456 oriantur
223 2414 251 2454 ex
262 2402 359 2454 luxum.
375 2401 533 2454 Inconstantia
542 2403 602 2453 enim
614 2401 684 2453 oritur
700 2413 728 2453 ex
742 2401 845 2463 invidia,

59 2569 104 2635 (1)
124 2571 162 2615 Ex
176 2579 251 2626 greco
264 2565 391 2637 καρτερία,
404 2579 456 2625 quan
472 2579 521 2613 non
542 2567 668 2624 simplicem
687 2577 843 2623 perseveran-

134 2639 178 2685 Μ
198 2638 845 2760 “ttittttittttttttt‘ttttnttftt‘tt

29 2698 289 2883 ιῖἕῖξῧῒέὶέἓίιω
304 2771 490 2836 inird,qu.158‚
504 2779 547 2818 nrt.
560 2769 571 2816 i
585 2775 609 2817 ct
618 2775 661 2818 att.
674 2766 703 2826 ὗς
721 2775 744 2816 et
755 2782 794 2826 qu.
807 2765 846 2830 15,

29 2857 46 2888 e
62 2849 117 2886 ma
126 2847 182 2903 ομ
207 2868 214 2881 .
248 2867 254 2881 .
