1992 3317
134 135 182 182 aaa
236 143 344 182 reconna
360 141 489 189 secururs,
504 139 597 184 numer.
613 139 719 189 mvnr,
732 138 790 176 nur.
806 120 834 174 u.

132 234 177 271 uon
191 221 239 270 erat
250 218 446 278 contendendum,
464 216 550 267 seilicet
563 217 592 266 de
601 215 698 279 primatu
710 213 813 264 bonoria.
826 213 934 264 Nondum

130 290 193 342 euin
206 293 270 340 erant
279 288 425 352 spirituales,
438 289 494 338 mont
508 288 589 338 illoesa
601 286 686 336 ibidem
699 285 842 336 dicit..llude
854 289 878 336 et
888 285 936 335 llo

132 361 207 412 minua
225 363 388 422 consequenter
399 373 438 410 eos
452 358 600 422 compescuit.
889 381 894 390 ·

163 431 196 481 td
208 431 331 480 secundnm
343 430 477 492 dicendum,
493 428 596 492 qubdilli
604 429 644 492 qni
657 427 844 479 creontentioue
857 429 936 478 Claru-

132 505 180 551 tnm
195 501 361 564 predicabant,
383 499 573 564 reprehensibiles
590 503 671 561 erant3
689 499 743 562 quia
762 499 869 561 quamuis
889 513 937 549 nou

131 573 291 635 impugnarent
304 571 422 622 vertutum
436 571 506 634 ndei,
517 571 561 621 sed
571 584 621 621 cam
636 570 801 634 predicarent,
813 569 936 634 impugna·

131 642 187 692 bant
196 647 272 692 minen
284 642 402 693 venialem
416 647 529 707 quantum
537 643 565 692 ad
575 644 619 692 boo
627 641 687 704 quod
699 641 810 704 putabant
825 655 851 692 se
861 658 876 688 u
884 656 936 692 sus·

131 713 203 764 uitare
223 727 349 778 pressuram
364 714 471 778 apostolo
485 729 500 760 o
515 713 636 763 ueritatem
651 711 693 762 sibi
711 711 855 775 predicanti.
872 714 939 763 Unde

132 785 256 848 Apostolus
269 798 314 835 uon
329 787 441 849 gaudebat
456 786 484 836 de
497 798 576 834 eorum
589 783 748 846 contentione,
762 785 804 833 sed
817 785 847 834 de
862 784 939 834 noctu

132 855 172 919 qni
186 869 213 906 cx
228 859 271 907 hoo
283 856 447 920 proveniebat,
458 857 548 906 scilieet
558 854 619 919 qnbd
630 854 735 904 Cbrisiua
747 854 937 916 annuntiabatur5

132 927 186 990 quia
196 941 225 979 ex
241 929 307 978 malis
318 929 387 979 eliam
402 927 576 978 occasionaliter
590 927 757 988 nubsequmtur
769 926 841 976 bona.

165 999 198 1048 Ad
212 997 303 1048 tertium
316 1000 444 1060 dicendum,
460 997 521 1062 qubd
535 997 659 1048 seeundum
673 995 811 1058 completam
822 996 938 1047 rationem

132 1069 298 1131 contentionis,
307 1073 374 1133 prout
383 1071 423 1120 est
431 1073 552 1133 peceatum
571 1067 680 1128 mortale,
691 1066 730 1116 ille
743 1065 767 1115 iu
779 1066 870 1130 judicio
883 1081 940 1118 con·

133 1140 221 1200 tendit,
243 1140 282 1202 qui
298 1141 416 1205 impugnat
433 1139 557 1190 veritatem
575 1136 683 1202 justitie,
697 1140 721 1187 et
737 1137 762 1187 iu
780 1137 938 1202 disputatione
979 1154 981 1213 5

132 1210 261 1273 mittendi,
274 1210 313 1272 qui
325 1210 424 1260 intendit
437 1209 573 1274 impugnare
587 1209 707 1260 raritatem
722 1209 839 1260 doctrinar.
855 1211 886 1260 nt
900 1224 936 1261 ae
979 1226 981 1265 l

133 1281 230 1330 eundum
245 1281 288 1330 boo
302 1281 408 1332 catholici
425 1295 470 1332 nou
481 1283 622 1332 contendunt
644 1283 722 1331 contra
742 1280 876 1343 hereticum
899 1282 939 1332 sed

132 1351 208 1415 potins
222 1351 365 1403 econverso.
376 1353 401 1403 Si
415 1357 491 1404 autem
503 1353 628 1417 accipiatur
638 1351 754 1403 contentio
765 1351 890 1416 injudicio
901 1352 937 1403 vel

133 1423 287 1486 disputatione
301 1425 423 1474 secundum
440 1422 597 1489 imperfectam
612 1424 737 1485 rationem,
751 1422 841 1474 scil'met
853 1437 937 1475 moun·

133 1491 186 1542 dum
199 1494 258 1556 quod
279 1493 386 1557 importat
397 1495 519 1558 qnamdam
531 1494 677 1546 ammonium
689 1492 824 1557 locutionis,
840 1493 876 1545 sio
889 1508 935 1546 nou

132 1567 264 1629 sempereat
277 1570 395 1629 peccatum
410 1565 513 1616 mortale.

165 1636 198 1686 nd
212 1639 314 1700 quartum
328 1636 463 1697 dicendum,
477 1636 537 1700 qubd
549 1637 665 1687 contentio
677 1636 710 1686 ibi
722 1635 820 1686 sumitur
832 1649 936 1688 eommu-

134 1707 193 1758 niter
203 1721 243 1772 pro
257 1707 419 1772 disputatione.
434 1708 528 1758 bixernt
542 1707 603 1758 enim
615 1709 677 1768 dod,
686 1709 737 1758 lllll
752 1722 759 1756 r
777 1724 792 1756 u
807 1707 843 1758 lld
857 1709 938 1760 Omni-

133 1784 248 1844 poteutem
261 1779 354 1843 loquar,
369 1784 392 1830 et
408 1779 523 1843 disputare
537 1793 589 1829 cum
608 1781 655 1830 ilco
668 1779 749 1844 oupio;
765 1796 780 1827 »
795 1792 845 1831 nou
858 1784 937 1832 muron
979 1808 981 1811 -

133 1851 253 1900 intendens
270 1864 343 1914 neque
359 1851 479 1902 veritatem
497 1851 643 1914 impugnare,
654 1853 695 1901 sed
713 1848 843 1914 inquirere,
860 1867 936 1924 neque

134 1920 192 1998 circa
210 1923 268 1971 bano
281 1921 450 1987 inquisitionem
471 1922 548 1986 aliqua
559 1922 738 1986 inordinatione,
753 1922 790 1974 rel
803 1923 880 1976 amnui
901 1923 937 1976 rel

134 2005 205 2056 vocis,
219 1993 260 2043 uti.

433 2092 593 2161 tumemus
608 2095 636 2143 n.

274 2207 359 2254 virum
368 2209 487 2254 bretenaio
502 2209 535 2253 sit
543 2208 597 2262 filie
610 2208 790 2266 mamylus-ino.

165 2326 198 2374 rtd
208 2326 332 2375 secundnm
342 2325 375 2376 sic
388 2301 516 2389 proceditur
525 2324 673 2390 (allidetur
684 2323 744 2388 qnbd
755 2324 877 2376 eontentio
891 2339 937 2378 uon
979 2354 981 2361 =

133 2397 164 2446 eil
179 2395 225 2446 tilia
238 2396 312 2447 inanis
326 2397 411 2460 gloriae.
425 2397 545 2448 Contentio
557 2395 618 2448 euim
631 2396 763 2446 affinitatem
774 2396 845 2446 babet
858 2398 887 2447 ad
899 2412 936 2450 ae·

133 2469 198 2518 lnur:
213 2470 273 2520 unde
285 2469 365 2520 dieitur
379 2471 436 2520 Iud
447 2471 519 2530 Cor,
531 2471 561 2520 lll
576 2485 581 2518 ε
598 2486 612 2518 u
627 2468 682 2520 niu
696 2468 726 2518 sit
740 2467 801 2518 iuter
813 2481 856 2520 ros
869 2471 933 2522 aelus

133 2545 157 2590 el
180 2541 306 2603 eontentio,
326 2554 401 2591 noune
419 2540 521 2592 carnales
539 2539 609 2600 estis,
630 2543 653 2590 et
671 2541 792 2589 secundum
814 2539 933 2592 hominem
979 2586 981 2589 .

134 2611 269 2661 ambulatis?
279 2627 292 2658 o
304 2611 370 2662 Zetus
379 2616 454 2663 autern
466 2611 610 2662 adinridiam
622 2611 730 2676 pertinet.
741 2611 801 2676 Ergo
813 2613 933 2663 contentio
979 2598 981 2665 !

133 2695 162 2732 ex
174 2681 259 2734 invidia
278 2682 351 2748 magis
365 2684 446 2738 oritur.

168 2789 198 2853 (tl
211 2795 243 2838 llo
254 2793 290 2838 bis
299 2793 368 2840 etiam
378 2793 447 2852 inira,
459 2805 500 2849 qu.
511 2793 570 2853 182,
582 2799 625 2840 nrt.
637 2793 660 2850 53
673 2794 849 2856 dictionario,
859 2795 932 2857 qub,

136 2861 180 2904 art.
197 2855 220 2915 3,
234 2860 282 2904 tum
299 2856 323 2904 in
341 2867 417 2916 corp,
435 2862 484 2908 turn
499 2854 562 2903 add.
