1992 3317
140 159 185 211 tat
255 163 363 207 sumsuh
380 162 515 213 struuntur,⁴
526 159 618 209 punse
634 159 699 212 nv,
715 160 770 201 auu.
787 164 838 203 rx.-

140 242 247 295 exbibere
266 239 370 291 homiues
387 240 508 301 tenentur,
524 248 569 299 pua
581 235 709 286 necessario
724 234 775 285 illos
790 235 886 300 diligere
900 254 946 291 ω.

140 318 232 379 guntur,
243 312 348 363 uidelicet
365 307 594 375 signanummuuiter
606 306 656 357 aliis
673 306 788 370 exhibita,
800 322 848 359 uun
864 314 944 363 autem

139 400 189 454 que
202 386 227 434 in
239 383 371 449 particulari
385 380 464 434 amicis
476 380 559 432 nostris
574 379 691 430 ostendere
709 380 884 447 consuevimus,
894 384 946 435 uisi

139 458 163 507 iu
175 456 318 507 necessitatis
327 454 429 515 articulo,
439 456 463 504 et
473 453 597 503 seeundum
607 450 678 501 amni
687 451 905 518 preparationem.)

170 528 305 593 despondeo
324 526 457 588 dicendum,
469 523 529 587 qubd
545 524 639 574 ellectus
653 527 676 573 el
691 522 756 587 sigua
774 526 893 576 eharitatis
911 542 943 578 ex

140 599 243 661 tonderi
258 599 379 651 dilectione
393 597 531 661 procedunt,
545 600 569 645 et
582 596 604 647 ei
617 595 825 659 proportionuntur.
841 598 942 652 ,llileetio

140 676 214 723 autem
230 670 323 725 interior
336 672 367 720 nd
378 669 503 732 inimicum,
512 668 537 717 iu
545 666 660 719 communi
668 666 760 731 quidem
773 672 810 719 est
818 670 847 719 de
855 684 944 722 neces·

141 743 208 795 situla
221 742 329 809 praecepti
342 740 457 803 absolutb3
472 740 497 791 in
511 738 691 803 specialitatem
703 744 750 801 εει,
765 752 812 790 non
823 741 941 806 absolute,

140 817 180 869 sed
190 816 314 867 secuudum
327 812 515 879 preparationem
525 810 607 874 animi,
619 814 646 861 ut
659 810 826 874 sopri-dietum
838 818 884 863 est.
898 815 943 866 Slc

140 902 193 953 ergo
204 888 324 941 dicendum
335 890 370 937 est
379 886 407 937 de
415 885 502 937 ¹ellectu
512 886 536 935 et
545 883 610 945 siguo
621 882 750 934 dilectionis
760 884 861 935 exterihs
871 888 942 938 exhi·

140 960 223 1011 heudo.
237 959 294 1010 Sunt
306 956 480 1021 enimqundaur
492 954 603 1018 signaret
616 953 726 1007 beneficia
742 956 873 1007 dilectionis
889 972 943 1023 quae

141 1029 278 1080 exhihentur
289 1026 397 1093 proximis
409 1026 434 1077 iu
449 1024 580 1087 communi,
594 1022 715 1088 pulicum
731 1025 817 1089 aliquis
837 1032 942 1093 oratpro

142 1101 249 1153 omnibus
259 1098 372 1161 fidelihus,
382 1097 419 1149 rel
428 1109 470 1161 pro
480 1099 529 1146 toto
542 1096 639 1159 populo,
649 1099 690 1145 aut
701 1094 752 1146 chun
763 1097 857 1162 aliquod
866 1100 943 1151 berre·

29 1168 41 1191 ⁸
142 1172 217 1223 licium
232 1171 344 1234 impendit
362 1167 443 1233 aliquis
457 1167 501 1219 toti
519 1167 684 1217 communitati.
699 1170 728 1219 Et
747 1169 800 1219 talia
815 1170 942 1229 beneficia,

140 1240 179 1296 iel
197 1242 324 1295 dilectionis
342 1242 425 1306 sigua,
442 1239 541 1291 mimicis
566 1240 675 1292 exhibere
695 1244 731 1291 est
752 1242 780 1293 de
801 1242 945 1293 necessitate

141 1314 260 1379 precepti,
278 1314 301 1363 Si
315 1313 376 1363 enirn
391 1326 437 1363 uon
451 1311 614 1363 exhiberentur
629 1312 741 1376 inimicis,
758 1314 803 1363 hoc
816 1313 947 1377 perliceret

140 1386 168 1435 ad
186 1384 282 1437 livorem
300 1383 422 1447 uindicta,
438 1386 518 1435 contra
536 1384 560 1435 id
580 1384 641 1447 quod
661 1383 742 1435 dicitur
761 1385 850 1445 lenit„
870 1386 944 1437 xlx:

141 1457 218 1507 «Nou
237 1468 324 1521 quares
342 1456 465 1519 ultionem,
480 1458 506 1505 et
523 1467 569 1507 uou
585 1456 631 1506 eris
646 1470 733 1507 mernor
747 1455 838 1519 injurie
855 1456 948 1509 civium

139 1530 237 1581 horum.
252 1543 266 1575 u
281 1528 331 1579 hlia
349 1540 404 1579 varo
417 1530 470 1579 suut
480 1526 590 1579 beneficia
603 1528 640 1578 sel
658 1526 781 1582 dilectionis
794 1526 875 1589 sigua,
888 1542 947 1592 quar

139 1598 191 1663 quis
201 1600 293 1653 exhibet
301 1599 465 1665 particulariter
478 1598 592 1663 aliquibus
603 1600 716 1663 personis.
728 1599 756 1649 Et
764 1598 817 1648 talia
827 1597 946 1651 beneficia

141 1672 178 1723 uel
191 1671 321 1725 dilectionis
335 1672 400 1737 sigua
414 1670 514 1723 inimicis
525 1672 643 1733 exhibere,
653 1684 703 1722 nou
719 1675 754 1723 est
766 1670 794 1722 de
805 1671 948 1723 necessitate

142 1743 233 1807 salutis,
249 1744 294 1793 uisi
305 1744 428 1793 secundum
442 1743 632 1807 preparationem
644 1742 727 1801 numi,
739 1746 766 1787 ut
784 1742 877 1791 scilicet
888 1744 946 1792 sub·

142 1815 247 1865 veniatur
263 1814 297 1865 eis
312 1813 338 1863 iu
353 1814 446 1861 articulo
467 1809 626 1870 necessitatis,
641 1810 767 1859 secundum
783 1809 840 1859 illud
854 1818 947 1877 Prae,

142 1884 216 1936 lllllll
229 1901 235 1933 :
249 1884 295 1935 «Si
305 1882 410 1935 esurierit
422 1881 530 1933 inimicus
538 1885 601 1943 tuus,
612 1880 664 1931 cibe
672 1881 750 1943 illum3
760 1880 782 1931 si
795 1879 858 1945 sitit,
871 1884 901 1933 da
910 1883 948 1936 illi

142 1958 230 2019 potum.
252 1970 268 2003 e
288 1956 332 2007 sed
345 1953 405 2017 qubd
419 1957 500 2018 praeter
514 1952 635 2004 articulum
648 1952 798 2004 necessitatis
808 1953 946 2018 hujusmodi

143 2026 254 2078 beneficia
270 2025 351 2089 aliquis
368 2024 467 2078 iniurius
487 2024 611 2086 exulent,
627 2023 727 2088 pertinet
739 2025 767 2075 ad
780 2024 947 2089 perlectionem

143 2098 271 2158 charitatis,
286 2111 328 2163 per
343 2111 411 2161 quam
428 2097 510 2161 aliquis
524 2107 571 2147 uon
585 2096 659 2147 solutu
674 2098 742 2147 caret
753 2098 821 2148 vinci
832 2101 850 2149 d
863 2099 945 2163 molo,

142 2168 204 2233 quod
212 2168 356 2219 necessitatis
364 2174 412 2234 est;
424 2169 463 2219 sed
473 2168 543 2219 eliam
552 2169 603 2219 uult
617 2169 643 2217 iu
652 2168 713 2219 bono
723 2170 821 2219 uincere
831 2170 945 2231 malum,

143 2241 203 2304 quod
216 2244 252 2291 est
267 2240 423 2305 perfectiouis3
439 2241 493 2291 dum
510 2239 597 2291 seilicet
609 2254 657 2290 nou
675 2241 749 2291 solutu
765 2243 831 2291 cavet
849 2245 948 2305 propter

145 2310 252 2374 iujuriam
268 2310 311 2361 sihi
326 2311 410 2361 illatam
431 2310 531 2375 pertrahi
548 2313 576 2361 nd
595 2310 687 2373 odium,
702 2312 743 2363 sed
761 2311 831 2363 etiarn
843 2324 885 2375 per
901 2326 947 2367 sut

142 2382 252 2434 beneficia
266 2382 362 2433 intendit
374 2382 493 2433 inimicum
504 2384 634 2447 pertrahere
647 2385 675 2435 ad
686 2397 755 2435 suurn
767 2396 878 2436 moram.

175 2454 203 2503 Et
214 2467 255 2519 per
268 2455 311 2505 hoc
324 2458 387 2520 patet
400 2454 519 2520 responsio
532 2456 560 2507 ad
570 2455 669 2519 objecta.
