1992 3317
321 142 353 179 ur
366 140 517 181 munros
530 144 626 185 runnu..
821 141 869 201 ddi

58 223 148 279 auum,
161 217 340 283 siamipinntnr
354 218 399 270 tria
417 220 529 284 prudota
542 222 665 277 secundam
675 222 736 287 qnod
748 227 803 275 eunt
813 224 870 281 dona

59 290 176 353 prouendis
197 290 270 353 vito3
286 295 452 355 comparantur
467 292 495 342 ad
518 292 600 354 fidem,
616 294 675 345 sicot
689 296 719 347 ad
734 295 871 360 principium
976 338 980 347 .

60 362 116 424 qnod
129 367 316 427 praesnpponuni
326 379 333 411 r
344 364 405 414 unde
420 362 491 414 etiam
511 366 635 417 secundum
654 368 698 429 hoc
713 368 770 419 ddes
784 372 820 419 eet
836 368 871 421 cie

61 434 149 485 certior.

91 507 123 555 nd
136 506 241 570 primum
256 519 313 570 ergo
328 506 465 569 dicendum,
478 506 538 570 qndd
557 508 594 559 illa
608 508 719 561 dubitatio
730 522 777 561 non
792 515 828 563 est
841 526 870 563 cx

62 582 124 640 parte
138 591 213 629 rausa
228 578 298 642 fidei,
313 579 354 628 sed
366 579 443 641 quoad
454 591 510 640 nos,
522 579 663 643 inquantum
677 594 723 633 non
733 582 800 647 pleni
810 596 871 636 anee-

65 648 152 711 quiuur
165 666 209 717 per
223 650 372 701 intellectum
389 662 419 699 ua
430 664 483 713 qum
494 654 548 701 suut
558 652 620 705 idei.

91 724 124 772 dd
142 723 274 773 secundum
290 721 429 784 dicendum,
444 720 507 784 qood
526 723 613 774 caeteris
633 724 742 789 paribus,
756 725 816 778 risio
834 732 870 779 eet

57 796 141 846 certior
160 794 242 845 auditu
258 796 308 857 (1);
325 793 366 844 scd
379 792 450 843 aiiiie
463 791 476 842 d
489 806 534 856 quo
548 794 653 858 auditur,
671 796 767 847 multum
780 800 870 849 excedit

56 868 135 915 visum
144 865 256 927 ridentis,
268 864 304 915 sic
312 863 399 916 certior
407 867 444 913 cst
455 862 546 915 auditos
556 878 624 928 qoam
634 866 707 917 uisne¹
716 868 780 919 Sicut
789 868 870 933 aliquis

57 951 136 1001 parrae
150 937 252 987 scientim
265 936 341 1000 magis
355 935 494 985 certificatur
505 936 536 986 de
551 948 579 987 eo
597 939 656 1000 quod
675 938 739 989 audit
750 940 780 989 ab
794 936 870 1003 utiquo

58 1008 304 1071 scientissimorum
318 1009 347 1058 de
357 1020 389 1057 co
401 1007 464 1070 quod
480 1006 524 1056 eibi
539 1009 664 1059 secuudum
680 1021 745 1057 suam
759 1009 870 1060 rationem

57 1079 158 1130 videtur.
171 1081 199 1129 Et
211 1080 284 1130 mutto
298 1079 374 1143 mame·
385 1080 455 1129 homo
468 1078 551 1129 certior
570 1084 606 1129 e'ot
623 1080 651 1129 de
665 1092 693 1130 eo
707 1080 767 1143 quod
781 1080 870 1131 auditi

54 1154 118 1216 dico,
134 1152 177 1217 qui
191 1151 240 1201 radii
259 1165 305 1202 uon
322 1153 419 1215 potant,
437 1148 506 1214 quau
525 1151 553 1201 de
569 1164 598 1201 co
614 1150 675 1215 qnod
698 1150 760 1201 videt
778 1152 870 1215 propriu

53 1224 157 1287 ratione,
178 1236 232 1287 uno
250 1222 299 1276 talli
314 1225 402 1286 potent.

86 1297 120 1346 nd
133 1296 230 1346 tertium
246 1294 381 1355 dicendum,
395 1290 457 1356 qnid
466 1292 576 1356 perfectio
587 1293 717 1345 intellectus
729 1298 755 1345 ot
769 1293 869 1345 comune

56 1368 146 1417 excedit
160 1365 323 1430 cognitionem
339 1364 395 1414 ddei
410 1367 520 1427 quantum
534 1366 561 1415 ad
574 1366 684 1431 majorem
698 1366 870 1417 manifectatio·

58 1451 122 1497 nenr,
134 1441 272 1488 nontamen
285 1440 401 1501 quantum
417 1434 574 1486 accentuum
585 1437 749 1502 inhaeaioncur3
760 1438 814 1503 quio
821 1442 871 1489 tote

54 1510 168 1562 certitudo
182 1510 336 1571 intellectos,
345 1508 385 1558 uei
395 1506 509 1572 scientim,
523 1510 648 1558 secundum
659 1510 718 1572 quod
733 1513 787 1559 suot
801 1510 870 1573 duna,

51 1583 156 1648 procedit
171 1582 185 1632 d
202 1580 345 1631 certitudine
365 1578 441 1629 idei:
459 1578 518 1628 sicui
539 1579 651 1630 certitudo
665 1579 802 1643 cognitionis
816 1592 872 1630 con-

50 1655 184 1705 clusionum
210 1651 317 1717 procudit
339 1664 369 1701 ex
391 1648 527 1701 certitudine
548 1648 719 1715 principiorum.
741 1650 870 1701 &cundum

49 1732 130 1778 auteur
143 1726 208 1790 quod
218 1724 331 1787 scientia,
342 1726 368 1773 et
381 1721 508 1786 sapientia,
521 1726 545 1771 ct
562 1721 691 1771 intellectus
705 1723 761 1771 cnut
773 1720 871 1772 uirtuteo

48 1797 239 1859 intellectuales,
249 1795 383 1845 innituntur
397 1792 494 1842 naturali
505 1791 587 1843 lumini
600 1791 709 1855 rationis,
722 1789 782 1855 quod
794 1790 870 1843 dedicit

48 1869 238 1931 incertitudine,
257 1870 282 1917 et
294 1866 309 1917 i
321 1866 393 1917 uerbo
411 1863 454 1915 oui
467 1864 505 1915 cui
516 1865 603 1916 innitor
622 1864 687 1915 tides.

358 2209 529 2279 dometio
548 2209 580 2272 V.

99 2355 138 2400 oo
158 2351 311 2400 meten
327 2352 417 2411 um,
432 2353 462 2399 or
476 2354 582 2409 pomum
598 2350 715 2397 utrumn
731 2348 822 2395 mma.

80 2509 177 2561 Deinde
193 2506 389 2558 considerandum
402 2509 438 2555 eat
452 2506 481 2555 de
498 2504 635 2555 habentibus
650 2505 728 2555 fidem

83 2584 116 2633 Et
138 2582 205 2632 circa
226 2580 273 2629 hoc
291 2580 425 2642 queruntur
441 2579 547 2640 quatuor.
563 2580 589 2627 1⁰
604 2575 683 2625 Utrdnu
705 2574 811 2638 angelus,
831 2577 871 2623 eut

54 2655 126 2705 homo
141 2653 169 2703 in
184 2652 262 2717 prima
279 2649 316 2701 sui
332 2646 463 2700 conditiore
476 2646 583 2698 patuerit
595 2646 670 2697 iidem.
686 2644 808 2695 acetrum
821 2646 867 2695 do-

91 2792 124 2858 (i)
142 2795 210 2841 Hinc
222 2791 320 2863 μάλιςα
337 2789 455 2853 adortum,
471 2790 494 2835 id
512 2790 548 2835 eet
561 2788 668 2833 maximi
689 2796 772 2833 teucos
791 2784 875 2829 dicitnr
935 2828 940 2842 1

56 2879 143 2914 renone
152 2864 235 2926 virdo,
245 2861 388 2911 tto.111.1›0
396 2862 494 2914 mimo,
504 2866 562 2910 text.
574 2858 629 2922 162,
641 2870 684 2908 sen
693 2870 748 2915 cap.
761 2855 874 2915 tt,propc

193 2974 233 3015 η,
736 2955 752 2999 6
