1992 3317
153 79 199 126 ιιι
277 89 385 127 suenum
401 89 531 139 encunnz,
547 89 640 133 oum.
656 90 701 139 u,
718 89 773 126 m.
790 92 823 130 rr.

149 159 210 224 nudd
223 160 294 224 atinni
306 160 363 210 mate
376 164 455 222 agant;
472 160 528 222 quia
538 174 553 205 u
566 159 690 210 stult-urum
701 159 805 211 inurens
815 163 853 211 ed
862 172 941 210 nume·

151 245 204 293 ωε,
218 248 233 278 ro
248 231 364 282 ntdicitur
381 230 485 290 Eoetee„
500 232 529 280 l:
546 231 642 282 «Heni
657 231 720 281 euim
741 235 888 282 stateem
905 232 945 280 ho·

150 303 220 352 minis
230 303 258 352 ud
271 301 353 350 mulum
362 301 391 349 ab
401 301 554 351 adolescentia
562 314 613 360 rua,
622 317 638 348 rr
647 306 675 350 ut
684 302 768 352 dicitur
777 303 874 365 Gener„
885 305 940 352 rur.

150 374 210 436 Ergo
223 373 290 422 dutria
304 371 376 434 magis
395 372 503 422 dehemus
519 372 663 436 interpretari
677 371 704 422 iu
723 374 825 438 mulum,
840 375 945 438 qntm'ru

149 443 246 494 bunum.

180 518 204 565 2
218 516 345 573 Praeterea,
365 513 505 574 Augustinus
516 515 573 564 dicit
587 515 646 578 (tib.
657 517 683 576 1,
702 517 739 566 De
751 517 822 567 doct.
838 517 942 577 Christ,

150 589 252 648 capt),
266 584 326 648 quud
343 584 404 634 «itte
414 585 486 648 pidet
503 586 566 648 juste
578 586 651 649 uiuit,
663 587 707 650 qui
722 601 800 638 rernm
813 589 904 652 integer
915 597 945 639 est

151 657 281 716 adnutu,
296 657 321 706 iu
337 660 440 704 neutram
460 661 549 718 partem
563 658 705 708 dedinaudc.
720 673 736 703 n
749 658 795 708 Sed
811 660 853 709 itte
867 660 908 723 qui
917 664 949 708 irr-

150 730 286 790 terpretatur
295 727 320 778 iu
331 726 412 776 metius
424 727 485 788 quod
494 727 588 776 dubium
595 732 641 789 est,
649 727 750 778 declinat
758 729 785 778 iu
797 731 895 780 alternm
903 745 950 794 par-

152 801 207 848 tem.
222 798 283 860 Ergo
293 799 340 848 troc
351 810 397 848 uon
411 801 447 846 est
459 796 599 846 iaciendum.

185 872 207 918 3.
222 870 344 930 Proerna,
357 869 426 918 trumo
439 867 507 918 debet
518 868 613 930 ddigere
627 868 759 931 proximum
769 868 834 920 sicut
847 872 948 935 seipsum.

152 939 196 990 Sed
217 941 275 990 circa
288 941 390 1002 seipsum
407 940 475 990 dumo
491 939 558 988 debet
568 938 635 988 dubia
651 941 799 1004 interpretari
812 942 839 991 iu
855 943 948 1006 pejorem

152 1015 249 1074 partem,
257 1011 382 1062 secuudum
390 1009 446 1060 illud
455 1007 511 1066 lob,
521 1010 552 1059 tx
563 1025 569 1056 :
580 1010 701 1060 «Verebar
709 1011 788 1060 omnia
796 1025 948 1075 uperanreau

153 1083 211 1144 Ergo
227 1083 315 1132 ridetur
331 1079 391 1144 qudd
403 1093 431 1130 ea
444 1093 496 1142 quun
510 1084 565 1130 snut
575 1080 644 1130 dunin
654 1081 715 1130 eirca
726 1083 863 1148 proximos,
879 1084 949 1135 sintin

152 1155 255 1217 peiorem
268 1158 354 1217 partem
368 1152 549 1214 interpretanda.

183 1225 230 1274 Sed
242 1227 319 1274 contre
332 1227 383 1283 eet,
397 1222 458 1284 qndd
472 1224 555 1280 Rom„
569 1222 783 1286 x1v‚ruperidud
797 1241 804 1274 :
822 1227 895 1285 «Qui
912 1240 948 1275 nor

150 1297 286 1356 manducat,
296 1296 468 1346 manducantem
483 1308 530 1344 nou
542 1295 667 1358 judicet‚u
677 1295 731 1344 dicit
745 1297 847 1348 titensa:
864 1299 948 1348 eduin

150 1365 174 1414 iu
192 1365 308 1414 meliorem
319 1369 406 1428 partem
424 1370 477 1414 sunt
492 1365 662 1428 interpretanda
676 1368 719 1426 (t).
730 1384 746 1415 rr

182 1436 344 1499 (Conccusrn
361 1435 476 1485 —ltnbia
496 1435 578 1486 indicia
595 1438 624 1486 de
645 1437 731 1488 malitia
751 1439 852 1490 alterius
869 1454 947 1504 semper

149 1507 240 1558 suntin
256 1508 371 1558 meliorem
386 1511 471 1568 partem
485 1507 665 1570 interpretanda.
680 1508 689 1569 )

180 1579 316 1642 despondeo
331 1577 467 1640 dicendum,
487 1577 549 1640 quod
561 1577 620 1628 sicut
636 1577 722 1629 dictum
737 1583 790 1643 eat,
804 1595 835 1632 ex
850 1584 897 1634 troc
908 1585 949 1646 iper

150 1649 211 1714 quod
221 1650 303 1712 aliquis
316 1649 384 1698 habet
398 1648 479 1700 malurn
492 1649 624 1711 opinionem
636 1651 665 1699 dc
674 1649 720 1700 atio
731 1650 820 1714 meque
829 1654 950 1704 sufficicnri

151 1734 232 1783 eausa,
244 1720 363 1784 injuriatur
376 1719 400 1770 ei
412 1722 436 1769 et
454 1720 582 1770 coutemnit
594 1720 680 1782 iprum.
698 1720 781 1770 onnus
793 1728 876 1775 autem
890 1727 949 1775 debet

151 1793 220 1842 alium
229 1797 372 1842 contemnere
382 1791 419 1842 ret
427 1795 589 1842 nocumentum
596 1792 756 1854 quodcumque
764 1792 864 1858 interne,
875 1799 950 1860 absque

152 1877 220 1913 causa
233 1867 338 1926 cogente.
346 1863 375 1912 Et
387 1861 438 1912 iden
452 1861 491 1912 ubi
505 1875 553 1912 nnn
565 1866 676 1926 apparent
689 1863 814 1918 manifesta
824 1866 913 1918 iudicia
929 1870 950 1915 de

151 1934 237 1982 matitia
248 1935 352 1996 aticnjns,
366 1934 474 1984 debemus
485 1946 538 1982 eum
552 1938 577 1982 ut
590 1933 675 1983 nouum
692 1934 791 1997 umere,
801 1937 829 1986 iu
839 1940 950 1990 meliorem

152 2010 239 2066 partem
254 2004 421 2068 interpretando
433 2005 493 2068 qnod
509 2005 602 2054 dubium
616 2009 659 2054 est.

184 2077 215 2124 dd
228 2073 325 2138 primum
337 2089 390 2139 ergo
402 2075 531 2138 dicendum,
540 2075 600 2139 qndd
608 2080 685 2140 potest
693 2077 828 2142 contingere
841 2082 905 2146 qndd
920 2082 949 2130 ite

152 2147 191 2210 qni
204 2147 228 2195 in
242 2147 358 2199 meliorem
366 2153 453 2212 purtem
464 2147 635 2211 iuterpretatur,
645 2148 788 2213 frequentius
799 2151 899 2205 fallitur.
911 2154 951 2202 Sed

152 2219 233 2268 melius
243 2219 347 2283 estquod
360 2220 442 2284 aliquis
455 2220 589 2283 frequenter
596 2221 695 2282 fallatur,
705 2222 795 2273 habeus
806 2224 895 2277 honam
903 2227 948 2288 opr-

150 2355 173 2399 id
189 2361 238 2412 est,
254 2361 279 2400 ut
290 2357 474 2416 obtrectatorum,
489 2357 578 2402 Homit.
597 2358 705 2415 XXXIII,
721 2358 745 2402 iu
760 2371 814 2404 cum
826 2362 908 2407 locum
921 2363 951 2405 iu-

152 2423 301 2477 terpretatur,
316 2433 367 2464 non
388 2421 456 2464 modd
470 2419 539 2463 rrr'te't
560 2421 620 2464 muti
642 2425 765 2478 comparet
780 2426 951 2470 contraditum

150 2483 192 2538 put
205 2481 336 2539 ditipe'tnr,
350 2481 389 2526 red
404 2495 433 2527 ue
446 2482 589 2538 suspicatur
599 2483 705 2539 quidem.

181 2551 216 2614 tt)
231 2555 275 2599 Vei
294 2554 339 2606 sic,
356 2565 384 2599 ex
398 2555 546 2612 Augustino,
561 2555 595 2598 De
607 2567 679 2599 serm.
695 2555 798 2600 Domine·
812 2558 842 2601 in
859 2561 949 2604 moute,

149 2615 191 2660 tin.
202 2619 234 2673 11,
245 2628 297 2673 cup.
309 2615 339 2660 18
347 2629 389 2661 seu
402 2617 432 2660 28
442 2633 448 2660 ι
459 2617 496 2660 En
505 2629 559 2673 pon
569 2617 673 2662 dotium
682 2622 715 2661 ert
727 2628 775 2674 qno
785 2621 872 2665 neimo
883 2623 949 2678 finnt,

149 2680 179 2724 in
199 2679 324 2724 meliorem
340 2679 433 2736 purtem
454 2681 655 2737 interpretemur.
674 2680 726 2725 noc
748 2687 786 2725 eet
809 2683 875 2726 enirn
894 2682 949 2738 quod

150 2741 194 2788 ittie
207 2743 302 2800 verbis,
317 2741 398 2788 Nolite
407 2741 536 2800 jodocum,
549 2743 618 2789 nonin
628 2742 723 2800 praecipi
733 2743 775 2804 ait,
790 2750 816 2788 ut
823 2746 877 2801 jem
890 2745 949 2789 indi-

153 2811 275 2853 cutnmeet
286 2809 331 2850 nrt.
342 2805 367 2866 2,
385 2805 415 2850 ad
428 2803 453 2850 1.
