1992 3317
335 185 366 222 ns
381 183 494 222 mourut.
766 176 812 224 sos

51 260 95 312 tidie
105 263 136 310 est
149 259 235 311 prodor
247 259 350 324 operatio
354 258 496 323 ,menuitur
508 261 568 323 quod
581 261 633 326 ipsa
647 262 684 313 vei
696 265 819 327 maujos

50 337 78 380 est
88 344 136 382 usus
149 330 235 381 debitam
248 330 416 394 proportionem
432 330 498 381 habet
512 331 540 380 ad
554 331 622 382 atium
635 344 763 396 pemnam.
786 336 817 386 ttt

49 402 89 452 ideo
102 403 188 452 medon
197 401 289 465 justitie
302 401 407 452 wudstit
418 401 442 450 in
455 403 550 464 quadarn
569 404 720 468 proportionis
734 417 811 469 requa-

46 474 99 524 iitate
113 473 142 522 rei
158 473 267 524 exterioris
284 473 313 522 ad
330 485 450 536 personam
468 472 611 524 exteriorem.
623 476 716 537 &uate
737 479 814 526 mom

46 548 74 594 est
84 543 165 594 realiter
174 543 265 594 nediunr
278 543 340 592 inter
350 543 424 606 majus
437 546 461 594 et
470 543 554 604 muns,
565 548 592 594 ut
600 545 683 596 dieimr
692 546 746 597 inii
757 549 815 598 Me·

44 615 112 679 tcpd„
127 616 180 678 [art.
192 618 220 664 18
235 618 258 666 et
272 616 329 678 ta).
344 614 408 664 Unde
420 613 512 678 justitia
524 615 593 666 hebet
610 617 709 668 medinm
720 620 769 667 red.

67 688 96 736 dd
109 685 199 750 puniunt
209 698 260 749 erpo
274 685 406 749 dicendum,
418 684 479 749 qudd
489 687 535 736 hoo
545 686 686 738 medinenrei
698 693 734 739 est
746 689 816 740 oum

41 758 129 808 medium
144 757 248 808 rett'ortis
260 771 268 805 .·
282 760 306 807 et
321 756 372 808 ideo
388 755 412 806 iu
430 755 521 820 justitia
531 757 631 809 salvadeu
645 758 706 809 ratio
725 760 816 811 ditatis

39 829 129 880 noratis.

63 902 94 951 ud
107 899 222 952 woradum
233 897 362 960 dicendum,
377 897 438 962 qudd
455 899 546 949 donum
559 901 729 963 simpliciter,
743 904 816 968 dupii-

38 972 86 1022 citer
102 970 199 1022 dictur:
215 981 261 1019 nno
283 969 367 1030 nodo,
382 970 442 1032 quod
456 972 491 1020 est
509 971 615 1021 omnihus
628 973 701 1023 modis
716 974 815 1037 bonan,

38 1044 87 1093 sieut
99 1042 190 1094 amites
201 1044 253 1091 sunt
265 1040 344 1102 donet
358 1044 382 1090 et
399 1040 434 1090 sic
452 1042 478 1091 in
493 1041 530 1091 tuis
542 1055 593 1105 quat
607 1047 663 1092 suut
678 1044 741 1093 dono
755 1046 818 1093 eim·

38 1115 193 1170 deridemur
206 1115 241 1162 eet
253 1111 355 1174 scopere
368 1111 468 1162 medium
482 1115 625 1163 etertreua.
637 1114 687 1164 itio
699 1116 766 1164 nodo
781 1115 817 1164 ‹ti-

37 1186 84 1235 itur
105 1185 186 1248 attqrd
200 1183 354 1248 simpliciter
365 1182 456 1232 donam
474 1183 527 1246 quia
542 1188 578 1235 est
592 1185 695 1236 ebroine
714 1187 816 1249 mount,

38 1257 108 1307 cilicet
127 1257 248 1306 secundnm
268 1267 333 1304 suam
344 1258 446 1304 naturam
459 1255 758 1321 construendorum
777 1271 818 1322 per

37 1329 117 1378 dumne
132 1326 203 1390 possit
221 1325 269 1376 ieri
283 1325 381 1386 nudum,
400 1326 459 1375 sicut
471 1329 536 1389 petet
548 1327 576 1376 de
594 1328 682 1378 divitiis
695 1333 719 1378 et
737 1331 818 1379 hono-

36 1400 91 1448 ibus.
107 1396 268 1448 uticentibus
286 1399 362 1460 potest
379 1396 452 1460 accipi
471 1400 638 1462 comederam,
653 1399 817 1450 diminutum

36 1474 43 1517 t
57 1467 183 1524 medium,
196 1469 305 1530 putum
321 1467 349 1517 ad
365 1466 485 1530 homines,
499 1467 539 1530 qui
556 1473 652 1533 [munt
669 1470 706 1520 eis
725 1471 761 1519 uti
777 1470 818 1519 rei
896 1467 898 1471 ’

36 1541 94 1603 end,
112 1538 149 1590 uei
161 1537 228 1588 maid.
242 1539 272 1588 Et
290 1538 323 1588 sic
339 1538 398 1589 cuca
417 1538 570 1602 simpliciter
586 1540 649 1590 deno
667 1540 749 1591 didwr
766 1555 818 1593 esse

35 1611 114 1662 ustitia.
163 1624 166 1628 ’

46 1683 82 1732 Ad
102 1681 193 1732 tertium
207 1679 341 1742 dicendum,
361 1680 421 1744 quudd
434 1679 518 1744 injuria
536 1679 818 1746 ilhtaaiiatnpropertio·

35 1766 67 1802 ern
83 1752 155 1802 habet
167 1752 194 1802 ad
206 1750 346 1815 principem,
363 1755 386 1802 et
398 1751 465 1802 alian
483 1752 511 1801 ad
524 1765 642 1814 perreriam
656 1752 775 1816 privatam.
790 1756 819 1804 Et

35 1839 65 1875 eo
84 1825 175 1888 opertet
192 1821 258 1874 aliter
271 1823 390 1886 adequare
403 1825 522 1886 utramque
541 1821 647 1885 iniuriam
666 1836 708 1885 per
723 1823 818 1875 vindie-

35 1911 66 1958 [ιη
84 1895 148 1957 qnod
166 1894 267 1958 pertinet
276 1894 311 1947 ad
325 1891 479 1944 diversitatem
492 1892 543 1956 rei,
557 1896 582 1944 et
595 1905 642 1944 uon
652 1893 727 1945 solunt
740 1895 770 1945 ad
783 1895 817 1946 di·

38 1968 150 2018 rsitateni
165 1965 271 2018 retusis.

311 2143 472 2197 annicetus
486 2145 526 2196 XI.

36 2272 103 2316 ra'em
116 2273 190 2316 octies
202 2269 306 2326 iustitio
319 2269 352 2314 sit
368 2268 466 2314 recidere
475 2268 603 2326 unicuique
617 2269 680 2326 qued
692 2282 762 2316 suom
771 2275 816 2319 est.

35 2400 71 2449 td
95 2397 252 2447 undecimum
265 2395 300 2446 sie
311 2394 439 2459 proceditur
452 2393 497 2458 (t).
513 2394 609 2445 Videtur
617 2395 678 2458 quod
690 2398 755 2446 auus
766 2398 819 2461 jus·

35 2483 56 2519 ee
83 2481 137 2518 uon
155 2467 189 2518 sit
207 2467 301 2520 reddere
316 2465 440 2527 uuuuirpe
453 2466 511 2528 quod
533 2478 601 2514 mnus
619 2470 663 2516 est.
682 2468 821 2529 Augustinus

35 2557 60 2590 rr
79 2539 138 2590 xlv
160 2539 200 2588 De
222 2539 304 2596 dria,
318 2537 327 2601 (
341 2549 390 2602 eap.
408 2536 453 2600 9),
466 2536 568 2586 attribuit
584 2537 678 2600 justitiae
700 2539 820 2590 subvenire

36 2611 106 2662 eris.
131 2610 182 2660 Sed
203 2610 228 2658 in
249 2608 406 2659 subveniendo
418 2608 508 2659 miseris
523 2620 570 2658 non
586 2607 707 2660 unimus
721 2610 756 2661 eis
767 2625 818 2674 quae

35 2773 63 2833 Ι)
83 2775 122 2818 De
134 2768 262 2820 bisetium
275 2771 348 2829 iniri,
361 2785 400 2829 qu.
411 2769 451 2826 et,
463 2776 507 2817 ert.
519 2769 534 2816 3
547 2777 571 2817 et
581 2775 625 2818 art.
636 2769 667 2824 5;
678 2777 702 2817 et
713 2775 733 2818 t.
744 2779 804 2830 part.
809 2805 817 2830 ,

35 2835 110 2945 321,
133 2833 601 2895 art.1;et11,seet.,dist.i'l,eri.
621 2833 690 2894 θήῃ
710 2847 774 2893 corp.
789 2839 814 2880 et
