1992 3317
120 118 167 172 ott
252 125 360 173 mooted
376 118 505 179 summo,
520 120 616 174 coner
632 125 680 180 xx,
696 124 787 170 unna

122 209 160 260 cot
173 205 234 271 qnod
247 202 363 269 pecorum
375 200 498 268 penitenti
509 201 605 253 micat
615 202 728 265 deneget,
739 201 778 254 uel
796 200 858 267 qnod
871 214 941 268 pec·

123 282 213 331 utores
225 276 255 327 td
267 288 292 327 se
301 286 350 327 non
348 277 474 326 monento
485 273 633 339 pergratiam
643 270 937 341 inotiicnntemiliideo,

124 352 182 403 siout
195 354 271 400 motus
285 347 347 413 spei,
362 348 402 413 qui
414 346 561 399 conformiter
575 359 600 398 se
611 348 679 397 hehe
693 348 721 398 ad
732 346 940 401 emotimationcm

123 434 210 485 mum,
223 424 258 471 ert
270 418 389 471 laudabilis
399 420 423 471 et
433 419 563 483 uinaoeos3
574 415 608 469 itc
618 418 737 483 oppositae
748 422 827 471 mutue
839 417 899 487 desp
900 435 940 473 e-

124 493 228 557 mdonie,
242 492 281 556 qni
295 504 321 544 oc
333 492 403 543 lohet
411 490 557 543 conformiter
572 487 737 543 existimationi
747 488 812 543 ruso
826 489 923 546 delleo

125 567 162 617 ert
176 562 275 617 nitimur
286 566 447 629 etpecontom.

156 635 298 701 ltprimum
309 646 362 701 ergo
373 634 493 686 &mudum
494 633 594 699 ,quod
584 644 610 685 m
620 632 720 699 quolibet
734 638 831 699 peccato
838 638 941 689 mortali

125 714 160 763 eet
171 710 338 775 quodammodo
352 708 440 761 acerno
451 708 466 760 l
477 710 539 761 bono
554 708 750 773 incommutabili,
764 711 788 760 et
805 713 940 764 conversio

126 785 156 835 ad
169 784 255 835 bonnm
268 782 439 847 commutabile,
451 782 491 833 sed
508 781 574 833 aliter
584 780 692 834 etollter.
705 781 941 846 Namprludpaliter

125 854 253 907 mouent
268 855 293 905 itt
312 851 430 906 anemione
446 852 460 903 l
476 846 539 905 hono
560 851 736 905 incommutabili
758 855 852 917 peccata
876 865 937 919 quae

126 931 273 1009 opponuntur
283 926 406 978 rirtntmre
410 923 565 1007 circumtuli,
579 929 606 977 ot
620 924 699 977 odium
711 924 768 988 liei,
783 928 808 975 et
819 924 937 991 despera-

126 997 176 1063 tr'o,
189 1000 211 1051 et
228 998 364 1063 infidelitas3
378 996 431 1062 qnia
445 996 543 1048 uirtutes
557 995 688 1061 theologice
701 995 786 1047 moeno
799 998 872 1048 Deum
886 1012 937 1064 pro

127 1070 224 1136 objecto.
233 1068 268 1121 Er
277 1068 426 1134 consequenti
440 1068 518 1119 eutem
526 1067 650 1133 important
660 1066 835 1119 muuereionem
846 1070 876 1121 ad
887 1071 934 1121 lo-

127 1151 182 1194 nnm
201 1141 377 1205 commutabile,
391 1140 416 1190 io
434 1142 546 1207 mantum
561 1140 638 1191 arrium
650 1142 755 1191 desuem
774 1139 862 1207 Deum,
873 1154 936 1194 con-

128 1218 250 1281 sequenter
264 1223 358 1263 necmse
372 1212 407 1263 eet
420 1210 482 1277 qaod
496 1212 524 1264 ad
538 1212 583 1263 alia
597 1215 749 1264 concertator.
762 1211 860 1264 Peccata
873 1215 935 1268 uero

128 1286 172 1337 alia
192 1282 347 1363 principaliter
369 1282 522 1335 consistunt
512 1297 538 1334 m
555 1284 701 1337 conumdone
720 1283 750 1335 ad
769 1286 936 1338 commutabile

128 1358 213 1409 bonnm
231 1356 281 1421 (ης
284 1346 325 1407 ‘er
337 1355 486 1421 consequenti
502 1367 559 1407 vero
571 1357 595 1406 lu
607 1356 727 1408 trudone
740 1354 770 1406 ab
778 1356 937 1409 incommuta-

128 1429 168 1480 ltili
183 1430 252 1480 hono.
272 1424 324 1479 lion
341 1428 402 1479 enim
413 1428 452 1493 qul
465 1428 601 1492 fornicator,
614 1427 711 1479 intendit
723 1427 737 1477 l
748 1428 796 1479 lieo
811 1428 934 1495 recedere,

129 1501 169 1551 sed
179 1499 264 1551 conell
276 1500 425 1551 delectatione
437 1494 500 1563 imi,
515 1510 545 1551 ox
558 1511 603 1563 quo
616 1499 718 1563 oequitm
729 1498 816 1564 quddt
830 1500 877 1551 lleo
891 1514 935 1552 re-

129 1572 203 1624 cetat.

160 1644 195 1695 lrd
208 1642 333 1696 seeundum
344 1636 463 1694 dcundum
470 1637 552 1707 ,mod
561 1653 591 1693 cx
602 1642 678 1695 indice
690 1642 782 1693 uirtutis
795 1646 872 1708 potest
891 1645 937 1696 ali-

130 1715 186 1780 quid
205 1716 326 1781 procedere
341 1710 471 1779 dupliciter.
485 1710 537 1765 mo
546 1714 624 1778 modo,
636 1712 721 1765 crece
734 1727 763 1765 en
775 1719 841 1779 parte
855 1716 932 1781 ipsius

129 1787 220 1839 virtutis
236 1788 296 1839 sicut
312 1788 378 1837 actus
391 1785 495 1850 procedit
505 1799 535 1836 ex
549 1785 629 1836 halitu
644 1801 650 1835 :
663 1788 686 1837 et
697 1786 742 1836 hoc
755 1788 823 1837 modo
837 1798 867 1839 en
883 1787 934 1838 uir·

131 1862 197 1911 toose
209 1858 282 1909 redico
294 1867 341 1909 non
350 1860 426 1922 potest
435 1852 528 1921 aliquod
539 1860 658 1921 peccatum
667 1856 798 1923 procedere.
810 1856 860 1911 Hoc
869 1861 934 1911 enim

130 1940 200 1981 senen
211 1923 497 1992 lugnstmroieomno
508 1923 600 1979 Delio
616 1928 695 1979 ertit.
708 1930 776 1996 (cop
792 1929 856 1996 18),
871 1932 935 1995 qnod

131 2001 245 2051 curtato
261 2009 329 2050 nemo
344 1998 404 2052 mele
414 2000 496 2051 utitur.
516 2000 596 2052 ollio
607 1999 674 2053 morlo
690 2001 793 2066 procedit
803 2001 891 2067 aliquid
904 2018 934 2056 ex

131 2074 215 2124 malote
226 2070 350 2137 indirecte,
365 2071 416 2123 eive
426 2072 604 2124 ocmaiooaliten
614 2071 676 2123 lit
656 2085 690 2125 erc
702 2072 759 2123 nihil
770 2075 878 2139 prohibet
892 2076 935 2126 ali·

132 2146 191 2211 quod
212 2144 329 2209 peccatum
346 2156 377 2195 ex
394 2138 468 2211 eliqua
485 2144 572 2196 uirtute
587 2144 723 2210 procedere,
737 2143 796 2196 sicnd
817 2147 932 2200 interdum

131 2214 201 2280 aliqui
215 2216 244 2265 tle
256 2215 379 2267 uirtutibus
394 2214 541 2281 superbiunt,
518 2218 680 2268 tsecnndnm
688 2216 743 2270 illud
757 2218 880 2282 Augustini
893 2221 932 2287 (in

133 2287 263 2355 liepolo):
277 2288 409 2354 «superbla
423 2289 488 2340 oculu
502 2288 609 2355 operibm
622 2290 749 2353 insidiatur,
761 2295 787 2341 nt
797 2297 902 2356 pereant.
917 2312 931 2344 o

131 2360 161 2412 Et
173 2362 217 2412 lnoc
230 2360 433 2413 modoertimore
447 2361 555 2423 llei‚rel
569 2362 703 2414 exhorrere
717 2363 861 2428 propriomm
879 2381 933 2433 pec·

132 2434 233 2483 culorum
253 2431 363 2497 confingit
384 2432 526 2501 desperatio,
539 2430 564 2482 in
581 2437 693 2497 quantum
708 2434 747 2485 hio
762 2436 830 2488 honis
852 2438 934 2505 aliquio

132 2504 193 2557 mole
203 2504 285 2569 utitur,
297 2504 438 2555 comsionem
450 2498 510 2557 ah
489 2518 524 2557 ers
536 2504 649 2571 accipiens
660 2506 803 2571 desperandi

164 2572 198 2627 lli
212 2574 305 2627 tertium
318 2574 438 2627 moenium
444 2574 523 2641 ,qnod
533 2577 634 2628 damnati
646 2587 693 2629 lton
705 2580 777 2629 sunt'
770 2588 796 2631 nn
806 2584 868 2634 statu
881 2598 933 2650 ope

168 2676 198 2741 (1)
208 2678 286 2733 Quoad
298 2678 450 2725 intentionem
461 2681 579 2737 peccantis
591 2680 695 2742 tantini,
704 2686 732 2727 ut
740 2684 851 2741 adiuncta
859 2693 933 2749 expli·

133 2748 199 2797 cent,
215 2752 264 2787 nora
272 2742 348 2801 quood
361 2714 772 2801 rationemproprtamettormalem
788 2751 892 2813 pcccati,
907 2760 933 2803 nt

134 2804 283 2917 ειιιιὲειίιιιι,
235 2810 283 2853 eat·
277 2806 361 2864 ,torm
370 2805 454 2865 duplex
465 2802 579 2869 fomute
587 2817 628 2869 qu.
641 2807 685 2870 1⁰,
696 2806 766 2857 arto
772 2814 932 2873 ,explicatum
