1992 3317
132 124 158 159 .·
269 108 300 150 br
314 104 458 158 deaurant
472 108 601 151 eramo·
784 102 834 153 eos

25 185 199 253 quodammode
223 185 298 239 simile
324 190 362 239 est
386 188 497 254 eorpurell
522 191 653 254 sumente.
683 194 835 255 trumentum

24 266 103 313 autem
116 259 239 327 corporale
247 258 274 311 iu
287 259 420 313 animalibus
430 266 454 314 et
466 262 554 327 plantb
567 275 614 314 uon
624 265 662 315 est
670 267 746 315 motus
758 264 837 315 eonti-

25 348 101 399 uuus,
122 334 157 385 ita
171 332 274 396 sufficet,
288 332 349 397 qubd
370 334 391 385 si
410 334 494 398 aliquid
517 339 613 400 augetur
626 338 715 387 mum
727 336 753 387 ia
773 339 837 389 unm

25 412 151 471 tempore,
169 418 267 457 neeesse
287 405 316 455 sit
331 404 391 470 qubd
408 407 608 471 proportionaliter
620 407 645 459 in
660 408 761 472 qualibet
773 413 837 473 purte

27 478 88 529 illius
99 477 217 542 temporis
229 480 346 541 augeatur,
358 477 417 529 siout
430 478 574 543 onuliuqitir
583 480 734 544 motuloeali3
746 481 789 532 sed
797 492 839 545 per

27 550 121 613 aliquod
134 553 232 613 tempus
246 552 326 601 natura
344 552 450 613 operatur
467 550 591 615 disponens
607 552 638 601 ad
653 555 801 615 ammentum
813 555 839 607 et

28 621 85 670 nihil
107 634 199 684 augens
213 623 280 685 aetu;
293 624 316 671 et
334 620 479 685 postmodum
490 621 595 685 producit
611 621 637 671 iu
650 622 759 674 ellectum
772 622 839 675 idad

29 693 89 754 quod
112 691 272 756 disposuerat,
292 693 396 755 augendo
413 692 489 757 ipsum
511 692 609 756 animal,
622 694 662 745 uel
678 694 794 758 panum,
812 695 837 746 in

29 768 89 813 actu.
108 763 145 813 lta
161 762 232 816 etiam
244 776 291 819 nou
307 763 408 827 quolibet
422 767 474 815 actu
490 762 608 814 obvietis
623 764 720 815 obrutas
731 769 785 817 antur
795 779 836 817 au-

29 838 116 898 getur3
130 835 170 885 sed
183 834 279 899 quilibet
292 838 357 886 aolus
370 833 487 887 eharitatis
499 834 599 898 disponit
611 834 640 885 ad
651 835 767 887 eharitatis
780 851 837 901 aup-

29 909 159 968 mentum‚
177 906 203 955 in
220 909 331 971 quantum
345 919 374 957 ex
391 919 438 957 uuo
455 908 509 957 antu
520 905 638 957 eharitatis
649 907 718 957 bomo
736 908 838 960 redditur

29 974 164 1041 promptior
173 977 201 1027 ad
213 978 325 1042 agendum
337 977 420 1029 iterum
434 976 561 1029 seeundum
576 977 725 1041 charitatem
736 982 759 1029 et
773 978 839 1029 bebi·

31 1049 95 1099 litote
117 1052 235 1099 crescente
246 1050 315 1101 bomo
326 1048 453 1114 prorumpit
466 1049 491 1099 in
508 1054 585 1100 actum
595 1048 756 1100 torrentiorem
768 1048 837 1100 dilee-

32 1120 111 1182 ionis,
129 1132 176 1182 quo
193 1124 288 1172 conetur
302 1121 332 1171 ad
342 1120 463 1171 eharitatis
478 1120 616 1185 proiectum
631 1123 655 1170 et
667 1123 723 1173 tuno
740 1120 838 1173 ebaritas

33 1196 131 1256 augetur
143 1191 168 1242 in
182 1195 243 1245 aetu.

62 1265 97 1315 id
119 1263 289 1329 primum‘erqo
306 1264 439 1328 dicendum,
454 1264 516 1330 qubd
535 1263 631 1330 quilibet
643 1268 708 1317 aetus
721 1264 838 1317 absumtis

36 1339 136 1386 meretur
145 1334 218 1386 uitam
233 1338 354 1398 eternam,
366 1348 413 1387 nou
427 1334 520 1399 quidem
530 1335 606 1387 stetim
618 1337 770 1388 exhibentem
781 1374 788 1398 ,
798 1336 840 1387 sed

37 1420 73 1457 suo
89 1411 206 1471 tempore.
221 1406 329 1459 Similiter
342 1407 410 1459 etiarn
427 1406 523 1471 quilibet
533 1410 597 1459 artus
615 1408 731 1458 mutuus
741 1413 839 1459 meretur

38 1478 154 1530 eharitatis
167 1483 316 1544 augmentum
326 1496 333 1543 ;
343 1489 389 1531 non
399 1483 477 1531 tamen
487 1479 564 1529 statim
577 1482 679 1542 augetur,
693 1479 734 1530 sed
747 1480 839 1543 quande

39 1550 117 1615 aliquis
136 1554 233 1603 conatur
250 1551 280 1602 ad
294 1550 426 1616 hujusmodi
441 1554 599 1614 augmentum.

66 1624 100 1673 bd
114 1624 246 1675 seeundum
256 1622 388 1687 dicentium,
399 1622 459 1687 qubd
470 1622 538 1673 etiam
550 1621 576 1671 iu
587 1620 735 1684 generatione
747 1620 840 1671 uirtutis

40 1695 155 1758 requisito
177 1708 225 1745 nou
240 1693 335 1758 quilibet
350 1698 414 1745 actus
432 1692 530 1759 complet
546 1692 716 1756 generationem
734 1690 839 1752 uirtutis3

40 1768 75 1816 sed
83 1767 183 1830 quilibet
192 1770 299 1830 operatur
309 1766 337 1817 ad
349 1779 400 1817 eum
410 1769 436 1817 ut
450 1766 588 1829 disponens3
601 1767 624 1816 et
634 1763 741 1827 ultimas,
751 1762 792 1827 qui
805 1767 842 1813 est

40 1839 173 1901 perieulior,
193 1851 265 1901 agens
284 1837 310 1887 iu
329 1837 413 1888 uirtute
431 1836 533 1889 omnium
547 1834 737 1902 procedentium,
753 1833 841 1885 redusit

41 1925 86 1961 eam
103 1912 130 1961 iu
151 1914 230 1961 artum
248 1924 254 1960 :
269 1909 328 1961 siem
348 1909 417 1961 etiam
435 1912 470 1960 est
485 1908 511 1959 in
529 1907 607 1959 multis
624 1906 694 1973 quous
707 1905 840 1957 muralibus

41 1984 146 2049 lapidem.
632 2028 637 2035 .
803 2002 807 2011 '

68 2058 102 2107 bd
117 2055 214 2108 tertium
227 2054 346 2105 dicendum
352 2092 361 2119 ,
370 2054 432 2119 quod
444 2053 470 2105 iu
482 2054 521 2103 uia
531 2051 572 2104 bei
584 2052 686 2118 procedit
698 2051 781 2116 alume
794 2062 840 2103 nou

44 2129 110 2178 solum
124 2128 182 2178 dum
196 2130 249 2176 ectu
267 2126 363 2177 obedias
377 2128 427 2191 ejus
440 2130 549 2191 augetur,
561 2126 602 2177 sed
619 2124 755 2177 etiamdum
766 2124 842 2186 dispo

44 2201 98 2251 uitur
116 2201 146 2251 ad
158 2200 211 2265 eius
221 2202 377 2263 augmentum.
735 2239 739 2243 i

333 2362 491 2415 ARTICULUS
504 2362 554 2413 Vll.

202 2480 288 2527 Uirium
298 2479 403 2525 alteritus
413 2483 531 2537 oupeotor
539 2479 566 2523 ire
574 2476 706 2535 infinitam.

74 2602 105 2652 ld
122 2598 248 2665 septimum
259 2596 294 2649 sio
307 2595 437 2662 proceditur
448 2596 491 2665 (l).
507 2595 604 2648 Videtur
617 2594 678 2661 qubd
688 2592 788 2645 ebaritas
798 2604 843 2645 non

28 2742 29 2749 ἵ
47 2668 317 2736 urgeaturininiinitum.
330 2670 407 2721 Omnis
416 2669 477 2721 enim
487 2672 562 2720 motus
575 2667 652 2746 estad
666 2665 763 2731 aliquem
772 2664 843 2716 linem

76 2782 106 2846 (l)
121 2784 202 2831 Dabis
215 2782 287 2829 etiam
300 2781 324 2827 lu
336 2782 378 2841 111,
392 2780 471 2831 Seot„
482 2780 538 2826 dist.
557 2777 604 2838 2'1,
619 2790 658 2836 qu.
673 2777 702 2832 ὴ
715 2780 760 2823 art.
773 2773 801 2831 93
820 2780 844 2820 et

49 2847 126 2910 qut,
143 2842 469 2909 teuirtut.‚.art.tl‚ed'l;
485 2837 795 2903 summouisse.
