1992 3317
98 111 148 165 tlt
210 117 326 166 sudum
339 114 745 163 aduroz‚ou1or.rm,m.
763 116 795 154 rr.
973 5 975 109 l

133 196 395 262 (cormesio-turc
405 193 509 246 nonnulli
518 193 546 244 nb
559 192 636 244 officio
653 192 787 244 advocandi
799 196 925 257 urceum,
973 208 975 213 ·

99 283 146 326 non
164 269 232 322 modb
248 271 341 334 propter
352 265 520 332 impotentiam,
530 268 555 314 ut
568 264 666 327 luciosi,
677 265 827 329 impuberes,
844 266 926 328 surdi,

99 344 123 396 et
134 341 191 394 muti
205 345 229 394 et
239 338 356 404 imperiti,
377 339 419 388 sed
437 341 462 389 et
478 339 572 402 propter
583 336 763 400 indecentiam,
779 343 809 390 ut
826 337 927 394 clerici,

101 413 220 474 monachi,
237 411 291 462 ceci
310 414 333 463 et
348 409 468 470 infideles,
482 409 581 461 Marses
596 421 625 458 ac
643 408 749 458 damuati
768 409 799 459 de
813 410 926 471 gravibus

102 485 250 547 criminibus3
266 495 398 547 quanquam
411 481 489 534 clerici
508 495 550 543 pro
563 481 614 530 suis
627 480 753 544 Ecclesiis,
767 485 794 530 et
815 482 925 532 monachi

103 557 212 620 [nonusis
226 553 358 608 monasterii
376 555 487 604 advocare
501 565 549 602 uon
559 552 737 615 prohibeantur.
754 555 763 614 )

136 627 271 691 llespondeo
280 625 416 688 dicendum,
427 623 487 689 qubd
497 623 581 687 aliquis
593 623 719 687 impeditur
733 625 858 690 abaliquo
874 630 927 676 actu

104 698 187 766 duplici
201 699 307 750 ratione:
321 711 368 750 uuo
387 697 467 759 modo,
479 698 573 760 propter
588 696 761 758 impotentiam,
779 697 830 748 alio
848 699 925 756 modo,

105 774 196 836 propter
214 769 375 820 indecentiam.
391 767 436 818 Sed
453 766 589 832 impotentia
609 766 748 830 simpliciter
764 768 875 820 excludit
887 769 928 819 ali

105 855 172 907 quem
186 841 216 891 ab
234 845 302 902 actu3
318 838 445 890 indecentia
459 842 537 888 numm
556 851 603 888 non
622 839 727 888 excludit
744 839 860 903 omniuo,
876 841 927 905 quia

108 912 232 966 necessitas
245 911 396 963 indecentiam
411 910 489 963 tollere
503 912 590 975 potest.
605 910 713 973 sicergo
731 911 852 963 abolicio
861 913 928 963 adro

108 989 210 1036 ortorum
221 983 371 1050 probibentur
378 981 470 1046 quidam
481 985 576 1046 propter
586 981 761 1046 impotentiam,
773 997 804 1034 eo
813 985 879 1048 qubd
890 987 928 1034 dc*

109 1058 190 1110 ficiunt
208 1071 293 1122 seusu,
308 1055 347 1106 vel
360 1053 478 1116 interiori,
494 1056 556 1104 sicut
571 1054 652 1104 furios
671 1058 696 1104 et
717 1053 873 1119 impuberes,
894 1057 928 1106 rel

109 1127 231 1190 exteriori,
244 1128 304 1180 sicut
316 1125 378 1178 surdi
392 1128 414 1176 et
427 1125 492 1176 muli.
504 1125 547 1176 list
560 1126 623 1178 euim
632 1126 766 1176 necessaria
777 1127 894 1178 advocato
906 1133 928 1178 et

110 1201 206 1253 interior
220 1200 318 1265 peritia,
335 1212 381 1263 qua
402 1198 476 1262 possit
490 1198 656 1249 convenienter
667 1197 788 1262 justitiam
800 1204 926 1265 assumpte

105 1271 330 1333 obsecuturusne
346 1269 463 1322 etiterum
476 1268 565 1332 loquele
577 1281 630 1318 cum
638 1269 733 1331 auditu,
749 1271 869 1333 utpossit
877 1286 925 1337 pro-

110 1341 215 1394 nuntiare
230 1344 254 1392 et
269 1342 348 1393 audire
361 1339 457 1405 quodsi
474 1339 567 1390 dicitur.
583 1340 650 1390 Unde
665 1340 706 1403 qni
719 1341 745 1391 iu
757 1342 798 1392 bis
813 1344 927 1395 detortum

110 1413 228 1478 patiuntur
232 1448 242 1475 ,
251 1413 348 1464 omnim,
361 1412 510 1476 probibentur
526 1424 556 1462 ue
567 1410 616 1462 siut
627 1412 753 1475 adsecuti,
767 1427 819 1466 nco
833 1428 878 1478 pro
891 1429 927 1477 sc,

110 1497 154 1539 uec
165 1496 206 1548 pro
215 1483 275 1534 aliis.
286 1483 474 1536 Decentiaautem
482 1480 617 1544 hujusmodi
625 1482 838 1536 oliciicxorceudi
848 1486 930 1537 tollitur

111 1553 232 1618 dupliciter
247 1571 253 1604 :
268 1567 314 1606 uuo
331 1555 414 1613 modo,
427 1567 456 1604 cx
472 1554 517 1604 hoc
534 1551 596 1616 quod
610 1552 693 1616 aliquis
711 1558 748 1604 ost
770 1556 847 1607 rebus
864 1557 930 1621 majo

113 1625 175 1684 ribus
194 1625 318 1689 obligatus,
333 1625 393 1676 unde
414 1625 538 1676 monachos
551 1626 576 1674 ct
594 1625 743 1688 presbyteros
758 1639 812 1677 uon
829 1628 931 1680 dmcliu

113 1708 255 1760 quacumque
278 1709 346 1750 causa
363 1697 483 1746 ndvocatos
497 1707 568 1755 >esre
580 1708 658 1758 neque
677 1694 780 1748 clericos
799 1698 830 1748 iu
846 1699 931 1763 judicio
973 1710 975 1757 ζ

113 1767 232 1829 seculari,
242 1768 294 1832 quia
304 1766 435 1832 hujusmodi
443 1779 547 1830 persona
559 1769 613 1817 suut
625 1767 695 1819 robus
700 1765 795 1818 dunis
807 1769 931 1833 adstricte3
973 1762 975 1809 f

113 1838 158 1888 ulio
168 1839 250 1903 modo,
261 1843 353 1904 propter
363 1849 465 1903 persone
477 1837 606 1900 deiectum,
615 1837 653 1888 rel
662 1839 824 1902 corporalem,
837 1846 932 1906 utpatet
973 1892 975 1907 ἰ

115 1911 144 1960 de
158 1909 243 1975 cecis,
257 1912 297 1974 qui
313 1911 474 1965 convenienter
489 1907 579 1972 jndicio
602 1913 680 1960 astore
696 1923 746 1962 nou
762 1899 884 1975 poss'ent,
900 1914 934 1964 rel
973 1910 975 1957 l

115 1979 266 2046 spiritualem,
277 1996 322 2034 uon
337 1981 398 2032 euim
409 1981 476 2030 decet
484 1979 579 2030 alienus
588 1979 686 2043 justitia
699 1984 820 2044 patronus
834 1984 932 2046 existat,
973 2024 975 2043 ,

115 2049 192 2116 quiin
209 2051 285 2116 seipso
301 2052 414 2116 iustitiam
427 2049 574 2113 contempsit.
588 2051 618 2102 Et
631 2051 684 2102 ideo
698 2051 820 2118 iniamus,
831 2055 932 2108 iuliddes
973 2054 975 2057 ’

61 2123 68 2128 “
116 2125 139 2172 et
149 2121 249 2172 damuati
264 2125 293 2174 de
301 2124 406 2190 grauibus
414 2121 556 2184 criminibus,
566 2134 613 2172 non
624 2122 734 2172 decenter
748 2129 810 2174 sunt
822 2126 933 2179 advocati

116 2191 201 2244 Tamen
215 2194 350 2257 hujusmodi
362 2193 495 2246 indecentia
505 2191 632 2244 necessitas
646 2194 785 2258 prelertur3
801 2200 829 2248 et
845 2202 934 2262 propter

115 2265 158 2314 hoc
174 2263 309 2328 hujusmodi
326 2279 426 2330 personae
440 2266 537 2330 possunt
550 2277 592 2326 pro
608 2264 692 2328 seipsis
711 2265 751 2317 rel
771 2281 819 2330 pro
833 2270 933 2334 personnis

117 2334 160 2387 sibi
176 2335 306 2398 coniunctis
318 2338 353 2388 uti
365 2337 438 2395 officio
450 2334 563 2386 advocati.
580 2334 646 2385 Unde
658 2341 683 2388 et
697 2336 780 2387 clerici
794 2354 844 2403 pro
860 2342 934 2394 Eeels»
973 2372 975 2409 ;

118 2403 159 2454 siis
170 2404 217 2455 suis
229 2412 326 2469 possunt
337 2421 387 2460 esse
402 2405 514 2469 aduocati,
532 2407 555 2455 et
572 2407 682 2456 monachi
694 2420 736 2470 pro
749 2421 826 2461 eausa
841 2426 930 2466 morus·
973 2422 975 2451 ÷

118 2475 169 2526 terii
183 2475 230 2532 sui,
244 2476 264 2526 si
278 2478 348 2529 abbas
360 2477 502 2544 preceperit.
973 2486 975 2535 3

146 2549 181 2618 ¹ld
193 2547 292 2611 primunr
306 2564 360 2613 ergo
375 2550 504 2612 dicendum,
518 2549 579 2616 qobd
596 2549 625 2599 ab
639 2549 750 2612 operibus
767 2554 944 2610 inisericorlio·
973 2572 975 2577 ·

118 2618 229 2668 interdum
250 2626 344 2686 propter
362 2619 515 2672 indecentiam
534 2619 692 2684 impediuntur
715 2622 806 2688 aliqui,
824 2632 848 2679 et
867 2629 932 2693 aliqui

117 2690 210 2750 propter
231 2688 404 2754 impotentiam
421 2705 467 2744 non
486 2691 648 2748 enimomnia
669 2704 741 2757 opera
767 2696 931 2752 misericordis

118 2769 199 2834 omues
212 2760 300 2836 'decent
306 2799 316 2826 ,
330 2759 390 2813 ‘sicut
407 2763 476 2818 stulto
494 2776 541 2814 nou
554 2759 623 2821 dccet
633 2762 759 2819 consilium
774 2769 849 2835 dare,
864 2785 931 2837 neque

119 2831 264 2893 agnoruntes,
278 2833 369 2885 docere.
415 2833 418 2839 '
