1992 3317
391 165 425 204 nn
439 163 523 203 snnnoc
811 156 860 204 dib

53 238 138 303 cipitur
156 239 216 296 Ea„
233 239 286 303 iiii3
306 239 421 290 sabbatum
441 241 503 292 enim
519 240 680 304 interpretatur
700 240 796 304 requies.
811 242 860 292 Sedv

55 311 116 361 belia
130 311 250 360 maximam
261 311 441 375 inquietudinem
457 313 549 363 babent.
560 314 619 377 Ergo
633 313 696 364 nuiio
706 315 773 364 modo
783 315 855 364 estin

54 383 141 434 diebus.
150 383 216 433 iestis
230 385 387 446 pugnandum.

89 457 113 506 Ἄ.
122 455 248 518 Praetores,
263 455 333 512 icat,
348 445 431 518 bviii,
446 457 641 520 reprehenduntur
651 455 743 520 putidam
755 458 817 521 qnbd
830 459 854 507 in

53 526 138 577 diebus
148 523 232 590 jejunii
247 531 356 591 repetunt
373 527 464 589 debita,
479 531 504 578 st
527 527 670 578 committunt
686 527 754 591 dites,
775 542 853 592 pugno

51 596 217 664 percutientes.
235 598 294 660 Ergo
307 597 379 648 munito
399 598 470 660 magis
487 599 511 648 in
532 598 612 648 diebus
622 598 805 649 iestisiiiicitum
820 602 855 650 est

53 667 150 718 brittene.

87 743 113 788 3.
128 739 251 800 praterea,
265 740 322 793 nibii
335 745 369 790 esi
380 740 507 792 inordinate
525 741 636 801 agendum
650 741 678 789 ad
691 739 808 791 uitandum
821 742 855 791 in-

53 810 199 876 commodum
208 811 340 874 temporale.
351 811 394 862 Sed
404 812 488 861 bettane
496 811 521 860 in
531 811 567 860 die
576 811 644 871 iectu,
652 812 695 860 boc
703 811 854 864 videturesse

53 879 181 932 secundum
197 893 221 931 se
235 880 395 931 inordinatum.
412 883 470 945 drgo
484 895 526 945 pro
541 881 603 931 notia
621 881 754 931 necessitate
769 887 855 947 tempo-

52 953 108 1002 ralis
125 951 263 1002 incommodi
278 952 367 1002 uitandi
378 953 445 1002 debet
455 951 537 1016 aliquis
552 952 577 1001 in
591 951 628 1001 dic
641 953 700 1002 testo
714 953 805 1003 bellare.

86 1023 132 1073 Sed
143 1025 221 1072 contra
230 1026 277 1087 est,
293 1025 352 1086 quod
366 1025 375 1073 i
387 1023 511 1079 diacdad,
522 1023 551 1086 ii,
563 1023 658 1072 dicitur:
672 1024 856 1087 «cogimverunt

58 1093 204 1146 laudabiiiicr
220 1093 292 1145 iudei
304 1094 406 1146 dicentes
420 1111 426 1144 ε
440 1095 520 1146 Omnis
535 1097 604 1146 bomo
618 1095 753 1159 pomumque
764 1095 853 1145 uenerit

53 1166 82 1216 sd
94 1177 138 1216 nos
151 1164 175 1214 in
185 1165 244 1216 beiio
255 1165 292 1216 die
304 1165 456 1230 sabbatorum,
469 1181 595 1231 pugnemus
608 1166 717 1217 adversius
727 1179 787 1217 eum.
798 1184 812 1214 n

87 1237 245 1298 tcosmuso.
254 1265 286 1276 -
299 1237 324 1286 Si
341 1239 400 1290 adsit
413 1241 555 1302 meconites,
570 1238 653 1289 bettane
666 1238 747 1288 diebus
767 1237 857 1288 festius

53 1323 96 1374 pro
110 1309 321 1372 tuteiancipubiicae
336 1310 402 1374 ticei3
418 1324 482 1361 sceris
496 1315 571 1362 anem
584 1310 721 1370 nonlicet.)

86 1379 224 1444 despondeo
235 1379 362 1440 dicendum.
371 1379 431 1443 qudd
442 1381 571 1432 obsemdm
578 1381 687 1432 tesiomm
700 1393 748 1432 non
758 1380 857 1444 impedit

54 1465 82 1503 ca
100 1450 298 1516 subordinantur
315 1451 343 1500 ad
364 1451 463 1502 bominis
483 1452 593 1512 sairdcm,
613 1451 683 1501 eriam
705 1451 855 1514 corporalem.

34 1549 37 1554 ·
53 1521 119 1572 Unde
138 1520 248 1572 bomiuus
261 1521 337 1585 arguit
347 1522 435 1572 indens
446 1522 537 1583 dicens,
551 1524 634 1577 doun„
646 1523 705 1572 Vli:
721 1539 736 1568 e
748 1521 804 1572 biibi
815 1521 856 1570 in·

53 1592 190 1657 dignamini,
204 1587 258 1656 quia
271 1597 345 1644 tntum,
357 1592 472 1644 bominem
484 1595 572 1644 saluum
586 1594 630 1644 feci
644 1594 668 1642 in
682 1593 790 1644 sabbato?
800 1608 815 1638 n
830 1595 858 1643 idi

54 1665 108 1714 inde
120 1669 169 1724 est,
184 1663 244 1727 qrrdd
262 1664 343 1714 medici
357 1663 417 1714 dicite
432 1669 529 1728 possunt
544 1664 651 1714 medicari
665 1664 770 1714 bomines
781 1664 804 1712 in
820 1663 858 1714 die

53 1738 128 1788 iesto.¹
140 1735 209 1788 idulio
224 1740 299 1787 autem
322 1737 395 1799 magis
407 1741 444 1786 est
461 1736 614 1786 conservanda
632 1735 693 1786 satus
709 1733 856 1799 reipublice,

53 1807 858 1942 naiaanabudanonaacacianam

53 1947 165 2002 bominis.
181 1950 210 1998 iit
220 1949 273 1998 ideo
284 1962 325 2014 pro
332 1949 429 2000 tuitione
441 1949 572 2013 reipublice
588 1949 702 2011 bdelium,
716 1948 802 1998 iic'ntnm
817 1951 856 1998 ast

52 2025 119 2086 justa
131 2020 191 2072 belia
204 2033 309 2070 exercere
320 2021 399 2070 dicbus
412 2020 489 2081 iestis,
501 2021 521 2071 si
535 2024 611 2070 umen
623 2021 667 2069 boc
676 2021 802 2072 necessitas
814 2034 860 2070 ex·-

54 2097 146 2158 poscat.
160 2093 210 2144 Iioc
228 2091 289 2142 enim
302 2096 362 2143 essct
377 2095 467 2148 tenore
478 2093 588 2153 deumsi
605 2091 657 2154 quis
672 2091 804 2142 immbreute
815 2092 857 2141 tnii

54 2165 209 2225 necessitate,
221 2165 291 2214 undet
304 2163 384 2214 tbciio
395 2165 516 2216 abstinere.
531 2165 576 2216 sed
589 2163 725 2214 necessitato
740 2168 854 2227 ccsmnte,

55 2249 105 2288 non
127 2240 162 2286 est
176 2235 264 2285 licitum
279 2236 362 2286 beiiare
377 2236 401 2285 in
417 2237 495 2288 dicbus
510 2237 576 2287 testis
592 2240 686 2300 propter
704 2237 804 2287 ustiones
822 2235 859 2284 in·

55 2310 147 2361 ductas.

88 2379 118 2431 Et
132 2391 172 2444 per
185 2380 229 2431 bon
240 2383 303 2444 patei
316 2380 434 2444 responsio
447 2380 475 2430 ad
488 2380 587 2444 objecta

412 2645 513 2661 ψ
