1992 3317
122 154 154 202 ur
167 138 276 202 nmmum
292 132 434 203 mmmm
450 130 563 200 arianos
579 131 764 201 molamus.
797 121 845 198 'lot

211 335 214 342 ’
299 353 592 425 ounerronurx.

80 499 113 547 De
125 500 234 559 uinculis
244 499 386 558 prodentia
404 498 519 558 partitor
530 497 710 559 intueremur,
721 499 752 546 ιἰι
765 502 816 546 octa

338 575 457 622 articulat
470 573 560 622 diviua.

78 725 163 777 Deinde
181 724 369 776 considerandum
384 728 419 776 eet
435 725 464 776 da
479 723 576 788 siugulis
595 723 721 788 prudentie
740 724 841 790 pertibus

50 797 112 860 quani
124 795 282 860 integralibus.
590 816 593 821 ·

78 869 108 920 Et
121 868 183 920 circa
201 869 246 919 lroc
258 871 388 932 quaeruntur
405 871 474 920 octo:
488 871 518 918 1⁰
531 868 563 920 lle
576 867 692 918 memoria.
713 871 740 918 ι’
758 869 789 918 lle
807 868 844 918 in·

49 941 141 992 tellectu
153 941 190 990 uel
200 939 358 1002 intelligentia.
370 941 438 990 e⁰1te
449 939 572 991 docilitate.
584 943 610 988 ιι
619 941 650 990 ile
664 939 763 990 solertia.
775 941 803 988 tle
813 941 848 990 lle

48 1011 142 1064 ratione.
158 1017 185 1060 6⁰
197 1012 230 1062 lle
240 1011 392 1076 prouidentia.
407 1010 698 1077 7⁰1lecireumapeetione.
714 1011 781 1060 sone
791 1023 845 1062 cuu-

49 1081 118 1136 tione.

352 1188 512 1242 naucerus
526 1190 544 1240 l.

217 1315 302 1361 (terrim
311 1316 427 1360 motoria
434 1315 467 1360 ait
473 1327 533 1372 pera
541 1314 683 1372 prudentio.

78 1444 112 1494 td
125 1441 227 1508 primum
241 1427 273 1492 sic
293 1441 423 1506 proceditur
437 1442 481 1507 (ι).
496 1441 589 1493 Videtur
602 1439 661 1504 qodd
682 1438 791 1490 memofiu
803 1419 852 1491 non

51 1515 79 1564 sit
91 1528 147 1580 pars
163 1512 298 1579 prudentie.
317 1514 424 1565 Memoria
440 1513 502 1566 euim
518 1513 558 1578 (ut
578 1512 849 1577 probatPhilooeplrusl

48 1587 120 1638 estin
131 1590 199 1652 parte
216 1585 297 1639 anime
310 1586 428 1638 sensitiva.
442 1585 565 1636 Prudentia
581 1587 656 1636 numm
670 1588 706 1634 est
716 1583 742 1634 in
753 1583 846 1634 ratioci-

50 1659 143 1724 nativa,
158 1661 185 1708 ut
203 1661 266 1723 petet
283 1658 309 1717 in
326 1658 355 1707 vl
373 1657 456 1708 Ettr'c.
471 1657 531 1720 Ergo
552 1656 660 1708 memoria
679 1668 726 1706 nun
744 1658 780 1706 est
799 1665 853 1718 pure

47 1730 184 1792 prudentie.
399 1760 402 1767 ·

77 1806 102 1851 t.
117 1803 245 1865 Praeterea,
259 1800 380 1866 prudentia
392 1812 433 1864 per
442 1799 576 1850 exercitium
590 1798 713 1863 acquiritur
728 1801 752 1848 et
764 1797 854 1862 perlici·

48 1876 93 1924 tur.
108 1872 157 1924 Sed
169 1872 278 1925 memoria
288 1872 351 1923 inest
363 1871 430 1923 nobis
442 1869 455 1922 l
468 1875 558 1924 natura.
568 1871 628 1936 Ergo
639 1870 747 1922 memorie
757 1882 804 1920 non
816 1872 852 1921 eat

48 1956 100 2008 pars
111 1943 252 2010 prudentia.

79 2020 103 2065 a.
126 2017 258 2079 praterea,
273 2013 381 2069 memoria
395 2016 431 2066 est
442 2013 623 2077 preteritorum
638 2012 760 2077 prodentia
771 2017 849 2064 autom

48 2089 83 2138 est
93 2087 225 2140 ritmorum
235 2085 401 2150 cucullium,
412 2085 535 2149 dequibus
548 2087 582 2136 eet
593 2083 720 2148 consilium,
731 2088 757 2135 ut
766 2083 848 2134 dieitur

46 2158 71 2208 in
80 2159 110 2208 Vl
122 2157 207 2209 etto.
222 2157 283 2222 Ergo
295 2156 405 2207 memoria
417 2170 462 2208 non
472 2160 508 2208 est
518 2169 571 2221 pure
584 2156 720 2220 prudentia.

79 2230 125 2284 Sed
138 2233 218 2285 contm
231 2229 349 2293 est,uuod
359 2229 446 2280 'lullus
454 2228 479 2279 in
491 2227 703 2292 llflhetor.,pooit
716 2227 849 2278 memoriam

49 2302 107 2354 inter
117 2307 196 2368 partes
209 2301 344 2366 prudentie.

83 2375 249 2438 (Conclusio.
260 2400 292 2412 ·-
303 2371 364 2424 edm
376 2373 403 2423 ad
412 2370 558 2436 prudentiam
567 2369 690 2435 requiritur
705 2369 851 2434 experimen·

50 2448 114 2510 tum,
129 2443 262 2498 necessario
278 2443 329 2508 ipsa
340 2443 449 2495 memoria
459 2456 512 2508 pars
522 2442 648 2508 prudentie
658 2441 724 2506 est.)

80 2517 219 2582 Respondeo
229 2515 365 2576 dicendum,
375 2514 436 2579 quod
447 2514 567 2579 prudentia
577 2517 613 2565 est
628 2513 687 2564 circa
695 2511 851 2577 contingentia

49 2588 190 2652 epomide,
199 2588 260 2638 sicut
268 2587 352 2638 dictum
362 2590 398 2638 eat
408 2587 453 2652 (tt.
463 2589 491 2637 ln
504 2587 541 2638 trie
550 2589 628 2637 autem
638 2598 684 2636 oon
692 2587 769 2648 puteat
781 2585 852 2634 homo

79 2696 114 2762 (1)
130 2697 165 2745 De
174 2697 211 2744 hle
219 2697 291 2744 etiam
302 2696 385 2755 cupre,
398 2707 438 2755 qu.
449 2694 489 2754 te,
502 2702 546 2742 art.
560 2697 641 2755 unico,
652 2695 675 2740 ln
685 2705 765 2754 corp.;
777 2698 801 2740 et
809 2693 854 2754 ΠΙ,

48 2762 128 2812 Senot„
138 2761 193 2807 diet.
214 2760 260 2820 83,
272 2771 312 2817 qu.
322 2759 352 2820 3,
363 2764 407 2806 art.
418 2758 446 2819 l,
461 2759 597 2816 quastione.
610 2755 634 2804 l.

49 2897 69 2944 r
82 2829 115 2895 (a)
130 2835 216 2888 Queat.
226 2832 267 2893 ti,
277 2837 320 2879 art.
330 2828 364 2878 ιι
378 2829 464 2878 Utrdor
469 2829 632 2890 pertiooutod
644 2829 773 2877 cedentium
780 2837 857 2888 pecc·
873 2892 878 2900 ι

58 2907 135 2944 econ.

718 2988 762 3042 to*
