1992 3317
138 170 185 247 litt
271 180 378 221 ειεειεεε
395 178 524 236 succuum,
541 181 635 230 onnon.
650 184 753 236 v‚·nns.
768 186 803 224 ni.

137 272 184 310 nun
197 260 281 323 potest.
293 259 398 309 Formalc
410 263 486 310 autem
506 261 620 326 objectum
637 262 692 313 iidei
702 266 739 313 est
753 262 838 313 veritas
852 262 929 327 prima,

137 332 264 383 secundum
280 332 340 395 quod
351 330 509 382 manifestatur
521 330 545 381 in
565 332 687 398 scriptume
700 334 785 397 sacris,
800 337 823 384 ει
836 334 931 384 doctum

136 400 258 465 bectona,
276 416 327 467 qua
347 401 450 467 procedit
466 416 494 452 ex
514 408 609 455 veritate
627 405 708 470 prima.
724 406 787 457 Unde
802 405 932 471 quicumque

137 485 185 523 non
195 470 302 537 inhaenei,
312 473 373 523 sicut
382 470 496 525 infallibili
508 478 532 527 ει
542 474 625 527 dluinae
633 476 731 541 regula,
742 476 850 527 doctrinm
858 474 932 527 Eccle-

137 544 191 607 sin,
210 559 261 608 qua
274 545 377 609 procedit
392 558 421 595 en
432 546 528 597 ueritate
538 548 611 611 prima
626 546 650 597 in
670 546 790 611 Scripturis
806 549 876 599 sacris
887 562 930 597 ma·
980 542 981 611 i

137 615 259 679 εἰιεειειε,
273 617 313 668 ille
331 617 457 668 nonhabet
468 617 572 669 babilam
585 616 646 681 liiei3
665 619 705 669 sei
720 631 747 669 aa
758 632 810 683 quc
819 619 931 671 suniliei
980 614 981 653 l

135 687 258 740 εϋεεεοιο
267 688 564 753 campummollem:
578 689 638 740 sicui
648 688 667 739 si
680 688 760 755 aliquis
769 694 931 743 tencutmente
980 686 981 727 ἒ

136 757 235 824 siquam
247 760 433 824 conclusionem,
443 773 491 812 non
500 774 639 825 cognoscens
648 760 746 814 nubium
758 761 819 811 illius
834 763 933 813 demens
980 734 981 799 l

134 830 251 893 usionis,
265 830 413 883 mamlcstunn
422 836 460 883 εει
471 834 531 895 puel
545 846 591 887 non
604 832 673 884 naiso
685 833 736 897 ejus
750 832 886 895 scientiam,
896 833 932 883 sel
980 806 981 875 l

135 900 268 965 opinionem
283 902 366 954 mlum.
380 902 528 954 Manifestum
546 907 581 955 εει
598 904 766 967 antem,un
784 903 824 955 ille
841 905 881 968 qui
899 905 931 953 in-

135 974 457 1039 animumanimumum,
475 979 581 1041 unquam
591 974 706 1025 infallibili
721 975 815 1037 pupule,
831 972 933 1026 omnibns

135 1046 233 1096 assentit
245 1060 296 1109 qua
312 1046 413 1097 Ecclesia
424 1047 504 1111 dccct3
519 1046 621 1112 alioquin
635 1047 656 1097 si
675 1048 702 1099 de
716 1046 752 1097 bis
768 1060 820 1109 quac
839 1046 933 1097 Ecclesia

137 1117 212 1181 timet,
225 1130 277 1182 qua
289 1119 340 1169 uult
354 1122 431 1179 ιεεει,
444 1123 468 1169 ει
483 1132 535 1181 puae
552 1132 598 1169 nun
611 1119 668 1180 nult,
684 1131 730 1173 nnn
743 1120 815 1181 tenet,
830 1131 878 1169 non
890 1118 933 1181 jam

135 1187 234 1240 uberet
242 1189 349 1241 Ecclesia
360 1190 482 1252 docmina,
496 1190 555 1241 sicul
564 1190 677 1242 infallibili
690 1190 833 1253 repulsanti
843 1188 934 1254 propria
980 1238 981 1243 ,

136 1261 257 1313 innuisti
269 1262 298 1311 lit
307 1261 341 1311 sic
351 1262 498 1314 macilentum
510 1266 560 1326 εει,
573 1264 632 1327 quod
647 1261 771 1313 hereneus
780 1260 820 1325 qui
832 1260 933 1325 pontina·
980 1246 981 1333 ]

136 1330 192 1381 citer
206 1331 315 1383 discredit
326 1346 397 1384 unum
410 1335 531 1386 artinulnm
544 1335 608 1397 ilici,
623 1348 669 1385 non
684 1337 719 1385 εει
732 1337 827 1398 paratus
841 1334 903 1397 sequi
913 1333 933 1383 in
980 1336 981 1379 Τ

136 1403 243 1475 uulnus
256 1404 379 1455 nouum
398 1406 515 1457 nonem.
535 1407 560 1455 si
573 1406 635 1459 enim
653 1418 699 1457 non
713 1404 877 1469 perimantur,
890 1406 932 1469 jam
980 1388 981 1437 l

136 1486 183 1524 non
198 1478 233 1528 εει
246 1476 384 1540 buneticus,
394 1477 434 1527 scd
453 1478 528 1528 solnm
541 1490 628 1529 emaus.
644 1476 709 1529 Unde
726 1476 875 1529 manilcsbnm
887 1480 932 1537 εει,
980 1452 981 1505 ¹

135 1546 197 1609 quoi
211 1546 264 1597 talis
281 1547 400 1599 bareious
418 1548 479 1599 circa
493 1562 565 1601 nuum
578 1549 712 1612 articulum,
724 1548 790 1601 tidem
806 1562 855 1599 non
870 1548 933 1599 babel
980 1534 981 1581 l

135 1616 164 1667 ie
177 1616 229 1668 aliis
238 1618 351 1682 anticulis,
363 1620 404 1672 sci
412 1620 543 1685 opinionem
554 1620 678 1683 quamdam
686 1620 811 1671 smuninm
822 1618 933 1685 propriam

136 1688 286 1743 voluntatem.

167 1763 201 1813 nd
217 1762 318 1827 primum
336 1776 390 1827 crgo
404 1764 540 1829 dicendum,
552 1764 614 1828 quon
627 1763 684 1815 alius
695 1763 807 1825 ,aricinos
820 1764 892 1827 tion,
910 1764 934 1812 le
980 1738 981 1817 l

134 1832 219 1896 unibus
230 1833 405 1885 baeceticnsnon
414 1839 483 1898 errat,
493 1848 541 1887 non
554 1838 616 1885 tenet
627 1836 707 1885 codem
717 1835 793 1897 modu,
805 1833 866 1885 sicui
876 1836 934 1896 tonet
980 1820 981 1859 l

137 1916 178 1955 cos
191 1903 282 1967 idelis,
292 1904 381 1957 scilicet
395 1906 530 1971 simpliciter
547 1906 678 1959 inherendo
691 1904 772 1970 prima
790 1904 897 1969 ueritati,
908 1906 933 1953 ad
980 1898 981 1929 l

136 1975 198 2039 quoi
212 1974 301 2039 indiget
313 1978 380 2027 homo
398 1978 503 2043 adjuvari
517 1992 563 2043 pen·
572 1978 675 2030 habitum
693 1976 761 2039 fidei;
778 1977 819 2027 sei
832 1980 896 2028 tenet
911 1984 935 2025 ea
980 1962 981 2003 l

137 2058 188 2109 qua
207 2049 263 2096 sunt
276 2046 329 2097 lidci
341 2050 434 2111 pnopnia
445 2050 563 2100 voluntate
577 2053 600 2100 ει
614 2048 709 2112 judicio.
980 2036 981 2103 Ῐ

167 2118 201 2168 lu
224 2119 350 2170 secundnm
368 2120 502 2185 dicendum,
517 2121 578 2185 pubi
595 2120 620 2171 iu
640 2120 736 2172 disemis
751 2118 934 2172 conclusionibus
980 2104 981 2143 ι

136 2190 206 2241 nnius
222 2189 327 2242 εεὶεειίε
339 2197 394 2244 sunt
408 2194 500 2244 diversa
513 2193 604 2254 media,
622 2207 662 2257 per
674 2206 725 2257 qua
736 2192 871 2256 probantur,
882 2204 934 2255 qno

136 2275 186 2314 num
200 2275 271 2311 nuum
289 2266 366 2327 potest
382 2264 489 2329 cognosci
512 2265 562 2316 sine
581 2266 625 2317 alio
646 2268 690 2315 :et
712 2263 764 2317 idco
778 2266 847 2315 hemo
866 2264 935 2329 putent
980 2304 981 2321 ,

137 2332 194 2384 scire
217 2334 328 2397 quasdam
348 2336 506 2386 conclusiones
524 2336 592 2387 nnius
609 2337 723 2401 scissile,
744 2336 856 2400 ignoratis
879 2335 932 2387 aliis.
980 2324 981 2359 ¹

137 2405 183 2458 Sei
201 2406 308 2461 omnibus
326 2408 428 2459 articulis
441 2409 494 2461 ilici
510 2408 608 2461 iuberet
619 2409 675 2461 tides
697 2412 789 2473 propter
805 2422 876 2467 uuum
890 2420 934 2457 me—

137 2476 218 2539 dium,
235 2478 324 2529 scilicet
334 2483 426 2543 propter
436 2479 556 2531 ueritatem
567 2479 676 2544 primam,
687 2480 828 2545 propositam
840 2478 904 2535 nobis
913 2477 934 2525 in

137 2548 263 2613 Scriptnnis
275 2552 403 2601 secundum
422 2552 550 2602 doctinam
565 2552 672 2603 Ecclesia
692 2552 846 2615 intelligendis
859 2550 931 2602 sunl:

136 2623 161 2673 ot
171 2619 310 2685 idsoqniab
323 2622 367 2672 boc
379 2622 456 2672 medic
464 2623 558 2685 decidit,
576 2624 676 2675 tntaliler
688 2624 731 2675 lida
743 2627 813 2677 canet.

168 2692 202 2741 ld
211 2692 302 2742 tertium
320 2692 450 2755 dicendum,
465 2693 525 2757 quod
540 2694 629 2746 diversa
642 2699 756 2760 praecepta
769 2696 826 2759 legis
841 2694 933 2760 possunt

136 2762 217 2813 relerai
231 2764 267 2813 vel
280 2763 310 2813 ad
323 2762 411 2813 divorsa
428 2765 515 2814 mutius
529 2766 648 2829 proximu
661 2770 687 2817 el
699 2768 733 2817 sic
751 2780 822 2816 unum
833 2766 882 2817 sine
892 2764 933 2815 alio

135 2832 222 2883 samari
234 2837 319 2898 potem
334 2834 372 2883 uel
387 2834 414 2883 ad
429 2846 500 2884 unum
514 2836 627 2887 motivum
640 2838 752 2903 primnm3
761 2838 820 2901 quod
829 2841 874 2901 ‚est
885 2850 933 2901 peu·

136 2903 196 2955 lecte
215 2905 306 2957 obedire
316 2907 376 2968 beo,
388 2904 402 2955 l
418 2918 463 2968 quo
474 2906 557 2958 denuit
565 2908 702 2975 quicumque
713 2924 784 2961 unum
797 2914 930 2976 proseptum
