1992 3317
307 151 341 187 nu
355 148 421 186 nono
437 146 604 187 mansurus.
809 138 855 185 sol

40 231 102 295 qnod
115 231 185 281 nono
203 226 303 277 ulterim
319 226 436 289 pertingat
449 225 478 275 ud
491 225 592 289 quedem
606 224 685 275 eltioru
703 239 709 274 :
731 228 754 273 st
772 226 800 273 ad
814 224 858 273 hoc

39 300 162 366 requiritur
173 301 265 351 donum
280 298 426 349 intellectus.

72 374 104 423 ld
126 373 259 423 secundnm
277 367 418 431 dicendum,
432 367 495 431 quod
516 368 629 419 discursus
654 368 750 421 rationis
768 381 858 433 semper

40 446 121 509 incipit
137 446 165 495 ab
184 443 326 504 intellectu,
341 446 365 492 ct
381 440 518 491 terminatur
538 442 565 490 ud
584 440 735 491 intellectum.
755 439 857 491 naund-
912 468 917 481 ·

45 532 124 569 namur
140 517 204 568 enirn
226 515 376 580 procedendo
395 526 426 563 ex
441 512 576 577 quibusdam
598 512 738 573 intellectis,
759 518 783 563 et
803 517 856 563 tuuc

47 590 140 639 radens
157 590 279 639 discursus
296 584 429 650 perficitur,
446 584 537 647 qnando
556 586 583 635 ad
603 586 647 637 lucc
663 583 808 648 pervenimus
830 588 857 634 nt

47 660 195 723 intelligamus
210 660 235 708 id
252 658 317 722 quod
338 656 404 720 prius
422 659 472 721 erat
485 654 597 719 montom.
612 653 676 714 Quod
695 668 749 718 ergo
768 654 856 707 rariori-

49 746 134 796 uanrm,
143 746 172 781 ex
182 731 262 794 aliquo
275 727 417 793 praecedenti
427 726 543 778 intellectu
552 726 662 789 procedit.
675 728 765 776 Donum
778 730 855 777 eutem

49 804 126 867 gratiae
140 816 187 854 non
204 800 310 866 procedit
324 813 355 851 ex
369 796 458 848 lumine
479 801 565 847 naturas
573 834 582 861 ,
598 798 638 847 sed
660 798 818 861 superadditur
833 802 857 849 et

51 875 118 938 quasi
131 873 255 938 perficiens
271 872 350 935 ipsum
366 885 373 919 :
386 874 411 919 et
423 869 474 919 ideo
487 868 532 918 ista
548 867 701 931 superadditio
716 881 762 917 uou
773 868 857 918 dicitur

53 947 138 1002 ratio,
156 946 197 997 sed
208 944 281 1007 magis
292 941 452 1002 intellectus;
463 939 516 1003 quia
527 938 559 989 ita
569 952 593 989 se
604 938 673 987 habet
685 939 762 989 lumen
778 952 857 1001 snper·

50 1018 156 1067 additum
173 1018 200 1067 ad
212 1029 240 1067 ea
251 1029 304 1079 qnae
322 1013 390 1064 nobis
408 1010 609 1076 supernaturaliter
623 1010 784 1071 innotescunt,
799 1009 861 1061 sieut

48 1105 74 1140 se
87 1091 157 1141 habel
168 1090 247 1139 lumen
262 1085 368 1137 naturale
381 1086 411 1134 ad
425 1098 478 1148 quse
500 1081 674 1147 primordialiter
691 1081 856 1144 cognoscimus.

78 1162 116 1211 Ad
137 1161 235 1211 tertium
250 1158 389 1219 dicendum,
403 1154 465 1219 qudd
477 1155 595 1205 voluntas
609 1152 714 1205 nominat
728 1151 858 1215 simpliciter

48 1234 199 1297 appetitivum
209 1235 298 1281 motum
308 1230 395 1292 absque
403 1226 591 1279 determinatione
600 1222 857 1289 alicujusercellentiae3

50 1309 89 1357 sed
108 1304 256 1355 intellectus
277 1302 384 1352 nominat
404 1299 527 1363 quamdam
548 1296 706 1348 excellentiam,
725 1294 860 1359 cognitionis
955 1300 959 1307 ’

54 1377 192 1439 penetrantis
212 1375 244 1425 ad
265 1372 357 1423 intima.
373 1372 403 1421 El
423 1370 477 1420 ideo
495 1368 665 1433 supernaturale
685 1368 768 1417 donum
787 1366 860 1429 magis

54 1447 179 1499 nominatur
191 1446 290 1497 nomine
303 1443 450 1505 intellectus,
465 1441 535 1505 quam
548 1441 640 1491 nominc
657 1436 788 1490 voluntatis.

348 1612 512 1665 nucleolos
529 1614 556 1662 ll.

106 1735 193 1779 Utrrlm
202 1734 296 1777 donum
307 1730 445 1776 intellectus
457 1726 532 1783 possit
545 1726 619 1771 sirrrol
629 1738 676 1769 esse
690 1723 805 1780 comflde.

80 1852 113 1903 ld
135 1850 267 1903 secuudum
286 1848 320 1898 sic
341 1844 481 1912 proceditur.
501 1843 595 1893 Videtur
610 1840 671 1905 quor
690 1842 774 1891 donum
793 1838 859 1889 intel·

52 1925 120 1975 lectus
132 1937 182 1973 nou
199 1921 269 1971 sinum
286 1920 396 1970 habeatur
407 1929 459 1967 cum
472 1916 524 1966 [ide.
537 1912 596 1965 llicit
610 1914 670 1965 enim
680 1912 820 1977 Augustinus
835 1911 858 1961 in

52 1998 89 2046 lib.
104 1994 235 2057 Lllilefl,
247 1992 438 2054 Quoestionum,
453 1989 512 2051 qnod
525 2005 538 2034 n
555 1987 577 2037 id
595 1986 654 2049 quod
665 1984 808 2047 intelligitur,
823 1984 859 2033 in-

50 2066 177 2131 telligentis
189 2061 398 2128 comprehensione
411 2059 497 2109 finitur.
509 2074 522 2105 ιι
534 2058 578 2108 Sed
587 2056 610 2107 id
623 2058 683 2121 qrrod
694 2056 801 2119 creditur,
811 2067 858 2105 nou

54 2137 269 2203 comprehenditur,
283 2133 409 2185 secumdum
424 2130 480 2180 illud
498 2129 600 2193 llpostoli
618 2128 653 2177 od
667 2126 789 2191 Philipp„
805 2126 835 2176 lll
851 2141 857 2175 ι

55 2211 126 2260 «Nou
140 2208 268 2273 quodiam
283 2201 508 2269 comprehenderim,
521 2204 564 2249 aut'
575 2199 690 2264 perlectus
709 2197 760 2247 sinn.
773 2214 786 2245 n
800 2198 859 2261 Ergo

54 2282 148 2345 ridetur,
164 2279 228 2344 quod
245 2277 302 2328 lides
319 2280 345 2327 et
357 2274 490 2325 intellectus
506 2285 551 2323 non
563 2274 660 2337 possunt
670 2282 720 2321 esse
731 2269 757 2318 in
767 2269 856 2319 eodem.

83 2356 106 2402 2.
123 2354 252 2412 Praeterea,
264 2362 331 2399 omne
348 2347 409 2411 quod
420 2344 563 2407 intelligitur,
578 2342 693 2392 intellectu
704 2340 801 2390 ridetur.
815 2340 858 2389 Sed

56 2424 108 2473 tiles
126 2427 163 2473 est
175 2424 205 2473 de
216 2434 266 2471 non
279 2418 460 2484 apparentibus,
474 2419 582 2479 utsupra
601 2414 685 2464 dictum
706 2414 741 2461 est
761 2412 816 2474 (qu.
830 2413 859 2471 1,

58 2500 97 2545 ιιι.
107 2496 140 2559 tl.
149 2497 210 2558 Ergo
218 2494 276 2544 lldes
283 2506 331 2543 non
338 2488 489 2555 potestsirnul
496 2500 547 2539 esse
557 2487 581 2537 in
589 2486 668 2536 ecdem
676 2496 726 2533 curn
735 2482 860 2532 intellectu.

59 2634 82 2671 et
90 2628 178 2685 menide
190 2626 263 2684 1,·2‚
275 2638 316 2681 qu.
327 2623 354 2682 3,
368 2620 440 2668 eruti
457 2636 463 2663 r
482 2620 569 2665 Uirium
582 2618 703 2663 lentitudo
717 2614 862 2662 incruentis

60 2690 150 2735 diuise
160 2692 260 2735 cirione
270 2688 403 2739 coortum
413 2689 440 2728 ut
448 2689 473 2729 et
483 2683 569 2728 ibidem
580 2694 620 2737 qu.
631 2679 658 2738 5,
670 2684 712 2724 nrt.
730 2676 744 2720 5
756 2694 762 2721 r
776 2676 862 2721 Uirium

60 2752 126 2797 lonso
136 2765 181 2811 pes·
190 2765 238 2798 ιιιιι
251 2748 386 2796 muralia
393 2748 472 2805 poerit
480 2746 609 2802 asumma
618 2740 807 2789 beatitudinem.-
821 2738 863 2783 ulti

61 2815 94 2859 sic
106 2816 136 2860 sd
149 2829 203 2861 earn
215 2815 288 2860 docet
303 2810 425 2859 hominem
437 2808 553 2869 ordinari,
567 2813 593 2853 ut
605 2816 652 2851 uon
663 2804 709 2850 uisi
729 2813 773 2857 ope
785 2799 863 2845 dirluu

59 2884 220 2935 ωυηιιιιι.
