1992 3317
141 109 188 156 838
264 117 371 156 snnnnm
387 115 517 165 secunus,
534 114 627 162 qnater.
644 115 698 163 uxr,
713 115 769 152 aar.
786 116 813 152 m.

141 191 170 240 lit
182 190 246 254 ideo,
256 190 281 241 in
294 188 432 240 distributiva
440 187 537 251 justitia,
550 185 614 236 tantd
623 187 675 250 plus
684 186 753 237 alicui
762 187 791 236 de
802 185 869 237 bonu
878 196 934 236 com·

141 261 248 312 munibus
262 262 335 321 datur,
349 257 434 322 quanto
450 258 489 309 illa
505 271 602 323 persona
617 259 725 323 majorem
738 253 809 308 inaltet
826 257 937 321 principa-

140 333 227 383 litatem
239 333 263 382 in
277 330 447 382 communitate.
460 331 516 388 Qua
524 326 615 392 quidem
624 328 780 393 principalitas
789 329 815 379 in
824 329 938 380 aristocra-

141 404 187 454 tica
195 403 355 454 communitate
365 402 488 453 attenditur
500 401 625 453 secundini
634 402 758 464 virtutem,
772 401 939 466 inoligarclaica
970 450 972 467 Ι

142 474 265 526 secundlrm
278 471 377 537 divitius,
391 473 416 522 in
427 473 578 525 democratica
593 472 716 523 secundini
729 473 871 536 libertatem,
884 475 908 522 et
919 472 939 520 in

141 546 191 596 aliis
207 545 279 595 aliter.
293 545 323 594 lit
336 543 387 595 ideo
400 543 424 594 in
441 544 532 609 justitia
548 544 690 595 distributiva
703 557 752 594 uon
767 543 881 608 accipitur
895 557 937 592 me

141 618 204 668 dium
216 613 340 666 secundiam
352 615 504 679 equalitatem
517 615 551 666 rei
562 617 591 666 ud
599 629 657 678 rem,
665 617 705 667 sed
715 615 843 669 secuudirm
851 629 940 680 pmpor·

142 687 226 740 tionem
241 699 316 738 rerum
331 687 358 737 ad
367 699 486 751 personas,
495 691 522 737 nt
535 687 622 737 sedicet
634 687 693 741 sicot
710 700 757 737 nna
766 700 867 751 persona
878 700 938 738 exue·

141 759 175 808 dit
192 758 273 822 uliam,
294 759 325 809 ita
338 772 374 809 res
387 773 438 822 quae
451 760 516 810 datm·
530 758 570 809 uui
582 772 702 823 persone,
715 760 815 811 excedat
831 771 881 810 rem
893 771 938 822 qua

142 831 206 880 datur
225 830 274 880 alii.
292 831 321 881 Et
334 831 386 882 ideo
408 829 462 880 dicit
476 830 631 894 Philosophus
650 829 713 893 qudd
729 831 777 880 tale
790 829 892 880 medium
910 834 939 878 est

143 919 156 950 n
165 900 289 954 secuunddm
308 902 466 966 geometricam
484 903 728 966 proportionalitatem,
744 917 760 948 u
773 902 800 952 in
811 915 860 966 qua
871 905 938 952 atten

142 973 202 1023 ditur
217 973 303 1038 aequale
317 986 363 1024 non
381 973 507 1026 seennddm
525 973 689 1036 quantitatem,
699 974 742 1024 sed
753 972 882 1023 secundirm
893 986 939 1037 pm

142 1044 280 1109 portionem.
295 1045 357 1094 Sicut
368 1045 387 1094 si
400 1046 503 1096 dieamus
514 1044 573 1108 qndd
586 1045 678 1096 sicutte
688 1044 775 1094 habent
787 1058 828 1094 εει
844 1046 872 1094 ad
883 1057 936 1108 qna·

142 1121 202 1180 tuor,
215 1118 246 1166 ita
257 1131 280 1168 se
294 1116 379 1166 habent
396 1117 439 1167 tria
452 1117 481 1168 ad
496 1117 557 1180 duo;
572 1117 634 1180 qnod
647 1116 768 1180 utrobique
786 1120 824 1167 est
834 1115 938 1179 sesquial-

141 1191 190 1238 tera
204 1186 331 1252 proportio,
346 1187 370 1238 in
380 1201 425 1252 qna
440 1188 514 1252 majus
526 1189 596 1238 hahet
609 1191 681 1239 totum
694 1186 785 1250 miuus,
803 1193 830 1238 et
847 1188 936 1238 mediam

141 1262 229 1324 partem
251 1260 311 1322 ejus.
332 1259 384 1308 Non
406 1261 481 1308 antem
498 1263 534 1309 eet
551 1260 669 1324 equalitas
688 1271 798 1309 excessus
819 1258 935 1311 mundio

142 1330 308 1393 quantitatem,
322 1330 376 1393 quia
394 1343 433 1381 sex
447 1330 561 1380 excedunt
571 1334 668 1393 quatuor
681 1328 706 1378 in
721 1329 821 1389 duobus,
837 1327 933 1380 mianum

142 1401 254 1452 excedunt
267 1403 311 1451 dnn
325 1401 350 1450 in
361 1415 416 1452 uuo.
427 1402 472 1452 Sed
484 1400 732 1453 menunnutiunitne
742 1401 847 1452 redditur
860 1399 935 1464 aliqud
970 1398 972 1407 '

142 1472 211 1524 alicui
224 1473 332 1538 singulari
340 1487 442 1537 personae
452 1477 545 1538 pmpter
553 1487 600 1524 rem
612 1475 672 1539 ejus,
682 1486 734 1538 que
748 1477 846 1537 accepta
854 1477 905 1533 est,
917 1475 937 1519 nt

142 1543 240 1596 maxime
253 1548 316 1610 patet
330 1545 355 1594 iu
364 1546 479 1608 emptione
494 1550 518 1596 ει
532 1546 674 1605 venditione,
689 1545 714 1594 in
727 1544 813 1608 qulbus
823 1544 897 1609 primi
906 1545 936 1592 in·

141 1616 232 1666 venitur
250 1615 306 1666 ratio
325 1615 518 1668 commutationis.
535 1617 565 1666 Et
584 1615 636 1666 ideo
655 1619 745 1680 oportet
761 1617 884 1680 adaquare
896 1628 935 1666 rem

141 1688 175 1738 rei
182 1725 190 1751 ,
204 1691 230 1738 ut
246 1685 329 1752 quanto
344 1687 389 1738 iste
402 1687 455 1750 plus
465 1688 535 1740 habet
545 1687 613 1750 quim
626 1701 693 1737 suum
707 1685 739 1737 sit
751 1687 780 1738 de
794 1699 824 1736 eo
838 1687 936 1750 quoiast

143 1759 250 1820 alterius,
261 1759 400 1808 tantumdem
411 1759 515 1809 restituat
532 1759 554 1810 ei
564 1759 631 1823 cuius
645 1762 689 1809 est
703 1759 733 1809 itt
747 1759 781 1810 sic
793 1758 936 1822 litaeqnalitas

142 1829 268 1880 secuuddm
277 1829 440 1880 arithmeticam
449 1831 609 1891 medietatem,
622 1843 673 1894 qne
682 1831 811 1880 attenditur
820 1829 937 1881 secundim

141 1915 219 1966 parem
234 1900 367 1964 quantitatis
378 1915 495 1954 excessum
511 1917 517 1952 :
530 1901 589 1952 sicut
600 1904 709 1967 emitque
722 1905 759 1952 εει
772 1901 875 1952 medinm
887 1901 937 1950 inter

142 1985 183 2022 sex
197 1975 220 2022 et
237 1976 344 2036 quatuor,
360 1973 385 2022 in
398 1973 486 2024 unitate
497 1975 559 2024 enim
573 1973 664 2025 excedit
677 1977 701 2024 et
711 1973 839 2025 exceditur.
853 1972 878 2023 Si
890 1984 936 2034 erqo

143 2039 277 2106 aprincipio
295 2046 389 2107 uterque
407 2045 504 2094 habebat
517 2045 630 2110 quinque,
645 2047 668 2095 et
682 2056 743 2094 uuus
760 2057 841 2094 corum
860 2042 936 2105 accepit

141 2126 210 2162 aruum
221 2113 248 2163 de
260 2126 287 2164 eo
300 2115 360 2178 qnod
371 2119 407 2166 cst
420 2115 533 2178 alterins,
548 2129 609 2166 meus
618 2116 706 2166 scilicet
719 2114 837 2178 accipiens
855 2113 936 2165 netem

141 2197 196 2244 sex,
209 2188 232 2234 et
244 2185 284 2234 alii
296 2185 452 2250 relinquentur
464 2192 569 2251 quatmr.
586 2188 634 2238 linit
646 2201 699 2252 crgo
711 2186 803 2252 justitia
817 2186 838 2238 si
849 2190 936 2249 nterqm

140 2255 259 2305 reducatur
272 2257 299 2306 ad
309 2257 418 2318 medinm,
430 2262 456 2308 ut
465 2258 590 2322 accipiatur
598 2272 669 2308 uuum
680 2258 708 2308 ab
717 2271 746 2308 eo
756 2259 797 2322 qui
809 2258 880 2310 lrabet
891 2270 934 2317 εει,

142 2329 165 2378 ει
179 2327 243 2376 detur
253 2327 275 2376 ci
289 2327 406 2390 quilebet
418 2332 530 2393 quatuor3
544 2329 649 2381 sicenim
663 2333 758 2394 uterque
774 2330 868 2382 habebit
879 2328 937 2393 qnin-

141 2411 198 2462 qne‚
209 2399 269 2462 quod
285 2402 319 2449 est
333 2398 442 2450 medium.

174 2471 208 2520 tu
217 2470 313 2534 primum
323 2483 376 2534 ergo
386 2471 517 2535 dicendum,
527 2472 588 2537 quod
596 2473 622 2524 iu
630 2472 681 2524 aliis
689 2473 814 2524 nutamus
824 2472 938 2524 moralibus

143 2541 252 2606 accipitur
265 2542 364 2594 medium
376 2542 502 2594 necundium
517 2545 644 2608 rationem,
655 2548 680 2594 et
688 2557 733 2596 nou
745 2545 871 2607 secundina
879 2557 934 2597 reum

142 2615 181 2663 sed
198 2612 222 2662 in
234 2611 322 2676 justitia
338 2612 447 2676 accipitur
461 2614 562 2665 medinm
579 2617 619 2665 rei
638 2617 672 2682 (l)
692 2619 735 2667 :ct
748 2617 802 2668 idco
822 2614 936 2668 secundim

142 2683 296 2734 diversitatem
309 2697 399 2746 rernm,
410 2685 564 2736 diversimode
578 2686 676 2738 medium
691 2687 807 2752 accipitur.

175 2821 206 2885 (1)
225 2828 293 2872 sunta
307 2826 363 2871 illud
373 2827 435 2884 quod
449 2827 528 2890 supra,
542 2842 582 2887 qu.
595 2829 636 2890 te,
650 2828 694 2877 art.
712 2830 752 2892 lo,
764 2833 887 2888 protritum
896 2835 935 2876 εει.
