1992 3317
237 183 268 219 [Β
283 182 374 221 mili)
391 181 492 221 (38thAE
509 182 677 225 denumerans.
828 182 858 229 ΕΓΖ

84 262 108 306 a.
117 258 241 320 emturum,
250 258 389 323 quicumque
396 260 460 323 apud
469 257 569 323 aliquem
581 260 666 327 aliquid
678 266 791 327 meretum,
801 278 858 319 ren·

55 328 127 378 stituit
144 342 196 379 eum
217 329 262 380 suhi
282 330 428 394 dehitorem3
448 330 551 381 debitum
573 333 635 383 enim
653 338 705 397 est,
726 340 753 387 ut
775 337 858 403 aliquis

55 400 149 451 merenti
158 402 286 451 mercedem
299 402 421 466 rependat.
434 403 479 453 Sed
495 403 556 463 Deus
567 403 624 455 nulli
633 408 668 455 est
679 406 781 457 debitor:
794 411 857 461 nude

55 472 133 521 dicitur
149 475 233 533 llum,
247 474 285 523 X:
302 490 317 521 u
326 474 381 533 Quis
392 475 457 540 prior
469 473 531 526 dedit
549 476 584 539 ei,
601 480 624 528 et
636 477 773 531 retribuetur
785 481 826 531 eit
840 499 855 531 u

54 545 110 605 Euge
123 544 224 595 nutiusi
235 546 282 597 heu
295 551 373 609 potest
387 545 476 609 aliquid
490 548 581 597 mereri.

83 615 127 665 Sed
139 620 219 667 eontra
232 621 285 680 est,
299 618 360 681 quod
369 617 456 668 dieitrrr
472 620 575 682 leuem„
586 621 656 671 XXXI
672 638 677 670 :
695 623 760 676 «Est
769 637 857 677 merces

53 687 114 748 uperi
129 690 177 738 tue.
196 703 210 734 n
225 689 271 739 Sed
285 702 373 740 merres
390 689 475 739 dieitur
484 692 547 754 quod
565 692 645 743 merite
664 694 773 743 redditur.
797 696 857 759 Ergo

53 758 139 808 uidetur
155 759 217 823 qued
231 761 301 811 homo
314 761 387 825 pessit
402 761 475 811 alteo
487 762 576 812 mereri.
860 760 864 767 '

87 831 247 892 (Coumumo.
256 858 288 869 -
296 834 375 883 Potest
383 834 455 883 homo
467 833 527 897 apud
537 835 608 885 heum
617 834 702 899 ahquid
715 836 797 885 mereri
809 852 855 889 nou

53 902 141 961 quidem
150 902 277 953 seeundum
286 904 416 955 ahsolutum
427 903 527 968 justitie
537 905 661 968 rationem,
672 906 713 957 sed
730 908 856 959 seeundhm

53 972 135 1023 tevine
144 973 295 1025 ordinationis
308 977 432 1039 qnamdam
442 974 682 1041 presuppesitionem3
693 980 760 1039 proni
769 978 857 1031 scilieet

51 1043 73 1091 hl
90 1046 197 1107 tanquam
212 1049 340 1097 meroedem
359 1045 508 1109 consequitur
521 1048 592 1097 hemo
605 1060 646 1110 per
661 1059 725 1097 suam
741 1050 858 1113 operalio-

52 1128 116 1175 uem,
134 1118 164 1167 ad
177 1118 240 1179 quod
256 1118 280 1167 ei
296 1118 358 1167 Deus
367 1117 481 1182 operandi
490 1117 598 1167 virtutem
610 1116 752 1181 deputarit.)

80 1187 217 1252 Respondeo
234 1188 375 1249 dieeudnm,
389 1189 451 1253 qnod
469 1192 592 1239 meritum
605 1192 629 1239 el
642 1204 736 1239 merces
750 1190 779 1241 ad
797 1190 858 1242 idem

51 1259 185 1309 reseruntur.
195 1261 221 1312 ld
230 1261 293 1311 enim
307 1276 402 1311 meroes
412 1260 505 1323 dieitur,
519 1264 577 1325 quod
590 1260 660 1311 alieni
674 1268 857 1327 reeompensatus

53 1345 91 1393 pm
107 1332 262 1398 retributione
279 1333 354 1396 operis
371 1332 409 1381 uel
430 1332 529 1394 leheris,
546 1334 611 1396 quasi
629 1336 741 1398 quoddam
759 1336 857 1399 pretium

54 1402 125 1463 ipius.
140 1404 208 1453 Unde
223 1404 284 1453 siem
298 1404 392 1453 reddere
405 1404 495 1466 justum
511 1404 609 1467 pretium
622 1418 662 1469 pru
675 1418 700 1457 re
719 1409 813 1471 accepta
828 1408 857 1457 ah

54 1475 135 1537 utiquo,
150 1479 187 1525 eut
199 1478 267 1526 aetus
276 1473 392 1537 justitie:
409 1472 442 1523 ite
455 1474 524 1526 etiam
539 1489 712 1540 recompensare
728 1478 857 1528 mercedem

56 1546 123 1607 uperie
138 1548 178 1597 rel
191 1545 281 1597 leheris
289 1548 326 1596 est
337 1549 405 1596 aetus
415 1544 519 1607 justitie.
531 1546 618 1597 lustitia
628 1550 706 1599 autem
720 1565 735 1595 u
743 1549 859 1613 equaliter

52 1619 173 1676 urendam»
187 1622 233 1678 est,
248 1620 275 1667 ut
286 1620 401 1681 paletper
410 1616 573 1681 Philosophum
585 1618 609 1667 in
621 1619 649 1667 V.
662 1620 747 1669 Ethre.
764 1620 828 1683 (eap.
841 1622 854 1669 t

53 1686 136 1752 siret)
150 1705 157 1738 :
172 1692 197 1739 et
209 1689 264 1738 ideo
280 1687 418 1751 simpliciter
431 1691 468 1737 eet
480 1687 569 1752 justitia
581 1688 641 1739 inter
655 1702 696 1740 eos
709 1702 806 1753 quornm
821 1692 857 1739 est

54 1760 182 1824 simpliciter
194 1761 326 1825 aequalitas.
340 1761 426 1811 Eorum
441 1759 497 1809 rerd
510 1774 605 1823 quorum
616 1774 663 1812 non
680 1763 714 1811 est
724 1758 857 1825 simpliciter

54 1833 179 1895 equalitas,
198 1845 246 1882 non
266 1835 304 1882 est
322 1830 458 1897 simpliciter
476 1832 578 1895 justitia,
592 1832 634 1882 sed
653 1832 744 1896 quidam
761 1830 858 1895 justitie

55 1904 129 1953 modus
145 1906 225 1968 potest
248 1917 301 1953 esse
321 1902 404 1953 :sient
425 1901 506 1953 dieitur
522 1904 635 1966 quoddam
653 1903 702 1967 jue
721 1904 857 1967 paternum

56 1974 100 2022 sire
124 1974 333 2038 deminutivum,
350 1979 377 2023 nt
400 1974 425 2023 in
450 1975 530 2025 eodem
549 1974 607 2025 lihro
625 1975 779 2039 Philosophus
803 1974 857 2025 dieii

57 2047 120 2109 {rap
132 2050 161 2097 ll
177 2049 227 2099 sire
241 2049 300 2110 1⁰).
313 2048 344 2097 Et
360 2049 455 2112 propter
468 2047 512 2097 hee
525 2045 549 2097 in
565 2046 601 2113 his
613 2046 637 2095 iu
651 2046 734 2111 quihus
750 2050 786 2097 est
802 2046 858 2097 sim·

55 2117 138 2177 pluitur
146 2119 252 2183 justum
259 2157 270 2182 ‚
283 2122 320 2169 est
333 2120 404 2169 etiarn
424 2117 554 2182 simpliciter
569 2117 627 2169 ratio
642 2118 730 2167 meriti
750 2121 773 2168 et
790 2132 857 2167 rneri-

55 2189 130 2252 tudr'm
143 2191 168 2241 in
182 2191 267 2256 quihus
288 2196 367 2243 antem
381 2194 420 2240 est
437 2190 558 2241 seeundim
575 2190 627 2253 quid
640 2190 745 2257 justum
767 2193 791 2239 et
811 2203 857 2239 nou

57 2260 194 2326 simpliciter,
207 2268 244 2313 est
253 2264 311 2315 ratio
323 2261 417 2312 meruli
423 2301 430 2318 ‚
442 2262 482 2311 sed
491 2261 616 2312 seeundum
625 2262 697 2325 quid,
713 2262 856 2325 inquantum

59 2333 150 2385 saluatur
162 2336 195 2387 ihi
209 2335 309 2399 justitia
319 2334 379 2386 ratio
393 2350 400 2382 ι
414 2333 448 2383 sie
463 2334 522 2383 enim
537 2338 561 2384 et
574 2334 635 2383 lilius
654 2336 753 2383 meretur
771 2330 857 2394 aliquid

59 2402 71 2451 'e
85 2410 155 2472 pehe,
168 2413 192 2460 et
206 2406 422 2459 servusidomino.
436 2406 579 2457 Manifestum
590 2410 626 2457 est
636 2410 712 2457 autem
728 2404 787 2469 quhd
799 2403 857 2453 inter

59 2477 123 2526 heum
133 2484 156 2529 et
171 2480 289 2530 hominem
299 2483 335 2529 est
344 2478 446 2529 unanima
460 2477 600 2541 inequalitas
616 2478 655 2541 (iu
668 2476 783 2529 infinitum
795 2475 857 2525 enim

59 2549 163 2616 distant),
175 2556 201 2603 et
211 2556 285 2603 totum
295 2552 356 2615 qued
373 2551 412 2599 est
422 2548 520 2601 hominis
535 2551 619 2599 hortum
626 2586 634 2613 ,
645 2548 707 2601 eet'a
721 2549 766 2609 hee
777 2563 783 2596 :
796 2546 856 2598 unde

60 2634 101 2669 neu
111 2628 184 2686 potest
194 2621 294 2674 hominis
302 2624 332 2675 ad
340 2624 416 2673 Deum
427 2632 477 2671 ease
486 2621 577 2685 justitia
586 2620 714 2675 seeundum
729 2620 855 2671 absolutam

60 2693 248 2758 quateremur}
258 2692 385 2747 seeundhm
394 2692 562 2757 proportionem
571 2693 702 2755 quamdam,
712 2690 857 2753 inquantum

59 2764 140 2815 scheer
148 2771 241 2831 uterque
251 2766 360 2832 operatur
371 2762 497 2815 seeundirm
506 2766 598 2815 medum
606 2775 682 2815 suurn.
693 2762 772 2813 Medus
781 2763 857 2837 entem

62 2839 305 2889 etmenmuuhumaue
315 2836 410 2888 mouns
419 2834 632 2887 hunimsestiheu
642 2851 648 2884 ε
658 2832 857 2885 etideemerrtum

61 2904 153 2959 tunninio
165 2911 308 2973 rpudlteum
322 2921 377 2961 esee
391 2920 439 2958 uon
451 2910 538 2976 potest,
553 2906 599 2959 uisi
614 2902 739 2959 seeundim
755 2907 854 2963 presul*
