1992 3317
298 127 330 164 DE
346 129 468 168 ululaturus
483 99 603 167 subdurum.
673 124 678 130 ’
807 125 852 170 835

35 202 98 250 lle
110 201 203 265 officiis
218 201 270 266 ill:
287 202 347 252 «Fit
361 203 460 254 deterior
472 217 513 267 qur
525 206 624 270 accipit
638 209 661 257 et
674 208 702 257 ad
712 207 771 260 idem
788 221 852 258 sem-

61 286 98 336 per
110 273 269 337 expectandum
283 275 390 357 paratim.
399 292 412 322 r
428 276 486 340 Ergo
500 275 630 328 distributio
644 291 692 328 non
709 279 808 342 pertinet
824 282 853 332 ad

62 345 376 410 aliquamjustitiaespcclem.

88 417 236 478 albaterra,
249 417 347 482 justitia
358 421 421 470 actus
429 423 465 470 est
475 421 570 472 reddere
579 419 708 486 unicuique
711 423 771 486 quod
784 437 852 474 snum

59 491 103 549 εει,
112 490 137 538 ut
151 487 218 550 supra
232 489 333 540 habitum
346 495 390 540 εει.
404 491 449 541 Sed
459 491 484 542 in
496 491 655 543 distributione
663 506 710 544 nou
718 495 852 559 rependitur

62 559 125 609 alicui
138 560 197 624 qnod
210 573 276 610 sunm
289 565 353 624 erat,
364 563 403 612 sed
418 562 445 613 de
457 577 519 614 noro
529 564 685 628 appropriatur
700 565 743 616 sibi
755 566 777 616 ld
792 568 852 630 qnod

59 633 104 680 erat
121 643 248 682 commuue.
261 633 321 696 Ergo
335 635 379 684 hoo
391 635 419 684 ad
432 634 545 696 iustitiam
561 647 607 687 non
620 636 728 700 pertinet.

89 707 110 751 a.
123 703 249 766 Praeterea,
259 703 346 766 jnslitia
357 717 403 755 non
414 703 486 756 scldm
497 707 566 756 estin
577 705 689 771 principe,
700 709 741 758 sed
748 708 817 759 etiam
825 708 849 759 in

58 772 164 835 subditis,
174 776 200 822 ut
215 775 282 838 suprl
291 775 393 826 habitum
409 779 444 827 est
459 776 515 841 (qu.
528 782 571 838 58,
586 781 628 827 art.
640 781 669 827 ll
678 781 696 839 t.
714 779 758 829 Sed
771 779 852 830 distri-

57 845 123 896 buere
139 857 231 908 semper
249 847 277 896 ad
292 847 420 912 principem
437 849 545 912 partinet.
561 849 621 912 Ergo
640 847 784 900 distributiva
805 865 852 902 non

55 916 153 982 pertinet
164 930 255 981 semper
268 919 294 968 ad
304 918 426 982 justitiam.

87 993 111 1038 t.
123 990 269 1051 Praeterea«
281 989 446 1040 distributivum
457 991 545 1054 justum
555 992 709 1042 estbonorum
719 990 851 1053 omnium»

54 1065 79 1110 ut
93 1061 174 1111 dicitnr
187 1061 245 1110 inll
261 1062 343 1112 Etbic.
360 1061 405 1112 Sed
419 1063 548 1113 communia
564 1062 679 1128 pertinent
694 1062 724 1113 ad
740 1062 852 1126 justitiam

53 1132 155 1195 legalem.
180 1133 239 1195 Ergo
254 1133 343 1194 justitia
361 1132 503 1184 distributim
520 1146 566 1185 non
592 1137 627 1184 est
650 1134 740 1199 species
759 1133 854 1198 justitia

53 1203 210 1267 particularis,
224 1205 265 1255 sed
276 1203 371 1268 justitie
387 1205 475 1268 legalis.

85 1279 110 1325 5.
126 1277 250 1338 amurca,
263 1290 342 1326 uuam
362 1279 386 1326 et
409 1277 492 1326 urcttc
512 1291 557 1328 non
578 1277 731 1328 diversificant
752 1276 853 1342 speciem

52 1347 152 1397 virtutis.
166 1347 214 1396 sed
218 1346 311 1410 justitia
320 1347 480 1398 commutatico
490 1348 594 1398 consistit
607 1347 632 1397 in
641 1350 685 1398 boc
699 1347 759 1412 qnbd
768 1347 853 1410 aliquid

51 1418 153 1469 redditur
160 1418 210 1482 uni,
217 1417 306 1482 justitia
317 1417 371 1469 verb
381 1418 536 1481 distributiva,
541 1419 565 1468 in
574 1421 617 1471 boc
625 1418 686 1483 qubd
695 1418 779 1483 aliquid
787 1419 852 1469 datur

51 1489 139 1540 multis.
155 1489 215 1554 Ergo
229 1502 275 1540 non
285 1495 338 1540 sunl
352 1489 445 1541 diuersa
455 1490 544 1554 species
552 1490 656 1554 justitiae.

81 1562 127 1613 Sed
138 1566 218 1612 contra
229 1566 279 1623 εει,
296 1561 355 1626 qnbd
374 1561 526 1626 Philosophus
536 1561 560 1610 in
574 1563 593 1610 V
609 1562 693 1612 litbic.
715 1560 780 1624 pouit
795 1561 852 1610 duas

49 1639 128 1699 partes
139 1633 254 1698 justitiet,
269 1635 292 1684 et
303 1633 356 1683 dicit
370 1631 430 1696 qubd
447 1649 460 1680 u
476 1645 522 1682 uua
535 1635 570 1683 est
584 1632 693 1683 directiva
704 1630 729 1680 in
745 1629 852 1681 distribu-

50 1706 167 1767 tionibus,
186 1705 230 1755 alia
244 1705 267 1755 in
282 1704 532 1756 commutationibus.»

83 1778 246 1841 (Concuusro.
262 1803 293 1814 -
303 1777 358 1827 lluae
372 1779 426 1826 sunt
437 1773 533 1839 justitiae
550 1775 653 1839 species,
666 1775 738 1824 altera
751 1787 853 1824 commu-

47 1851 132 1911 tativa,
143 1863 187 1913 qua
200 1849 300 1899 bomoin
311 1847 348 1899 iris
357 1847 461 1911 dirigitur
470 1861 521 1912 quae
526 1845 604 1898 matrab
613 1847 735 1898 interdum
743 1857 854 1910 personas

45 1921 75 1970 ad
92 1920 194 1970 invicem
207 1923 271 1982 sunt3
288 1919 359 1970 altera
373 1918 524 1981 distributiva,
540 1933 591 1983 qna
607 1917 759 1970 communium
773 1914 853 1966 distri·

44 1993 129 2043 bntiva
141 1993 178 2042 est
188 1990 312 2042 secundum
326 1991 445 2053 quemdam
458 1990 702 2054 proportionalitatem
718 1988 728 2052 )

78 2063 221 2128 Respondes
242 2061 380 2125 dicendum,
399 2060 459 2124 qnbd
482 2061 541 2111 sicut
563 2061 648 2112 dictum
672 2062 708 2110 cst
725 2059 781 2124 (qu.
807 2062 852 2122 58,

42 2139 89 2185 art.
112 2133 160 2196 8),
175 2131 265 2198 justitia
285 2131 428 2196 particularis
441 2130 558 2182 ordinatur
575 2133 603 2181 ad
623 2130 721 2195 aliquam
743 2129 855 2196 priuatam

41 2216 181 2270 personam,
198 2215 250 2266 qun
264 2205 406 2266 comparatur
419 2204 447 2252 ad
465 2201 666 2263 communitatem,
682 2202 741 2251 sicut
752 2213 805 2264 pars
827 2201 856 2250 ad

41 2282 130 2326 toturn.
147 2277 230 2324 Potest
244 2276 318 2324 antem
332 2273 360 2323 ad
377 2273 475 2336 aliquam
488 2277 577 2354 partem
590 2273 675 2336 duplex
687 2274 741 2322 ordo
758 2272 853 2323 attendi.

41 2350 111 2398 Unus
127 2346 222 2412 qrtidem
231 2345 303 2408 partis
317 2345 351 2394 ad
358 2347 459 2408 parurn,
473 2344 512 2393 cui
525 2344 607 2395 similis
617 2348 653 2394 est
661 2344 716 2394 ordo
729 2342 797 2392 nnius
810 2343 855 2408 pri-

39 2425 105 2470 vatae
121 2431 227 2482 personae
241 2417 268 2466 ad
278 2415 361 2479 aliam;
376 2419 399 2466 ει
408 2417 470 2466 buna
486 2417 589 2467 ordinem
602 2415 679 2478 dirigit
691 2415 855 2465 commutatico

32 2489 156 2556 justitia,
170 2501 223 2553 quae
239 2487 344 2538 consistit
360 2487 384 2536 in
394 2487 431 2537 his
445 2501 495 2552 qnae
505 2485 583 2537 mutub
596 2487 655 2536 liunt
666 2485 726 2536 inter
739 2486 855 2549 duasper·

77 2659 113 2722 (1)
130 2661 183 2707 Lib.
201 2661 236 2719 ll,
258 2656 336 2720 §dd,
351 2659 391 2704 ubi
411 2659 515 2706 reterens
534 2659 689 2705 Alexandrum
703 2659 718 2704 d
732 2662 798 2715 patre
813 2667 856 2701 sno

32 2725 219 2782 reprehensum
234 2723 297 2779 qudd
319 2723 457 2770 Macedones
474 2723 622 2780 pecuniarum
641 2721 762 2778 largitione
778 2731 859 2764 corru-

32 2789 140 2846 pisset:
157 2785 227 2832 Beue
246 2785 404 2860 trapitiooem
415 2782 518 2847 (inquit)
532 2784 697 2843 cmcpctcm
712 2782 780 2829 dicit
792 2793 857 2835 etto,-

32 2854 72 2910 fit
90 2850 165 2896 enim
184 2848 292 2894 deterior
304 2849 362 2906 dut
376 2851 421 2900 otc.
