1992 3317
285 124 317 178 uri
331 112 467 180 nonunt
482 113 610 182 ιισσιιιὶιιι
626 125 663 180 at.
830 109 876 184 ott

72 217 127 283 puin
140 215 198 267 nilril
208 215 347 281 prohibetin
357 217 433 282 aliquo
443 230 526 281 genere
536 230 588 270 esse
596 219 694 284 aliquan
707 219 815 284 speeiem,
824 233 876 285 qno

71 287 203 353 aliqualiter
220 291 327 353 operetur
342 289 367 339 iu
385 290 490 340 omnibns
509 290 629 356 speciebus
644 291 747 356 ejusdem
769 291 877 358 genens,
920 325 924 332 ·

70 360 132 412 aient
146 359 181 411 eol
194 359 320 424 aliqualiter
331 361 408 412 inlinit
419 361 444 411 in
453 361 530 413 omnia
542 375 646 430 corpora.

103 433 138 482 id
156 432 250 483 tertium
269 431 406 493 dicendum,
420 431 481 497 qnod
494 432 586 498 agibilia
605 438 658 486 sunt
671 434 765 500 qudem
783 435 879 488 materia

70 503 200 570 prudentie
210 541 219 567 ,
231 504 355 555 mnndum
371 503 432 569 quod
448 508 502 554 sunt
524 506 639 570 objectum
660 507 770 571 rationis,
791 507 879 560 scilieet
986 527 987 540 ι

72 576 117 628 aab
132 575 221 627 rafione
232 575 291 627 ueri.
310 577 367 628 Sunt
377 579 453 627 annm
469 577 564 628 materia
574 577 692 629 moralium
702 579 828 643 viantum,
843 591 879 631 sa·
986 603 987 606 ¹

72 648 250 772 ιιιέᾰίιιιιῶιιὸά
268 651 324 701 aunt
336 648 450 714 obiectum
465 649 556 701 nnana
571 649 718 716 appetitiva,
734 651 822 703 scilieet
835 651 878 704 suh

72 733 98 772 ra
118 733 163 772 one
210 733 243 771 ιι.

369 829 530 882 annuntiis
544 829 582 881 Vl.

107 953 195 1000 vittam
206 952 336 1012 prudentio
347 955 565 1014 praetituotjiaem
573 954 703 1002 varronem
710 954 849 1004 moraliter.

107 1082 143 1132 Ari
153 1085 244 1132 sextum
256 1080 290 1132 aio
305 1080 435 1146 proreditnr
445 1081 490 1146 (l),
507 1078 599 1133 Videtur
614 1081 676 1148 qnod
688 1082 807 1151 prudentia
819 1089 878 1147 pre·

74 1153 159 1204 stituat
168 1152 369 1203 linemairtutibns
385 1153 517 1204 moralibus.
534 1151 592 1204 Cim
605 1153 665 1204 enim
678 1149 799 1218 prudentia
812 1155 842 1204 sit
853 1153 878 1204 in
896 1211 904 1222 .

73 1223 178 1288 ratione,
193 1223 266 1273 entus
278 1226 355 1275 auteur
372 1224 464 1275 moralis
476 1225 503 1275 in
518 1225 541 1275 vi
558 1225 699 1290 appetitiva,
713 1225 803 1276 ridetur
818 1223 879 1290 quoti

72 1297 120 1346 hoe
134 1293 201 1345 modo
212 1295 329 1346 temneat
338 1294 458 1359 prurientia
467 1296 608 1347 adrirtntern
620 1297 741 1358 rnoralern,
750 1297 811 1348 siout
822 1293 880 1346 ratio

73 1367 105 1416 arl
119 1366 168 1416 vim
180 1365 337 1429 appetitivam.
352 1366 397 1417 sed
410 1365 466 1417 ratio
480 1369 602 1432 prostituit
616 1368 684 1418 finem
692 1367 800 1432 potentie
811 1380 881 1434 appe-

72 1437 159 1488 titiva.
174 1438 234 1500 Ergo
245 1437 364 1501 prudentia
377 1437 501 1502 praeatituit
514 1439 584 1490 finem
597 1439 718 1490 nautibus
731 1438 863 1490 moralibus.

108 1513 134 1558 2.
149 1511 279 1572 Praeterea,
294 1509 362 1559 homo
376 1508 467 1559 excedit
485 1523 522 1560 res
539 1509 679 1560 irrationales
699 1506 823 1561 secundnm
838 1522 880 1562 ra-

72 1581 175 1644 tionem,
188 1580 228 1630 setl
243 1577 369 1630 soeundim
382 1579 427 1629 alia
438 1593 490 1630 euru
509 1581 543 1630 eis
558 1580 716 1630 communicat.
731 1581 771 1630 Sin
788 1593 841 1644 ergo
855 1593 881 1632 ae

72 1653 165 1705 habent
183 1652 232 1704 aliae
243 1655 320 1717 partes
331 1651 431 1702 hominia
443 1653 472 1703 ai
482 1653 606 1716 rationem,
622 1653 680 1704 siout
696 1653 801 1704 sehabet
812 1654 880 1704 nomo

72 1725 107 1776 ad
129 1727 245 1775 creaturas
261 1723 411 1774 irrationales.
431 1723 477 1774 Sed
492 1741 507 1773 <r
522 1725 592 1775 homo
609 1727 644 1774 est
661 1721 715 1772 linis
729 1725 882 1773 ereaturarum

71 1794 260 1859 irrationalium,
273 1811 288 1843 n
302 1797 329 1844 ut
342 1794 423 1846 dieitur
432 1795 459 1846 in
469 1796 481 1846 1
492 1793 571 1846 notar.
581 1795 640 1858 Ergo
653 1806 733 1845 omnes
742 1793 793 1845 alia
804 1796 882 1858 partes

72 1866 179 1919 hominia
190 1866 322 1917 ordinantur
333 1866 363 1916 ad
374 1866 484 1917 rationem
498 1866 556 1918 aicit
566 1867 595 1917 ad
608 1867 686 1916 linem.
700 1864 746 1914 Sed
762 1863 883 1929 prudentia

72 1943 114 1991 est
129 1940 215 1988 ‹roeeta
229 1937 287 1988 ratio
300 1935 430 2002 agibiliunr,
446 1953 460 1986 o
475 1940 502 1987 ut
516 1937 599 1988 dietum
613 1939 656 1988 eat.
670 1936 729 2000 llrgo
744 1933 821 1986 omnia
834 1935 883 1998 agi-

73 2009 134 2062 bilia
147 2007 280 2060 ordinantur
292 2008 321 2058 ad
330 2006 475 2072 prudentiam
487 2007 546 2059 aient
562 2009 591 2059 ad
605 2007 683 2059 finem.
694 2008 748 2071 ipsa
758 2019 812 2070 ergo
824 2017 882 2070 pre·

74 2081 156 2134 stituit
169 2081 237 2130 finem
251 2079 356 2130 omnihus
368 2077 490 2130 antonina
501 2079 631 2130 moralibus.

110 2158 134 2204 a.
152 2153 280 2214 Praeterea,
293 2149 409 2215 proprium
425 2154 460 2201 est
472 2150 565 2202 uirtutis
578 2150 615 2201 rel
634 2149 698 2214 artis,
712 2163 752 2201 sen
763 2147 883 2214 potentie,
986 2181 987 2192 ,

75 2226 108 2278 ad
121 2237 190 2289 quam
200 2223 299 2287 pertinet
309 2221 361 2270 linis
368 2260 375 2283 ,
383 2222 408 2270 ut
416 2220 533 2286 precipiat
545 2220 595 2272 aliia
606 2219 727 2272 virtutibus
737 2233 778 2272 seu
789 2220 886 2283 artibus,

76 2299 106 2348 ad
121 2308 180 2360 uuae
191 2292 307 2358 pertinere
323 2304 351 2342 ea
368 2304 419 2355 que
432 2296 486 2342 aunt
503 2293 532 2342 ad
548 2293 627 2344 linem,
640 2291 687 2343 Sed
703 2293 823 2356 prudentia
837 2293 885 2342 dia-
986 2291 987 2298 ’

76 2367 145 2434 pouit
157 2367 186 2416 de
200 2363 253 2414 aliis
266 2361 388 2414 virtutibus
401 2362 524 2414 moralibus
537 2367 561 2415 et
576 2362 679 2429 praecipit
690 2363 732 2416 eis.
748 2365 809 2428 Ergo
825 2377 885 2428 pre·

76 2438 157 2492 satuit
168 2437 201 2487 eis
214 2435 293 2486 finenn

109 2511 159 2564 sed
172 2511 251 2560 eontra
263 2511 313 2571 eat,
323 2509 384 2572 qnod
400 2506 553 2572 Philosophus
566 2506 622 2559 dicit
635 2509 659 2558 in
670 2505 700 2559 ill
717 2507 809 2572 Elaia,
823 2505 888 2573 quon

78 2603 94 2634 u
106 2583 184 2634 vatus
195 2578 288 2632 moralis
302 2578 455 2629 lunationem
467 2578 519 2630 finis
534 2577 589 2629 faoit
599 2581 686 2630 rentem
702 2579 751 2644 (εκ
766 2577 887 2644 prudentia

112 2691 146 2756 (1)
161 2695 195 2740 De
214 2687 251 2736 hia
263 2687 333 2736 etiam
344 2691 364 2736 1.
374 2693 447 2748 part,
460 2700 502 2747 qu.
524 2689 564 2747 Ἠ,
576 2695 620 2735 art.
636 2687 661 2748 1,
672 2687 740 2742 atita
756 2686 887 2749 ututm,

79 2771 122 2816 qu.
132 2754 174 2815 66,
187 2758 232 2800 art.
241 2751 266 2812 8,
278 2752 307 2798 ati
317 2751 347 2806 ὃς
359 2757 383 2798 et
391 2753 434 2812 111,
447 2751 526 2802 stat..
537 2751 591 2798 dist.
602 2751 643 2812 ³8,
655 2764 696 2810 qn.
706 2751 735 2812 2,
746 2755 790 2798 art.
802 2751 817 2795 i
828 2755 853 2796 at
863 2750 889 2798 3.

115 2825 149 2890 (a)
166 2825 211 2873 vel
225 2826 426 2884 seopomreetem
436 2824 487 2888 (τὸν
502 2823 585 2874 σκοπὸν
596 2818 678 2896 ὀρθὸν),
688 2834 741 2884 uap.
754 2821 795 2884 1³,
803 2831 891 2882 green·

78 2903 137 2962 lut,
153 2899 192 2948 vel
205 2908 260 2956 oap.
270 2894 303 2944 ii)
313 2897 338 2944 ln
348 2896 460 2959 antiquie.

195 2980 233 3026 tl·
750 2967 781 3021 tt
