1992 3317
280 96 313 146 tn
326 94 442 148 ieiunus
460 108 611 149 nunonerrn.
801 82 846 148 iot

38 187 139 248 torum,
148 185 184 235 est
197 187 335 242 memoria,
351 185 372 236 si
384 189 460 237 antem
474 187 637 251 presentium,
653 186 700 238 siue
712 186 847 251 contingen-

39 257 104 307 tium
122 255 172 307 sire
196 256 387 322 necessariorum,
408 261 505 310 uocatur
525 259 666 312 intellectus
685 260 736 311 siue
754 259 848 310 intelli·

37 330 142 394 qentia.
161 328 279 393 Secundo,
289 328 339 393 ipsa
351 329 489 394 cognitionis
502 330 637 394 acquisitio,
652 345 703 396 quo
714 331 740 382 tit
757 331 795 383 vel
808 343 848 396 per

38 399 205 464 disciplinam,
224 399 289 450 etad
304 401 349 451 hoc
364 405 463 466 pertinet
476 401 608 468 docilitas,
623 403 660 454 rel
677 417 718 468 per
733 402 849 454 inventio·

38 484 113 532 nem,
128 473 153 522 et
171 472 200 522 ud
215 472 260 522 hoc
273 471 372 537 pertinet
384 473 527 534 eustochie,
541 488 591 539 qnae
605 477 642 526 εει
656 493 670 523 u
682 475 742 526 hona
755 474 845 538 conjec-

37 544 146 607 turatio;
162 559 176 590 r
190 543 260 607 liujus
275 546 351 595 autem
361 557 429 609 pars,
443 547 469 594 ut
478 544 560 596 dicitnr
575 545 599 595 in
610 547 640 596 lll
652 547 745 600 nour..
759 551 794 598 εει
807 560 847 596 ro-

37 612 140 675 iertc‘o,
154 628 204 678 quae
215 616 251 665 est
266 615 355 666 ‹ruelox
372 615 535 680 conjecturatio
552 616 635 678 medii,
644 633 657 664 n
677 621 703 667 ut
715 617 848 668 dicitnrinl

38 687 187 736 Posterior.
200 683 279 736 Tertii
292 685 470 737 considerandus
484 692 520 738 est
534 701 589 740 usus
602 688 752 752 cognitionis,
765 702 847 740 sccun-

38 757 97 808 dirm
116 757 205 808 scilicet
214 756 275 822 qnod
289 771 319 808 ex
329 757 428 820 cognitis
438 758 520 822 ahqnis
534 759 637 823 procedit
649 761 676 810 ad
695 760 738 810 alia
752 772 848 822 coguos-

37 831 118 880 cenda
140 829 178 878 vel
196 828 333 893 judicanda;
354 831 379 880 et
397 829 442 880 hoc
458 829 558 894 pertinet
577 831 604 882 od
622 831 755 883 rationem.
779 830 846 882 ilatio

38 904 122 951 autem
135 901 163 950 ad
178 901 223 953 hoc
232 899 293 964 qudd
306 899 368 951 recte
379 900 510 966 precipiat,
523 899 566 952 tria
579 901 647 952 debet
661 902 757 966 habere3
771 903 847 966 primi

37 973 155 1038 quidem,
172 973 198 1022 ut
212 971 301 1023 ordinet
312 972 340 1022 ad
356 971 440 1036 aliquid
455 974 622 1024 accommodum
634 973 663 1024 ad
679 973 758 1036 finem,
773 975 847 1024 ethoc

38 1043 147 1109 pertinet
164 1043 193 1093 ad
201 1043 406 1107 providentium,-
416 1044 531 1108 secundi,
547 1049 572 1095 ut
583 1047 685 1097 attendat
700 1045 848 1096 circumstan-

38 1117 86 1167 tias
105 1115 212 1179 negotii,
226 1115 286 1179 quod
299 1115 397 1180 pertinet
411 1117 715 1182 adcr'rcuruepertr'ooeuu,⁸
731 1115 807 1180 tertii),
823 1120 849 1166 ut

37 1189 102 1240 vitet
115 1187 296 1252 impedimenta,
310 1188 370 1251 quod
388 1188 486 1252 pertinet
498 1190 526 1240 ad
539 1191 690 1240 coctionem.
872 1192 875 1196 ’

72 1261 160 1309 Partes
179 1261 253 1308 anum
271 1258 405 1322 subjective
420 1259 510 1310 virtutis
527 1259 632 1311 dicuntur
646 1260 735 1326 species
744 1259 795 1324 ejus
809 1259 847 1310 di·

37 1344 127 1382 uersae.
140 1330 223 1380 Ethoc
233 1331 299 1380 modo
308 1334 385 1394 partes
397 1331 744 1398 prudentiae,secundi1mqnod
758 1330 848 1396 proprii

40 1404 155 1466 sumitur,
168 1405 225 1455 sunt
241 1401 362 1465 prudentia
378 1415 418 1466 per
431 1415 500 1465 quam
515 1402 595 1465 aliquis
610 1404 669 1467 regit
694 1403 809 1468 seipsum,
825 1407 848 1454 et

39 1473 170 1540 prudentia
183 1486 224 1536 per
236 1485 304 1536 uuam
321 1472 402 1537 uliquis
412 1471 470 1534 regit
480 1473 660 1538 multitudinem,
676 1489 726 1539 qnae
738 1474 847 1526 differunt

40 1547 135 1612 specie,
150 1549 176 1595 ut
189 1544 273 1595 dictum
285 1548 321 1595 εει
333 1544 376 1611 (ι).
392 1544 421 1594 Et
430 1544 512 1594 iterum
527 1544 646 1608 prudentia
659 1559 710 1608 quae
723 1549 758 1596 est
771 1545 849 1594 multi-

40 1618 136 1670 tudinis
153 1615 267 1682 regiliva,
282 1616 389 1669 diuiditur
409 1616 433 1665 in
449 1616 548 1666 diverses
566 1617 652 1680 species
671 1616 796 1666 secuudum
812 1616 849 1668 di-

39 1702 127 1741 versas
147 1687 237 1753 species
260 1687 420 1738 multitudinis.
437 1688 477 1737 Est
502 1690 578 1737 autem
601 1688 705 1752 quaedam
729 1687 849 1738 multitudo

12 1811 14 1813 ,
40 1762 149 1812 adunate
166 1760 196 1810 ad
213 1759 305 1822 aliquod
321 1760 420 1824 speciale
437 1758 568 1822 negotium,
583 1758 641 1810 sicut
663 1758 776 1810 exercitus
794 1772 850 1809 con·

39 1835 155 1897 gregatur
165 1831 194 1880 ad
207 1831 368 1894 pugnandum,
383 1830 450 1893 cnjus
463 1830 559 1894 regitino
572 1833 607 1880 est
618 1829 759 1894 prudentia
778 1829 849 1878 mili-

41 1906 119 1954 taris.
137 1902 251 1962 Quaedam
262 1902 317 1954 ueri
334 1902 452 1953 multitudo
470 1907 506 1952 est
524 1903 622 1952 adornata
638 1902 666 1952 ud
682 1905 752 1952 tutem
769 1901 847 1964 vitam,

40 1975 104 2025 sicut
124 1973 248 2023 multitudo
268 1973 334 2022 nnius
353 1972 482 2039 domdsvel
500 1971 606 2034 familie,
621 1970 687 2035 cujus
705 1970 799 2034 regitino
814 1975 848 2022 est

39 2046 189 2112 prudentia
206 2045 366 2107 economum
380 2047 406 2095 et
414 2044 481 2094 etiam
493 2043 614 2094 multitudo
626 2042 693 2092 unius
703 2042 800 2093 ciuitatis
813 2043 849 2092 vel

39 2118 121 2182 regni,
133 2116 201 2180 cujus
208 2115 300 2180 quidem
308 2117 385 2180 regula
393 2115 526 2174 directior,
536 2119 571 2166 est
578 2115 603 2165 in
610 2114 713 2180 principe
721 2113 847 2178 regnativa,

39 2190 65 2239 in
82 2187 188 2240 subditis
197 2191 274 2237 autem
281 2186 390 2250 politico
405 2186 539 2252 simpliciter
553 2187 620 2236 dicte.
633 2185 657 2236 Si
665 2185 720 2236 ucri
729 2185 850 2249 prudentia

41 2263 152 2311 sumatur
167 2257 229 2322 largi
242 2258 365 2308 secundini
380 2257 440 2321 quod
452 2257 549 2308 includit
562 2257 630 2308 etiam
644 2252 760 2308 scientiam
770 2270 850 2320 specu·

40 2332 155 2392 latinam,
166 2332 194 2379 ut
201 2329 270 2394 supra
277 2329 421 2391 dictumest,
435 2332 490 2379 tunc
506 2329 574 2382 etium
588 2331 664 2393 partes
674 2327 723 2392 ejus
736 2331 850 2392 ponuntur
897 2323 903 2332 “

42 2420 57 2451 u
74 2402 213 2466 dialectica,
233 2399 345 2451 rhetorica
365 2405 389 2451 et
409 2401 518 2468 physica,
538 2419 551 2448 r
566 2399 689 2452 secundino
706 2405 753 2450 tres
773 2401 851 2450 modos

40 2474 188 2541 procedendi
200 2474 224 2527 in
235 2473 343 2524 scientiis.
356 2475 455 2534 Quorum
465 2489 525 2526 unus
538 2477 573 2526 est
583 2486 622 2537 per
635 2470 851 2524 demonstrationem

41 2549 71 2599 ad
84 2545 209 2598 scientiam
222 2545 373 2606 causandum,
387 2545 446 2609 quod
462 2544 560 2609 pertinet
574 2543 601 2594 ad
621 2543 757 2608 phisycnm,
772 2547 798 2592 ut
809 2542 850 2594 sub

42 2619 146 2684 physica
167 2617 321 2680 intelligantur
343 2630 423 2668 omnes
449 2616 550 2668 scientio
575 2615 763 2668 demonstrative.
787 2614 852 2665 llius

65 2772 114 2836 '(i)
130 2773 244 2819 Nimirum
257 2785 296 2832 qu.
308 2770 349 2834 tt,
364 2778 408 2819 ert.
420 2770 460 2835 li,
472 2772 512 2820 ulti
524 2771 567 2818 noc
582 2783 610 2818 ex
624 2770 729 2828 protenso
743 2769 852 2830 quonum

42 2845 68 2886 et
80 2841 207 2884 occutus.
