1992 3317
307 220 339 255 nn
353 218 420 255 nono
435 217 603 255 metuemus,
810 214 854 263 mr

54 304 197 357 mumque
206 293 375 357 particularia:
387 299 411 344 et
418 294 473 344 ideo
483 295 605 359 opponitur
614 296 729 360 scientim,
739 310 781 361 per
789 312 856 362 quam

53 367 120 417 dromo
129 367 198 417 tanet
211 370 302 416 rectum
312 366 428 429 judicium
438 367 499 417 circa
510 368 657 431 particulares
668 382 756 431 cautas,
767 370 856 422 scilicet

53 437 108 487 mou
121 442 245 489 mures.
262 436 418 502 Pmoipitatio
436 437 492 488 uerd
505 439 626 490 manifeste
643 441 765 505 opponitur
778 442 855 493 consi-

52 509 94 572 dio,
111 524 153 575 per
165 512 227 574 quod
243 512 314 560 homo
328 510 483 561 adactionem
500 523 545 561 non
558 511 662 575 procedit
677 517 731 563 ante
745 512 856 566 delibera·

53 582 136 633 tionem
148 582 257 633 rationis.
427 589 448 617 θ

84 654 117 702 td
135 654 260 704 secundum
274 652 412 712 dimndum,
428 652 489 716 qnod
504 655 586 704 donum
602 656 731 707 intellectus
751 661 785 707 eat
796 659 856 708 circa

53 725 121 787 prima
132 725 247 789 principia
257 725 398 788 cognitionis
405 723 518 788 gratuita,
532 725 596 776 aliter
605 730 682 778 tamen
692 766 698 788 ,
708 728 775 791 qutun
788 729 853 791 sidem

52 810 101 847 uam
118 798 147 847 ad
162 797 235 847 fldem
252 796 354 861 pertinet
372 796 406 846 eis
425 796 551 857 assentire,
568 800 596 849 ud
617 800 700 849 donum
714 798 767 850 vend
786 800 854 852 intel·

51 869 120 920 lecture
132 870 235 932 pertinet
249 872 330 919 mente
347 872 469 932 peremere
484 882 576 931 eaquae
592 868 696 920 dicuutur
706 871 750 936 (t).

83 943 117 992 td
128 940 219 991 crtum
240 942 380 1002 dicendum,
395 940 456 1004 qudd
472 942 556 991 donum
570 941 698 993 internectus
711 944 810 1005 pertinet
826 946 855 994 ad

54 1015 171 1075 omenque
179 1013 348 1077 cognitionem,
360 1012 447 1063 scilicet
455 1012 620 1077 speculativam
631 1017 654 1063 et
663 1014 799 1078 practicam,
808 1028 854 1066 nou

52 1090 162 1148 quantum
179 1086 209 1137 ad
223 1086 354 1151 judicium,
366 1086 408 1137 sed
420 1090 530 1150 quantem
544 1088 572 1137 ad
594 1086 816 1151 apprehensionem,
831 1092 856 1137 ot

48 1158 167 1223 capiantur
179 1170 208 1209 ca
217 1171 272 1222 qne
283 1158 404 1209 dicuntur.

338 1327 499 1379 unnmttus
516 1328 564 1379 vri.

51 1444 135 1489 Uirium
141 1446 205 1490 douo
219 1445 360 1491 intellectam
373 1444 514 1501 respoudeat
527 1448 594 1488 aemio
604 1444 735 1500 teutuado,
745 1444 854 1489 seilicet:

302 1507 367 1553 nonu
378 1506 548 1561 munducarent,
562 1510 604 1553 etc.

78 1626 112 1675 ud
119 1626 243 1690 septimum
251 1625 286 1676 sic
295 1623 443 1690 proceditur(
456 1622 580 1688 ,).Videtur
588 1624 648 1687 quod
655 1624 714 1675 dono
725 1622 854 1675 intellectus
865 1630 871 1638 “

47 1710 94 1747 uon
102 1699 240 1761 respoudeat
251 1696 371 1747 beatitudo
380 1694 455 1759 e'exta,
467 1694 554 1746 scilicet
565 1710 570 1743 ι
582 1711 595 1742 u
604 1694 669 1744 Beati
678 1696 762 1745 mundo
777 1694 853 1755 cordo,

44 1767 153 1831 quoniam
163 1767 211 1833 ipsi
223 1770 298 1819 Deum
312 1768 433 1818 videbunt.
444 1783 458 1813 »
471 1765 581 1817 Munditie
595 1765 656 1815 euim
668 1764 741 1815 cordis
755 1761 854 1815 maxime

45 1841 133 1891 ridetur
141 1840 262 1905 pertinere
275 1840 306 1889 ad
318 1839 436 1889 affectum.
446 1837 493 1888 Sed
503 1838 585 1888 donum
599 1837 730 1887 intellectus
741 1849 787 1886 non
802 1848 853 1899 per·

45 1912 141 1963 tinctam
153 1912 279 1975 affectum,
295 1912 337 1962 sed
351 1909 425 1973 magis
441 1909 468 1960 ad
481 1905 528 1957 rim
544 1906 712 1959 intellectivam.
725 1906 783 1970 Engo
795 1920 853 1973 prae-

45 1982 102 2034 dicta
115 1983 237 2036 beatitudo
250 1995 299 2033 non
311 1982 437 2045 respondet
450 1981 510 2031 dono
525 1980 680 2030 intellectum*

73 2056 328 2117 t.Praeterea‚1tct.‚
346 2054 397 2114 XV,
414 2047 494 2102 dicitur
516 2068 521 2100 ι
540 2069 553 2102 u
568 2050 624 2101 Fide
644 2050 765 2116 purificans
786 2052 853 2103 eorda

46 2141 130 2179 corum
148 2144 165 2175 n
181 2128 228 2179 Sed
241 2140 284 2192 per
304 2124 486 2191 purificationem
503 2124 577 2175 cordis
599 2124 724 2187 acquiritur
742 2123 853 2175 munditia

46 2198 124 2250 cordia.
142 2195 208 2263 'Ergo
228 2197 339 2264 predicta
357 2196 473 2247 bcadtudo
493 2197 565 2261 magis
583 2197 681 2263 pertinet
697 2196 726 2247 ad
745 2196 852 2247 uirtutem

47 2270 111 2334 fidei,
124 2270 196 2336 quom
210 2272 241 2321 ad
255 2271 342 2321 donum
352 2268 494 2319 intellectus.

76 2348 100 2393 a.
116 2344 252 2401 Praeterea,
267 2343 328 2395 duna
346 2340 447 2405 Spiritus
466 2342 540 2393 saneti
555 2340 676 2405 perficiunt
694 2340 813 2391 homiuem
825 2340 850 2390 iu

47 2414 151 2477 pmrcrm
167 2415 227 2465 uita.
239 2414 285 2463 Sed
299 2412 359 2464 risio
367 2412 409 2463 Dei
422 2426 468 2464 non
476 2414 576 2477 pertinet
587 2414 614 2464 ad
626 2414 694 2463 vitam
707 2416 850 2479 praesentem

47 2485 167 2547 ipsaenim
177 2484 260 2537 beatus
277 2484 344 2547 fucit,
359 2485 385 2533 ut
404 2481 473 2549 suprd
485 2484 588 2533 habitum
606 2488 641 2535 est
656 2485 664 2548 (
677 2488 689 2533 1
702 2524 709 2545 ‚
728 2489 758 2547 t,
773 2498 812 2547 qu.
828 2488 851 2547 3,

47 2560 87 2606 art.
100 2557 144 2620 8).
157 2558 218 2621 Engo
233 2560 299 2607 sexta
315 2554 448 2616 incertitudo,
462 2554 583 2608 continens
602 2554 713 2608 visionem
732 2552 787 2619 ner,
806 2567 852 2605 non

47 2628 142 2690 pertinet
158 2629 188 2678 ad
199 2629 287 2679 donum
298 2626 439 2677 intellectus.

79 2742 110 2804 (t)
122 2749 308 2793 Juxta-sensum
325 2745 376 2802 ianr
393 2743 458 2803 pride
475 2746 612 2808 indicatum,
629 2760 698 2807 quem
719 2754 742 2796 ed
765 2746 851 2793 indicat

47 2809 190 2869 §.Theium
206 2807 295 2865 art.t,
310 2807 341 2854 ud
355 2807 380 2853 Ξ.

78 2878 113 2941 (9)
126 2884 159 2927 lte
170 2882 209 2927 his
228 2877 301 2925 etiam
319 2878 386 2939 1,a,
397 2893 438 2937 qu.
451 2879 498 2938 dt,
511 2886 554 2927 art.
571 2882 595 2939 3,
608 2888 658 2926 tum
672 2882 696 2927 in
714 2892 792 2937 corp.,
802 2883 850 2923 tum

47 2943 75 2989 ad
87 2942 117 2999 1³
131 2950 158 2991 nt
171 2950 196 2991 ct
207 2943 253 2991 uu.
264 2944 308 2990 111.
318 2942 398 2994 Soet..
409 2943 464 2989 diat.
473 2942 513 3004 34,
528 2957 568 3004 qu.
582 2946 610 3003 d,
626 2950 671 2989 ert.
682 2942 696 2989 d
708 2948 733 2989 et
745 2941 769 2988 6.
