1992 3317
286 144 287 147 Ἴ
317 79 348 133 hu
363 76 463 131 omacio
479 80 654 134 cethsaim.
828 87 873 137 art

15 208 19 275 Ι
63 171 160 237 plantas
173 181 203 221 ex
216 170 286 223 terra.
300 168 361 233 Ergo
374 168 472 223 charitas
481 170 551 223 etiam
563 184 588 223 se
599 171 703 224 uendit
717 171 746 224 act
758 176 873 228 ercatmas

15 278 16 309 p
64 242 227 295 irrationales.

15 330 16 333 ¹
95 314 144 367 Sed
159 317 240 365 contra
253 316 302 379 cst,
310 313 370 377 quot
383 313 476 365 dilectio
486 313 602 366 charitatis
615 316 688 367 solum
699 329 723 367 se
733 318 834 369 extendit
845 321 874 371 acl

15 406 17 467 p
65 385 767 453 Denmeladprorimum.Sednominepronimiuoupotest
776 389 873 455 intelligi

64 462 169 511 creatura
178 457 329 521 uratioualis3
340 458 393 522 quia
404 471 451 509 uon
462 460 615 510 communicat
623 474 678 509 cum
686 460 778 512 homine
789 462 814 512 in
825 463 873 513 rita

65 532 181 584 rationali.
190 530 251 595 Ergo
259 530 410 581 charitasrrou
418 543 442 581 se
449 530 553 581 exlendit
560 532 589 581 acl
598 535 713 583 creaturas
721 533 871 585 irrationales.

99 606 263 665 (Coucnnsro.
281 629 313 639 -
325 603 360 653 Act
379 600 521 653 irrationales
536 606 652 653 creaturas
669 604 788 656 charitatis
808 620 872 657 amor

66 689 113 725 nou
130 674 274 737 extenditur,
288 675 313 722 nt
331 674 360 724 acl
373 673 396 722 id
413 672 449 723 cui
467 672 552 723 honum
569 673 678 738 uelimus,
689 675 730 725 secl
741 677 771 726 ad
787 676 872 727 bonum

15 790 16 811 p
66 747 128 809 quod
144 744 279 796 hominihus
291 743 304 795 l
315 744 381 795 nohis
395 758 424 795 ex
439 742 549 793 charitate
563 742 665 807 dilectis,
680 746 812 809 uolumus.)

98 816 237 880 Respondeo
261 814 470 877 dicendum,un
487 814 586 864 charitas
607 815 731 865 smnudum
750 818 870 883 promea,

66 890 104 937 ost
119 886 220 937 amicitia
232 888 344 953 quadam.
354 888 398 937 Per
408 884 531 937 amicitiam
544 891 620 936 autem
634 889 723 936 amatur
734 887 817 951 ahquid
828 890 869 939 dn-

68 957 163 1023 pllciter
181 974 186 1009 :
203 972 247 1009 uuo
263 957 353 1021 quidem
366 956 450 1020 modo,
468 956 554 1006 amicus
567 956 596 1007 ad
608 970 677 1021 quem
688 955 787 1007 amicitia
799 960 870 1011 hahe-

65 1034 123 1093 tur;
141 1032 164 1080 at
178 1029 221 1080 alio
241 1028 322 1091 modo,
336 1028 397 1079 hona
413 1041 466 1091 qua
486 1028 559 1078 arnico
581 1030 697 1093 optantur.
719 1028 796 1080 Primo
817 1043 871 1095 ergo

67 1102 136 1153 nroclo
146 1102 207 1154 uarlla
226 1104 330 1153 creatma
340 1100 478 1151 irrationalis
491 1104 567 1165 potest
579 1114 609 1151 en
627 1101 736 1151 charitate
749 1102 827 1151 amari.
843 1104 871 1154 tlt

15 1168 16 1177 ’
66 1174 109 1224 lroc
128 1171 215 1237 triplici
234 1172 331 1223 ratione.
359 1172 521 1230 Quarnmdua
540 1172 656 1236 pertinent
675 1172 825 1225 communitor
842 1176 871 1225 ad

67 1245 203 1309 amicitiam,
221 1258 273 1309 qua
292 1246 321 1295 ad
335 1246 449 1295 creaturas
469 1244 613 1313 irrationales
624 1244 705 1296 haberi
725 1258 772 1297 non
784 1249 867 1310 potest.

68 1316 146 1369 Primo
166 1317 275 1381 quidem,
296 1316 349 1381 quia
362 1314 463 1365 amicitia
479 1316 509 1365 acl
527 1329 582 1366 enm
601 1317 698 1367 hahetur
708 1318 747 1367 cui
763 1318 869 1369 volumus

67 1388 159 1439 tonum
175 1388 222 1439 Sol
235 1400 281 1439 nou
294 1386 387 1451 proprii
399 1388 795 1451 possumushonumrcllccrcaturae
813 1389 869 1440 irra-

67 1459 161 1523 tionall;
176 1460 231 1524 quia
245 1472 292 1511 uon
306 1463 340 1510 cst
352 1459 404 1523 ejus
422 1457 515 1523 proprie
528 1458 613 1509 hahere
629 1458 714 1509 honum
722 1496 731 1522 ,
743 1462 783 1511 seri
795 1460 869 1510 solnm

66 1536 174 1582 oreaturae
187 1530 374 1595 rationalisque
391 1533 426 1581 est
440 1530 533 1581 domina
544 1528 625 1579 umuli
636 1530 698 1580 hono
712 1532 772 1594 quod
785 1532 867 1595 hahet,

67 1616 109 1665 par
118 1602 214 1654 liberum
224 1600 350 1651 arbitrium.
362 1602 392 1653 Et
400 1601 452 1653 ideo
463 1600 616 1664 Philosophus
624 1599 681 1649 dicit
689 1600 714 1649 in
725 1601 754 1649 ll.
765 1602 866 1664 Physic.

70 1674 144 1735 (text.
162 1678 191 1723 59
202 1672 226 1737 ),
240 1672 301 1735 quoa
311 1672 443 1736 hujusmooi
458 1672 526 1723 rebus
538 1670 691 1722 condicimus
706 1670 790 1734 aliquid
799 1672 867 1736 bene,

65 1744 104 1793 rel
119 1743 178 1794 mali
190 1744 336 1805 contingere,
351 1744 398 1795 nisi
410 1744 535 1797 meandum
548 1742 729 1795 similitudinem.
747 1742 867 1806 Secundo,

66 1814 121 1878 qma
139 1815 213 1865 omnis
236 1812 335 1865 amicilia
351 1815 457 1863 tundatur
482 1826 550 1878 super
571 1814 648 1877 aliqua
665 1814 869 1866 communicatione

65 1888 136 1950 ritae3
152 1886 210 1936 nihil
222 1886 284 1937 enim
294 1885 334 1937 «ita
345 1886 463 1951 proprium
477 1888 512 1935 est
526 1885 645 1947 amicitia,
659 1885 720 1935 sicut
731 1886 792 1935 hona
805 1884 865 1950 rita,

65 1963 91 2007 ut
106 1959 172 2022 patet
179 1971 219 2021 per
227 1957 391 2022 Philosophum
401 1958 426 2007 tn
433 1956 491 2007 Vlll.
502 1958 588 2007 state.
598 1957 711 2008 creature
722 1963 799 2008 autem
811 1957 867 2008 irra-

66 2029 166 2083 tionales
176 2028 562 2094 nonpossuutcommuuicationam
570 2029 653 2081 hahere
666 2029 692 2078 in
701 2028 749 2079 rita
757 2029 866 2092 hnmana,

65 2113 122 2164 quae
134 2102 170 2151 est
183 2102 304 2155 muudum
314 2101 434 2153 rohonem.
452 2102 517 2152 chle
532 2102 594 2151 nulla
611 2102 711 2152 amicitia
731 2105 808 2167 potest
823 2104 865 2152 ha-

65 2171 118 2223 heri
131 2172 159 2221 acl
173 2176 284 2225 meaturas
300 2172 456 2236 irrationales,
473 2173 519 2224 nisl
529 2172 589 2223 torti
604 2174 728 2224 meandum
747 2174 866 2238 metopio

63 2257 122 2295 ram.
138 2244 213 2295 Tertia
226 2245 282 2295 ratio
297 2249 332 2295 cst
343 2244 435 2309 propria
448 2244 569 2310 charitati,
583 2245 638 2310 quia
649 2245 750 2296 charitas
759 2245 866 2295 findatur

64 2328 133 2381 super
156 2316 358 2369 communicatione
380 2317 526 2369 lenitudinis
547 2320 651 2380 emron,
673 2316 739 2381 cujus
765 2321 888 2367 uectura*

62 2386 199 2437 irrationalis
215 2400 285 2453 capax
297 2401 342 2437 nou
352 2390 396 2437 est.
414 2388 478 2438 Unde
487 2388 587 2439 amicitia
600 2387 718 2438 charitatis
728 2401 773 2439 uon
784 2392 864 2452 potest

65 2455 145 2509 heberi
155 2460 182 2509 ad
194 2462 322 2510 creaturam
335 2459 495 2511 irrationalem.
508 2463 611 2523 Possunt
623 2463 700 2510 amen
714 2472 743 2509 ex
757 2457 865 2511 charitate

66 2529 130 2594 diligi
142 2532 251 2585 creatura
268 2530 423 2592 irrationales,
438 2531 498 2583 sicut
511 2533 570 2583 hona
579 2543 631 2595 qua
644 2531 695 2581 aliis
710 2532 830 2596 uolumus,
840 2530 865 2581 in

66 2604 176 2668 quantmn
189 2603 277 2655 scilicet
289 2616 319 2654 cn
332 2603 443 2655 charitate
456 2606 562 2657 uolumus
578 2617 618 2655 eas
636 2602 767 2656 conseruari
780 2605 809 2655 ad
822 2605 864 2672 ho·

65 2686 144 2727 norem
156 2675 213 2739 hei,
232 2678 255 2727 et
269 2674 392 2727 utilitatem
402 2676 528 2729 homiuum.
540 2678 569 2730 Et
581 2677 615 2729 sic
629 2674 698 2729 etiam
712 2689 742 2728 ex
754 2675 864 2729 chemate

66 2752 127 2800 heus
138 2760 177 2801 eas
187 2747 270 2811 diligit.

97 2820 161 2876 Unde
174 2822 238 2887 patet
251 2820 368 2889 responsio
382 2822 411 2877 acl
423 2820 533 2891 primum
