1992 3317
136 86 181 142 tol
248 95 355 141 sumunt
371 90 500 149 sumus,
519 92 612 146 nunno.
625 95 702 149 uror,
718 95 773 139 nur.
790 97 824 137 rx.

136 178 228 231 duobis
243 178 316 243 nugis
331 176 522 241 diligentiorum
533 176 712 241 dlii,tnroqurm
722 174 894 229 excellentiores
911 191 951 230 ae

136 253 186 305 Deo
197 250 328 313 similiores,
342 250 383 300 illii
397 253 473 300 muron
485 260 515 299 on
528 253 592 315 parto
605 249 733 313 diligentis,
746 248 820 313 magis
836 254 889 301 sunt
908 264 946 302 ex

139 322 248 374 sturitate
262 322 387 387 diligendi,
397 334 467 386 quum
478 319 615 386 parentes.)

168 394 303 458 Respondoo
315 394 444 457 dicundum,
457 394 517 457 qrrdd
529 398 556 444 ut
568 392 638 457 supri
652 393 736 443 diotuur
750 397 800 456 est,
813 394 897 457 gradus
909 394 951 445 di.

137 464 243 517 lectionis
256 465 381 516 exdnoous
391 466 481 529 pensari
490 468 575 530 potest.
589 466 715 516 lluourodo
729 469 832 530 aparte
841 466 948 533 objooii3

138 540 161 587 et
181 537 304 587 seouuduru
318 538 362 587 hoo
374 536 397 585 id
414 538 473 599 quod
484 538 554 587 habet
574 538 684 601 majorem
696 536 808 587 rationem
821 536 892 603 honi,
908 544 950 590 ost

140 608 213 671 magis
223 608 374 671 diligendum,
384 608 443 671 quud
453 610 543 679 ostileo
551 608 659 658 similius.
669 609 698 657 lit
707 608 740 657 sio
749 613 814 672 pater
826 613 862 659 est
870 611 951 674 magis

142 679 282 743 diligendus,
295 678 363 743 quim
373 679 448 743 illius3
460 680 514 744 quis
522 680 612 731 soiliuot
623 684 711 744 putrorn
721 679 838 743 diligimus
852 682 895 731 suit
907 697 951 733 ra-

140 750 201 801 tiono
215 750 336 816 principii,
347 752 408 816 quud
422 752 490 803 habet
503 752 613 802 rutiuuonr
624 751 782 802 eminentioris
792 752 847 803 boni
858 758 882 804 et
895 756 948 806 [leo

141 822 265 873 similioris.
280 822 329 873 Alio
346 824 412 873 modo
431 828 575 887 computatur
590 825 674 887 gradus
688 823 817 874 dilectionis
832 837 861 875 ex
879 831 951 889 purte

141 894 215 958 ipsius
230 892 359 959 diligentis3
373 898 396 946 ot
410 894 442 945 sio
456 895 529 958 magis
545 894 646 957 diligitur
659 895 718 957 quod
737 898 773 945 ost
787 896 947 959 conjunctius.

142 965 171 1016 Et
184 967 307 1016 secuudum
321 968 375 1029 hoo,
390 966 450 1015 iilius
463 970 498 1017 ost
511 966 584 1029 magis
602 965 730 1029 diligendus
742 966 810 1030 quini
828 973 902 1032 pater,
919 974 947 1021 ut

141 1039 293 1103 Philosophus
304 1038 357 1089 dicit
366 1038 391 1088 iu
402 1040 461 1087 lllll.
473 1040 559 1089 Eitis.
572 1037 647 1089 Primo
658 1038 762 1102 quidem,
773 1039 826 1101 qnia
835 1046 948 1103 parentes

143 1108 239 1173 diligunt
255 1110 313 1160 lilios
328 1112 354 1158 ut
367 1108 452 1172 aliquid
466 1110 502 1159 sui
521 1109 659 1173 oristeul0s3
674 1113 739 1172 puter
754 1114 891 1161 autemnon
908 1117 949 1163 est

144 1180 228 1243 aliquid
244 1180 284 1229 filii
307 1197 312 1229 :
331 1183 355 1229 ot
372 1181 424 1230 ideo
443 1180 534 1233 dileetio
553 1181 675 1232 secuudum
696 1194 764 1245 quum
783 1184 848 1244 putor
867 1182 950 1246 diligit

145 1252 333 1313 illium‚siruilior
343 1260 379 1303 est
388 1252 505 1307 dilectioni
515 1253 618 1317 quinquis
627 1253 702 1317 diligit
711 1251 819 1317 seipsum.
829 1255 939 1307 Secundo

145 1322 198 1387 quia
211 1328 315 1387 paruulos
325 1324 396 1388 magis
407 1326 483 1375 solunt
496 1324 584 1387 aliquos
595 1338 644 1375 osso
652 1339 706 1375 suos
717 1326 786 1387 tilios,
794 1326 953 1389 quindenu-

145 1409 221 1446 uerso.
236 1396 321 1461 Torlio,
335 1398 387 1462 quia
400 1397 460 1447 lilius
473 1401 510 1447 ost
521 1396 592 1461 magis
606 1397 746 1461 propinquus
759 1398 859 1462 parenti,
869 1404 952 1463 utpote

146 1480 199 1531 pars
213 1468 330 1531 existens,
344 1483 412 1533 quum
425 1472 490 1533 putor
509 1468 570 1532 lilio,
585 1470 614 1519 ad
626 1483 692 1533 quom
706 1469 776 1519 nabot
792 1470 951 1523 habitudinem

147 1538 261 1605 principii.
277 1542 373 1603 Quarto,
390 1540 443 1605 quir
455 1545 560 1605 parentes
572 1540 657 1590 diutius
670 1544 820 1606 amoverunt3
834 1555 888 1593 uum
904 1548 955 1595 sta-

149 1614 190 1663 tim
210 1618 274 1680 palor
286 1612 367 1679 incipit
380 1611 480 1678 dilligere
493 1612 581 1674 filium,
593 1612 653 1664 filius
667 1617 741 1666 autem
756 1618 857 1679 temporo
867 1629 952 1679 prooe-

149 1686 217 1738 deuto
233 1686 314 1751 incipit
331 1686 423 1748 diligero
437 1688 533 1749 putrem.
551 1684 645 1734 llilootio
659 1689 734 1735 autem
747 1690 833 1749 quanto
851 1691 887 1737 est
900 1688 955 1739 diu-

150 1760 245 1823 turnior,
259 1758 324 1809 tuutd
344 1763 380 1809 est
392 1758 480 1819 fortior,
494 1758 621 1808 secuudum
634 1757 691 1807 illud
703 1757 807 1816 nectes,
816 1758 846 1807 lx
859 1774 866 1807 :
877 1760 956 1810 «Non

151 1832 294 1895 derelinquas
308 1830 404 1882 amioum
422 1831 555 1895 antiquum
573 1843 648 1881 nouus
666 1828 726 1881 onim
745 1843 792 1881 nou
808 1829 852 1879 orit
868 1828 958 1884 siudlis

151 1903 192 1953 illi.
207 1920 221 1951 »

183 1976 216 2025 old
227 1975 324 2039 primurn
336 1989 390 2039 orgo
408 1974 542 2037 dicendum,
557 1974 617 2039 quod
628 1974 741 2039 principio
754 1975 848 2027 oetour
860 1976 954 2039 subiec-

153 2046 193 2111 lio,
205 2048 347 2107 reuerentia,
359 2052 382 2099 et
393 2048 477 2110 bonon
488 2047 580 2097 effectui
593 2051 670 2097 autern
680 2047 877 2111 proportionaliter
890 2062 957 2099 oum-

152 2118 209 2185 potit
223 2119 323 2183 recipere
339 2118 481 2169 influentium
499 2118 605 2182 principii
617 2122 641 2168 et
658 2118 811 2182 provisionem
824 2119 908 2181 ipsius.
922 2120 954 2169 Et

152 2195 244 2255 proptor
253 2192 296 2240 lullo
308 2190 441 2255 parentibus
450 2190 463 2239 t
471 2190 706 2254 liliisnrugisdolletnr
716 2192 796 2253 bonon
809 2190 863 2240 liliis
874 2195 952 2243 uotoni

153 2263 226 2326 magis
240 2262 332 2313 debetur
347 2275 399 2312 cura
412 2261 560 2325 provisionis.

185 2336 218 2385 od
230 2336 354 2385 secundum
367 2334 501 2398 dicundum,
515 2333 576 2398 quod
588 2338 653 2398 pater
665 2333 796 2385 naturaliter
805 2334 836 2397 (l)
850 2334 903 2398 olus
917 2332 954 2385 di·

153 2402 203 2469 ligit
216 2404 287 2455 [ilium
300 2406 424 2458 secundun
433 2406 545 2456 rutiouoru
559 2405 726 2469 ‹unjunctiouis
737 2406 765 2455 ud
779 2404 895 2470 seipsum
910 2407 950 2457 sod

155 2478 278 2528 secuudum
292 2478 403 2529 rationem
422 2476 579 2529 eminentioris
595 2477 661 2543 boui,
679 2477 740 2533 lilius
757 2477 890 2529 naturaliter
903 2479 956 2543 plus

156 2548 229 2615 diligit
241 2554 337 2614 putrem.

190 2704 221 2769 (1)
236 2704 298 2753 Bond
310 2706 401 2765 quidem
415 2706 580 2757 naturaliter,
594 2706 649 2763 quia
664 2709 743 2763 potest
754 2704 821 2752 aliter
833 2718 876 2763 per
889 2706 955 2752 uoui-

158 2771 214 2817 dous
228 2782 257 2816 ox
267 2783 352 2830 pruno,
368 2776 509 2828 propostero
524 2780 551 2815 uo
564 2770 678 2828 degenere
695 2778 765 2831 sonsu
779 2770 860 2832 putris,
875 2770 911 2816 ulii
925 2782 963 2828 on>

158 2832 198 2880 lllli
212 2834 364 2895 porooroltoto
378 2834 522 2890 contingere.
