1992 3317
256 140 291 183 nr
305 125 472 185 urnnuirr‘
487 139 515 187 ut
530 129 649 187 mimoni
805 139 851 189 tao

84 221 114 274 Ad
131 222 236 289 primum
251 235 306 285 ergo
326 222 461 286 dicendum,
476 223 536 287 qudd
556 240 597 291 per
615 226 677 277 dnm
694 226 854 279 auctoritatem

57 294 136 359 quidm
147 296 317 347 intellexerunt
331 309 384 346 esse
399 296 553 359 prohibitam,
565 312 612 349 non
623 298 714 363 quidem
725 312 853 350 excommu-

56 366 183 417 nicationem
195 366 376 428 haereticorum,
393 367 434 417 sed
450 380 531 417 eorum
544 370 693 431 occisionem,
703 378 729 421 ut
741 374 805 435 patet
814 384 853 436 per

53 439 202 490 aucmdtatem
216 438 379 503 chrysostomi
398 438 525 489 inductam.
543 440 573 491 llt
585 442 724 504 Augustinus
743 443 779 491 od
795 443 854 493 Vin-

18 534 24 553 .
65 514 153 561 entium
166 510 266 576 (Epist.
288 509 368 572 XLI),
383 511 411 561 de
430 509 548 561 sedicit:
573 528 587 561 n
607 514 661 565 limo
681 514 786 579 primitus
802 527 853 565 mea
943 554 947 564 ,

55 582 156 635 munna
166 587 231 644 erat,
249 582 368 632 neminem
381 583 410 632 ad
422 582 533 633 unitatem
552 584 636 635 Christi
650 598 701 637 esse
715 586 850 650 eugendum,

55 652 116 703 serto
125 667 173 705 csse
184 653 319 718 agendum,
330 651 486 716 disputatione
495 656 649 719 pugnandum.
661 656 706 707 Sed
716 658 767 709 hec
776 657 853 721 opinio

56 737 101 775 moe
106 739 148 776 non
154 722 368 777 contradicentium
377 724 463 787 uerbis,
473 726 514 775 sed
523 726 725 778 demonstrantium
734 730 854 793 superatur

55 799 161 861 exemplis.
176 800 269 862 Legum
286 796 351 847 enim
369 799 442 847 terror
460 797 494 848 ita
512 798 613 862 proluit,
625 804 652 847 ut
670 800 735 857 multi
749 800 825 850 dicem
844 815 851 849 ε

54 867 134 919 Gratias
145 870 260 932 Domino,
274 868 317 933 qui
330 867 424 918 uincula
437 872 514 919 nostra
529 868 619 932 dirupit.
634 886 648 917 o
663 872 727 929 Quod
741 884 794 933 ergo
809 872 854 921 lto

55 940 127 989 minos
137 940 188 991 dicit
202 958 209 992 ;
231 940 337 991 «Sinite
358 944 455 1005 utraque
467 952 571 991 creseere
588 954 658 1005 usqne
673 943 701 991 ad
715 956 851 1005 messem,u

56 1010 146 1072 qualite
161 1011 339 1074 intelligendum
358 1011 401 1074 sit,
421 1014 518 1075 apparet
542 1025 572 1061 ex
589 1013 633 1062 troc
654 1013 714 1075 quod
729 1013 852 1063 subditur:

56 1098 70 1128 o
79 1082 110 1132 Ne
118 1082 174 1135 lortd
192 1084 329 1146 colligentes
339 1082 441 1145 zizania,
454 1082 574 1134 eradicetis
588 1083 656 1133 simul
670 1096 721 1133 oum
734 1084 768 1133 eis
779 1087 803 1133 et
814 1083 856 1133 tri-

53 1154 124 1206 ticum.
135 1172 150 1204 u
161 1156 206 1207 Ubi
217 1154 278 1205 satis
290 1153 400 1217 ostendit,
416 1153 476 1203 sicnt
488 1153 627 1217 Augustinus
638 1154 695 1205 dicit
703 1156 791 1205 contra
803 1155 856 1218 ept-

49 1226 133 1279 stolam
146 1226 323 1279 Parmenioni
343 1226 394 1289 (tio.
413 1226 459 1289 ΙΙΙ,
476 1238 527 1289 cap.
545 1230 572 1289 t)
590 1244 595 1277 :
617 1246 631 1277 n
645 1227 702 1278 Cdrn
716 1230 791 1279 metus
812 1226 855 1277 iste

51 1313 94 1349 non
107 1302 205 1364 mbest,
220 1300 246 1349 id
260 1302 312 1362 est,
326 1297 420 1361 quando
441 1296 473 1346 ita
491 1298 602 1362 cujusque
621 1300 706 1351 crimen
720 1303 801 1350 notum
821 1302 857 1349 est

52 1372 162 1437 omullus,
183 1375 209 1422 et
223 1368 357 1422 execrabile
369 1371 479 1433 apparet,
496 1372 522 1417 ut
535 1371 610 1421 nullos
630 1384 738 1436 promus,
753 1371 790 1423 uel
809 1382 856 1421 uon

50 1442 105 1492 tales
114 1445 197 1494 nalem
210 1443 346 1493 defensores
359 1454 401 1504 per
407 1452 466 1504 quos
472 1442 545 1505 possit
554 1442 653 1495 schisma
659 1444 799 1507 monogora,
810 1455 857 1494 non

49 1513 137 1564 dormint
148 1514 266 1565 severitas
279 1512 419 1577 discipline.
433 1529 448 1559 u

78 1588 112 1635 Ad
121 1589 248 1637 secundum
270 1585 409 1642 dicendum,
426 1584 487 1648 qudd
503 1584 583 1649 ludaei,
595 1586 614 1637 si
629 1587 692 1637 nullo
707 1586 775 1637 modo
790 1598 856 1635 acce-

46 1661 131 1720 peruut
146 1657 212 1708 tidem
221 1697 229 1723 ,
251 1655 316 1707 nullo
331 1656 400 1706 modo
415 1659 468 1705 sunt
487 1658 583 1719 cogendi
598 1657 627 1707 ad
646 1656 721 1707 tidem.
737 1658 763 1706 Si
781 1660 857 1707 antem

48 1735 184 1791 occeperunt
201 1731 287 1790 fidem,
302 1728 395 1791 oportet
407 1730 434 1775 ut
447 1727 515 1777 iidem
529 1728 665 1779 necessitate
679 1730 790 1791 cogantur
803 1728 858 1779 rett-

46 1814 115 1865 nere,
129 1802 191 1852 sicut
201 1802 285 1852 eodem
297 1799 401 1863 capituto
414 1798 507 1851 dicitur.

78 1874 111 1923 Ad
128 1875 224 1923 tertium
241 1872 385 1934 dicendum,
403 1869 465 1933 qudd
486 1870 547 1921 sicut
560 1885 642 1923 vovere
662 1875 697 1923 est
718 1872 853 1938 voluntatis,

46 1944 138 1993 reddere
154 1948 234 1995 antem
245 1942 414 2004 necessitatis,
429 1942 462 1991 ita
475 1943 578 2008 accipere
593 1944 661 1994 tidem
676 1948 710 1995 est
722 1945 855 2009 voluntatis,

46 2016 85 2064 sed
96 2021 175 2067 tenere
191 2030 242 2066 earo
252 2019 373 2079 acceptam
386 2015 423 2063 est
431 2014 584 2066 necessitatis,
596 2017 624 2064 nt
635 2014 686 2067 ideo
695 2016 856 2067 hereticisuut

47 2088 210 2153 conpellendi,
222 2094 248 2138 ut
263 2088 334 2137 fidem
346 2088 452 2136 teneant.
463 2085 524 2137 Dicit
537 2086 599 2137 enim
611 2088 749 2150 Augustinus
762 2088 797 2137 od
809 2090 857 2137 Bo·

47 2160 174 2221 offuciam
193 2161 324 2210 Comitem
339 2174 348 2207 .·
363 2174 378 2206 n
397 2156 439 2216 Ubi
453 2162 488 2207 est
509 2160 569 2221 quod
588 2158 626 2209 isti
646 2159 742 2209 clamare
762 2172 857 2210 consue·

47 2236 143 2292 uerunt,
155 2232 254 2282 liberum
264 2244 316 2281 csse
328 2231 431 2292 credere,
439 2231 476 2279 uel
485 2242 530 2279 non
541 2230 644 2294 credere3
655 2230 692 2281 oni
699 2230 744 2281 vim
754 2230 857 2281 Cnrmtus

47 2300 137 2367 intulit,
159 2306 288 2366 agnoscant
308 2302 335 2352 in
353 2300 425 2351 Paulo
440 2300 503 2365 prius
522 2305 696 2367 cognoscentem
709 2302 820 2353 Christum
834 2305 858 2353 et

46 2377 125 2433 postea
139 2376 292 2425 docentem.»

77 2447 109 2495 Ad
127 2451 239 2509 quartum
256 2445 395 2507 dicendum,
410 2443 470 2508 qudd
486 2446 545 2497 sictut
564 2447 590 2497 in
611 2445 690 2497 eadem
708 2444 811 2511 Epistola
823 2444 856 2509 L,

46 2518 190 2578 Augustinus
207 2518 262 2569 dicit
280 2534 286 2568 :
307 2536 322 2566 o
336 2516 420 2567 Nullus
434 2521 534 2569 nostrum
550 2520 599 2572 uult
611 2517 709 2585 aliquem
727 2520 858 2569 hereticum

46 2591 129 2649 perire.
152 2590 198 2640 Sed
217 2591 284 2642 aliter
301 2604 351 2642 nou
373 2590 458 2639 meruit
474 2590 558 2641 hebere
578 2604 659 2655 paoem
675 2591 755 2641 domus
771 2590 858 2651 David,

45 2660 94 2708 nisi
107 2662 208 2712 Ahmlon
219 2662 281 2713 tilius
296 2662 351 2725 ejus
365 2660 390 2709 in
405 2661 480 2722 bello,
492 2663 552 2727 quod
564 2666 644 2713 contra
655 2663 742 2725 patrem
756 2660 858 2723 gerebat,

44 2731 132 2780 luisset
145 2734 267 2786 extinctos.
291 2734 332 2784 Sic
350 2730 452 2782 Ecclesia
465 2734 590 2796 catholice,
604 2734 624 2784 si
640 2734 768 2796 aliquorum
782 2731 861 2795 perdi-

43 2803 110 2853 tione
126 2808 220 2859 ceteros
234 2806 345 2871 colligit,
356 2804 458 2857 dolorem
470 2806 567 2858 maurini
584 2808 650 2859 sanat
658 2803 735 2860 cordis
746 2805 861 2855 tantorum

45 2874 180 2932 liberatione
195 2882 348 2947 populorum·
363 2891 379 2926 t>
