1992 3317
309 122 339 161 on
355 121 442 164 onorem
457 121 608 163 cmnrreru.
812 116 857 165 til

37 202 114 253 habet
139 197 254 262 majorem
282 198 452 250 inclinationem
476 199 606 263 mutatu,
624 200 693 262 mrim
712 213 783 265 aqna,
805 204 858 267 qnia

36 270 163 337 competit
177 273 199 319 el
217 282 267 320 esse
281 270 323 318 suh
335 282 401 333 aqua.
416 272 512 335 Oportet
521 285 575 335 erpo
586 270 644 335 quid
658 272 726 322 etiam
738 272 858 325 inclinatio

36 343 145 407 gratiae,
162 354 215 405 quac
230 340 264 404 (l)
278 343 315 390 cst
325 340 420 391 allectus
432 342 557 406 charitatis,
566 344 748 407 proportionetur
759 345 795 395 iuis
807 360 858 410 quac

38 416 99 465 sunt
113 412 221 463 exterius
234 412 320 473 agenda
335 412 384 461 :ita
398 412 497 474 seilicet,
511 416 539 463 nt
553 415 581 463 ad
594 426 634 464 eos
644 414 791 466 intensiorem
803 418 858 467 cna·

37 486 120 536 uitatis
131 484 247 535 allectum
257 484 391 547 habeamus,
398 484 480 549 quibus
490 486 598 537 convenit
605 500 648 537 nos
659 487 732 549 magis
739 489 858 542 beneficos

39 571 106 608 esse.
133 558 166 607 Et
184 556 237 605 idco
251 554 371 605 dicendum
385 560 434 619 est,
452 556 513 621 qnid
527 557 596 607 etiarn
611 560 735 609 secundnm
752 561 858 612 allectum

40 632 142 694 oporiet
153 627 225 691 magis
234 640 304 681 noun
316 628 478 693 proximorum,
483 628 552 693 quim
563 629 641 691 olium,
652 629 754 692 diligere.
762 632 792 682 Et
800 632 859 685 ratio

42 705 89 765 est,
107 700 168 764 quia
181 698 232 749 cdru
242 698 379 763 principium
390 699 517 751 dilectionis
526 700 557 750 sit
569 702 644 761 Deos,
653 700 734 765 etipse
745 704 855 768 diligens,

44 785 148 825 necesse
160 774 197 823 est
205 769 265 837 qndd
276 771 399 821 secondum
406 770 598 835 propinquitatem
606 771 715 834 majorem
726 775 754 824 ad
763 774 859 826 ultorum

46 843 150 895 istorum
175 841 353 907 principiorum,
378 842 452 912 major
470 842 501 893 sit
522 842 651 893 dilectionis
672 844 774 897 affectus.
796 846 860 899 Sicut

47 916 111 966 enim
124 913 199 979 sopri
210 914 295 963 dictum
306 916 340 965 esi
353 914 406 979 (art.
419 914 453 976 ii,
462 913 487 963 in
498 912 604 965 omnibus
614 915 639 964 in
650 914 732 982 quibus
743 916 859 971 invenitur

50 986 147 1050 aliquod
162 984 315 1051 principium,
324 986 378 1039 ordo
392 984 518 1036 attenditur
529 986 655 1037 secundnm
668 988 858 1051 comparationem

53 1060 80 1109 ad
94 1058 154 1109 illud
167 1056 317 1123 principium.
588 1080 591 1084 ·

84 1131 119 1180 nd
135 1128 237 1193 primum
251 1140 304 1193 ergo
322 1127 457 1191 dicendum,
472 1128 534 1193 qndd
547 1129 639 1180 dilectio
651 1132 728 1195 potest
741 1144 792 1183 esse
802 1132 859 1185 ino-

53 1202 143 1268 qnalis‚
154 1200 284 1265 dupliciter.
304 1202 353 1251 lino
370 1202 436 1251 modo
454 1214 483 1251 ex
499 1205 563 1266 parte
577 1202 630 1266 ejus
644 1202 698 1253 boni
715 1204 775 1266 qnod
787 1203 859 1257 arnico

54 1279 177 1341 optamus;
193 1276 217 1323 et
229 1275 337 1337 quantum
349 1272 377 1321 ad
394 1274 437 1321 laoc
442 1310 451 1337 ‚
463 1286 543 1324 omncs
555 1274 660 1325 homines
670 1272 733 1341 aqut
745 1274 859 1338 diligimus

55 1360 83 1397 ex
99 1344 228 1405 charitate,
240 1343 293 1406 qnia
312 1342 415 1395 occulius
430 1348 534 1409 optamus
547 1345 632 1395 bonnm
649 1345 709 1396 idern
721 1345 746 1395 in
760 1360 859 1411 genere,

0 1435 2 1448 .
55 1416 142 1469 scilicet
153 1414 319 1466 beatitudinem
331 1416 448 1465 eternam.
457 1415 506 1465 ilio
517 1416 584 1466 ruodo
593 1415 675 1465 dicitur
685 1417 758 1481 major
767 1418 860 1471 dilectio

56 1493 149 1554 propter
174 1484 323 1536 intensiorem
344 1489 419 1535 actum
442 1486 589 1548 dilectionis;
610 1490 633 1537 et
651 1485 684 1536 sic
708 1501 754 1537 non
773 1491 862 1552 oportet

58 1574 138 1611 omncs
155 1557 221 1623 eque
236 1556 338 1620 diligere.
349 1558 392 1608 Vel
402 1558 468 1609 aliter
480 1558 610 1620 dicendum,
626 1558 686 1621 qudd
703 1558 795 1610 dilectio
808 1560 861 1611 inae·

58 1632 156 1697 qualiter
168 1633 246 1695 potest
260 1630 287 1679 ad
304 1629 392 1695 aliquos
406 1628 485 1679 hateri
499 1628 626 1693 dupliciter.
645 1629 695 1678 Uno
709 1630 776 1680 modo
790 1642 820 1679 ex
830 1642 858 1681 eo

59 1704 117 1769 quod
131 1700 225 1769 qnidam
241 1700 373 1763 diliguntur,
393 1702 416 1751 et
430 1699 469 1749 alii
488 1712 535 1749 non
548 1698 684 1763 diliguntor3
697 1701 721 1749 et
734 1700 794 1749 hauc
807 1700 861 1751 ino-

59 1775 192 1839 qualitatem
204 1774 293 1836 oportet
304 1784 393 1823 serrare
407 1770 431 1820 in
446 1769 609 1833 beneficentio,
622 1769 731 1833 quianon
743 1782 862 1833 possumus

61 1846 166 1897 omnibns
183 1844 306 1909 prodesse3
322 1842 396 1894 sedin
411 1840 571 1893 benevolentia
589 1839 730 1901 dilectionis,
741 1841 794 1891 talis
808 1841 862 1893 ina·

61 1918 159 1984 qualitas
169 1915 249 1966 haberi
260 1929 305 1966 noo
318 1914 392 1965 debet.
409 1913 459 1963 ntia
467 1926 523 1963 uero
532 1918 568 1964 est
580 1912 722 1977 inaequalitas
735 1912 863 1965 dilectionis

62 1992 141 2042 exlioc
153 1986 214 2053 qnod
225 1986 315 2051 qnidam
326 1986 377 2051 plns
391 1983 441 2034 aliis
457 1984 588 2049 diliguntur.
596 1983 735 2047 Augustinus
749 1997 803 2047 ergo
815 1998 863 2037 non

62 2061 159 2113 intendit
175 2062 235 2113 hanc
246 2060 364 2109 excludere
375 2056 565 2121 inequalitatem,
584 2057 625 2107 sed
638 2056 748 2121 primam,
763 2060 790 2107 ut
801 2059 865 2122 patet

64 2147 92 2184 ex
103 2133 139 2184 bis
154 2146 205 2197 qno
222 2131 250 2183 dc
263 2128 415 2183 teuodceutia
429 2129 492 2180 dicii.

95 2207 127 2257 nd
141 2204 265 2255 secondum
274 2202 402 2261 dicendum,
412 2202 473 2267 qnid
486 2214 534 2251 non
547 2212 626 2251 ornnes
639 2199 736 2265 proximi
749 2200 865 2264 aequeliter

66 2290 89 2329 se
99 2275 182 2327 latent
191 2276 218 2325 ad
228 2275 312 2339 licum;
323 2276 363 2326 sed
373 2278 464 2341 quidam
477 2275 531 2325 sunt
545 2272 567 2323 ei
576 2272 751 2338 propinquiores
760 2284 801 2337 per
814 2282 865 2323 ma·

64 2352 134 2416 iorem
146 2348 286 2412 bonitatem,
302 2347 342 2413 qui
355 2353 407 2399 sont
417 2347 490 2412 magis
501 2345 608 2409 diligendi
621 2357 649 2395 ex
660 2344 783 2407 clamide,
794 2356 863 2410 quam

66 2422 114 2484 alii,
128 2420 233 2487 quisunt
248 2419 270 2471 ei
284 2418 361 2470 minus
375 2418 504 2485 propinqui.

99 2492 130 2545 ld
143 2492 234 2544 tertium
245 2490 379 2554 dicendum,
391 2492 452 2558 quid
465 2489 526 2543 ratio
538 2490 577 2539 illa
588 2487 689 2555 procedit
699 2488 728 2538 de
738 2486 865 2552 quantitate

69 2562 207 2627 dilectionis,
221 2577 250 2615 ex
264 2567 329 2629 parte
342 2564 396 2615 boni
408 2564 469 2630 qnod
484 2561 564 2613 amicis
578 2564 691 2625 optamus.

75 2782 77 2787 ,
101 2727 130 2795 (ί)
145 2729 228 2787 supple
241 2727 387 2781 teettootto,
398 2741 450 2787 qum
460 2726 682 2775 diciturirrclirrntio
692 2724 794 2849 tutio,
807 2721 864 2779 quie

72 2794 140 2852 patin
150 2799 261 2850 tunquam
272 2791 346 2843 torma
356 2791 434 2847 divion
448 2790 512 2839 illam
524 2790 628 2850 contem,
642 2789 691 2839 sica
715 2791 739 2834 ct
751 2783 865 2839 nttnrtlh

72 2857 139 2909 lornrt
150 2853 324 2908 inclinationem
337 2855 477 2906 natmelem.
