1992 3317
133 151 178 198 tto
241 159 351 200 secunus
364 158 493 209 memus,
508 157 602 204 numa.
619 155 695 206 mu,
711 155 766 194 sar.
781 155 818 194 111.

131 237 235 290 irater.»
249 237 293 288 Sed
307 236 440 300 quandoque
459 233 531 298 mags
544 236 581 286 est
596 237 660 297 grata
672 232 768 298 pauperi
783 234 933 300 eleemosyna

132 307 265 374 corporalis,
284 307 351 372 quim
364 306 497 372 spirituahs.
511 307 572 370 Ergo
589 306 735 370 eleemosyna
748 305 876 370 corporalis
889 320 935 371 po-

132 380 177 432 tior
190 383 224 430 est
237 378 306 443 quam
323 378 453 444 spiritualis.

163 451 209 502 Sed
220 453 298 502 coutra
312 454 360 512 est,
372 449 433 513 quod
446 448 587 511 Augustinus
598 448 624 498 iu
636 447 676 498 lib.
686 449 723 498 De
734 463 811 499 serm.
826 449 935 500 Domini

134 526 161 574 in
173 525 271 582 monte,
282 535 349 586 super
358 521 413 571 illud
425 536 430 570 :
444 521 511 580 «Qui
523 519 582 584 petit
591 520 645 581 ate,
658 520 729 582 daei,
738 520 818 572 »uicit
830 536 837 570 :
851 523 937 572 ahan-

132 597 186 646 dum
200 598 235 644 est
253 595 313 658 quorl
326 607 369 658 nep
387 592 428 644 tihi
446 607 489 644 nec
508 592 572 644 alteri
588 595 679 644 noceat.
697 593 728 643 Et
743 591 797 643 chm
814 595 937 657 negaveris

132 667 191 730 quod
206 667 279 730 petit,
292 665 411 716 indicanda
423 669 459 716 est
469 664 562 729 justitia
569 701 577 728 ,
593 667 619 714 ut
631 667 655 716 et
664 677 711 715 nou
723 677 776 715 eum
788 663 886 716 inanem
898 665 931 716 ui-

133 738 254 788 mittas.Et
264 738 384 802 aliquando
393 737 474 789 melius
483 736 568 800 aliquid
578 736 651 800 dabis,
661 734 712 786 cium
720 735 806 800 injuste
816 740 935 802 petentem

132 811 289 860 correxeris.»
303 809 416 860 correctio
431 814 506 860 autem
519 812 555 860 est
566 810 710 872 eleemosyna
728 807 864 873 spiritualis.
876 811 933 872 Ergo

133 881 263 945 spirituales
274 883 423 946 eleemosynae
436 885 490 932 sunt
506 880 660 945 corporalibus
672 880 829 943 preferendo.

164 953 324 1018 (Cosmusro.
344 980 374 992 -
388 952 444 1004 Cium
469 952 602 1018 simpliciter
626 951 758 1016 spirituales
782 951 934 1017 eleemosyne

133 1025 179 1076 sint
190 1026 342 1089 corporalibus
353 1024 515 1090 preference,
524 1023 599 1086 aliqua
607 1027 684 1073 tamen
695 1023 818 1086 corporalis
834 1024 933 1074 eleemo-

132 1112 189 1164 syna
202 1097 227 1148 in
240 1112 295 1148 casu
312 1101 347 1149 est
361 1096 472 1162 spirituali
486 1095 623 1147 eminentior
635 1109 662 1146 ac
674 1095 838 1160 prestantior.)

164 1171 298 1234 Respondes
311 1169 430 1220 dicendum
442 1207 449 1230 ,
463 1167 524 1231 quon
537 1167 674 1232 comparatio
694 1167 790 1218 starum
805 1167 932 1232 eleemmy-

132 1255 213 1292 narum
222 1244 297 1304 potest
303 1239 389 1290 attendi
394 1239 526 1302 dupliciter.
533 1240 583 1290 Une
592 1240 658 1290 modo
666 1238 799 1303 simpliciter
805 1239 931 1303 loquendo;

131 1318 154 1366 et
168 1311 349 1364 secundirmhoc
365 1311 515 1375 eleemosyna
536 1310 665 1376 spirituales
678 1310 829 1374 praeeminent
848 1309 935 1374 triplici

133 1385 231 1434 ratione:
244 1382 317 1446 primb
329 1381 434 1447 puidam,
445 1383 497 1446 quia
507 1382 530 1433 id
543 1385 603 1446 quoi
619 1383 746 1447 exhibetur,
760 1382 860 1434 nobilius
877 1387 914 1433 est
921 1420 931 1446 ,

132 1455 218 1506 scilicet
227 1456 308 1506 donum
317 1454 433 1520 spirituale
443 1455 518 1518 ,quud
526 1455 659 1518 praeminet
667 1453 778 1518 corporali
787 1492 794 1517 ,
803 1453 930 1505 secunuirm

132 1527 261 1588 Proceri„
272 1529 301 1578 lv
319 1543 324 1577 :
339 1543 353 1575 a
363 1529 451 1577 bonum
465 1526 657 1577 bonumtribuarn
671 1525 751 1591 uobis,
764 1525 840 1590 legem
856 1540 932 1576 meam

132 1614 162 1652 ne
178 1599 354 1664 derelinquatis;
370 1616 384 1646 »
406 1599 523 1662 secundi,
537 1599 625 1650 ratione
646 1599 698 1664 ejus
719 1599 757 1649 cui
786 1599 937 1658 subvenitur,

133 1673 186 1737 quia
197 1673 290 1738 spiritus
304 1671 401 1723 nobilior
411 1673 447 1722 est
459 1684 553 1736 corpore
574 1687 580 1720 :
597 1672 659 1721 unde
672 1670 731 1720 sicut
743 1672 812 1721 bomo
827 1670 871 1721 sibi
889 1669 937 1734 ipsi

132 1746 205 1808 magis
218 1745 285 1796 debet
298 1743 417 1809 prouidere
433 1749 542 1806 quantum
557 1743 586 1793 ad
601 1742 720 1806 spiritum,
740 1741 809 1805 qulam
822 1745 933 1806 quantum

133 1819 160 1868 ad
174 1831 257 1882 corpus
264 1854 272 1881 ,
285 1817 351 1867 itaet
365 1815 468 1880 proximo
481 1828 549 1879 quem
560 1814 628 1864 dehet
641 1815 700 1864 sicut
712 1814 813 1878 seipsum
827 1815 933 1878 diligere3

47 1941 54 1948 ,
132 1888 215 1950 tertii,
229 1891 338 1950 quantum
356 1889 384 1938 ad
398 1887 462 1952 ipsos
478 1890 543 1937 aetas
555 1885 638 1949 pibus
657 1884 791 1936 subuenitur
810 1885 931 1950 proximo,

133 1960 186 2024 quia
199 1959 327 2024 spirituales
343 1963 407 2010 actus
426 1962 479 2010 sunt
496 1958 618 2009 nobiliores
639 1957 805 2020 corporalibus,
819 1957 860 2020 qui
878 1960 934 2009 sunt

132 2031 295 2094 quodammodo
307 2031 410 2081 serviles.
422 2030 471 2080 Alio
484 2031 552 2080 modo
562 2033 659 2093 possunt
669 2029 795 2093 comparari
805 2028 932 2079 secundum

133 2103 230 2166 aliquem
239 2103 397 2165 particularem
408 2115 484 2154 casum
491 2139 501 2165 ,
511 2102 536 2152 in
550 2116 594 2166 quo
608 2103 710 2166 pedam
728 2101 851 2167 corporalis
870 2102 933 2152 elee-

133 2186 231 2237 mosyna
241 2173 310 2223 alicui
324 2173 436 2238 spirituali
444 2175 569 2240 pralcrtur.
587 2173 658 2238 Puta,
671 2173 743 2236 magis
756 2176 792 2224 cst
804 2174 932 2237 pascendus

132 2244 318 2308 lenesmontem,
333 2245 400 2309 quim
416 2246 547 2310 docendus,
561 2245 620 2296 sicut
635 2250 659 2296 et
671 2244 933 2309 incueuthsecnnaum

131 2315 308 2380 Philosophum:
320 2335 333 2365 u
345 2317 425 2369 llelius
434 2318 543 2369 estditari
552 2316 792 2382 quampbilosophuri3
802 2317 933 2381 »quamuis

132 2389 175 2439 hoc
195 2389 224 2438 sit
240 2387 372 2453 simpliciter
384 2388 475 2440 melius.

163 2461 195 2512 bd
209 2461 308 2526 primum
319 2473 372 2524 ergo
388 2461 518 2524 dicendum,
529 2461 589 2525 qnid
602 2462 655 2511 dare
666 2460 739 2524 magis
752 2460 862 2524 indigenti
882 2475 933 2513 me-

131 2533 176 2584 lius
194 2535 245 2593 cst,
259 2533 348 2582 caehris
368 2533 473 2597 paribus3
489 2534 530 2583 sert
547 2533 568 2583 si
583 2531 660 2583 minius
673 2533 778 2596 indigens
794 2532 825 2582 sit
837 2531 934 2595 melior,

132 2607 155 2655 et
166 2603 295 2654 melioribus
310 2604 425 2669 indigeat,
440 2606 492 2674 dare
506 2605 528 2656 ei
543 2604 625 2656 melius
639 2610 691 2670 cst3
707 2609 730 2656 et
747 2605 781 2655 sic
795 2609 830 2655 est
843 2605 868 2656 in
880 2619 935 2670 pro·

132 2675 215 2739 posito.

164 2747 197 2796 hd
213 2745 336 2796 secundum
355 2747 489 2810 dicendum,
508 2747 569 2814 quhd
586 2750 829 2813 recompensationem
850 2748 934 2800 minuit

133 2818 239 2868 meritum
251 2821 274 2868 ct
282 2817 371 2869 laudem
381 2820 542 2886 eleemosyuae,
552 2821 571 2872 si
582 2835 629 2872 uon
638 2820 668 2872 sit
676 2821 778 2885 intenta,
790 2820 851 2873 sicut
861 2821 932 2874 etiam

132 2887 231 2940 bumana
242 2885 321 2953 gloria,
332 2889 352 2941 si
360 2903 407 2943 nou
415 2890 445 2944 sit
454 2890 552 2958 intenta,
563 2905 610 2945 nou
619 2891 702 2946 minut
710 2892 821 2948 rationem
831 2892 930 2945 uirtutis.
