1992 3317
134 176 181 243 tt!
259 166 520 250 mmrna'encuaoarj
534 180 701 249 connium
716 193 771 238 aar.
786 195 806 236 r.

168 284 191 331 2.
202 280 327 346 Praeterea,
340 290 424 332 nouum
435 280 596 333 testamentum
608 272 770 329 contineturiu
780 273 867 340 need,
876 274 929 327 sieut

77 354 79 359 '
136 353 255 418 figuratum
273 352 298 403 iu
320 352 406 419 figura,
420 356 446 402 ut
466 349 634 417 supradictum
650 353 687 401 est
704 348 747 415 (t).
768 348 813 400 Sed
832 348 857 399 iu
876 360 932 401 nouo

135 428 272 477 batameuto
283 430 399 490 ponuntur
410 436 520 489 expressa
532 424 639 474 mandata
650 423 677 473 de
686 420 739 485 ide,
748 425 774 472 ut
782 424 845 485 patet
853 422 933 485 toan,

130 497 186 547 btv
206 512 212 547 ε
228 514 242 545 c
258 496 357 547 Creditis
373 496 492 560 initeum,
507 494 567 545 etin
585 507 622 545 me
636 493 755 544 credite.»
772 494 832 556 Ergo
850 492 935 544 videtu

137 569 197 633 quod
216 568 242 619 in
254 568 329 619 ueteri
342 570 391 633 lege
406 567 475 619 etiam
488 566 608 618 debuerint
620 566 697 631 atique
711 569 825 631 precepta
843 564 893 617 dari
909 564 935 615 de

136 638 189 692 fide.
733 638 738 645 '

171 716 194 761 ³.
208 712 331 773 Preterea,
346 711 449 775 ejusdem
463 711 559 762 rationis
573 715 609 761 est
622 709 745 775 precipere
757 711 832 759 actum
845 706 938 759 uirtutis

138 786 161 833 et
173 784 293 847 probibere
306 784 361 833 uitia
372 782 485 848 opposita.
497 783 580 833 sedin
593 781 665 833 ueteri
679 783 730 845 iege
741 783 855 847 pouumur
868 779 940 830 multa

138 859 251 919 precepta
264 855 407 921 prohibentia
424 854 594 917 infidelitatem,
611 854 671 904 sicut
682 853 780 913 Exod„
791 852 832 905 XX
844 868 851 902 a
864 868 880 900 n
889 851 940 903 Non

140 926 235 977 babebis
248 926 303 979 deos
320 926 409 977 alienos
426 938 501 976 coram
513 939 559 976 me.
578 940 594 972 r>
607 926 636 975 Et
651 925 732 976 iterum
745 926 862 985 Denter„
875 922 939 982 iiiii,

139 998 259 1049 mandatur
272 998 331 1063 quod
351 1010 397 1048 uon
412 997 507 1047 audiant
521 997 589 1047 rerba
609 996 727 1061 prophete
744 1000 783 1046 ant
797 992 942 1047 somniatoris

141 1070 181 1134 qni
193 1082 232 1121 eos
240 1070 254 1120 d
263 1070 307 1120 tide
320 1069 360 1119 bei
376 1068 443 1118 veltet
453 1071 555 1119 evertere
565 1068 610 1132 (Ξ).
620 1068 679 1131 Ergo
689 1067 714 1117 in
722 1066 795 1118 ueteri
807 1067 860 1131 lege
871 1065 941 1117 etiam

142 1140 268 1192 debuerunt
280 1142 392 1205 praecepta
403 1138 453 1188 dari
466 1140 493 1189 de
508 1140 561 1190 tide.

174 1215 197 1261 i.
212 1213 334 1272 Praemrea,
351 1208 467 1259 confessio
481 1213 516 1260 est
530 1212 594 1259 actus
610 1210 674 1273 tidei,
688 1213 715 1259 ut
728 1208 799 1273 supr-b
808 1208 899 1259 dictum
910 1210 944 1258 est

144 1282 199 1348 (qn.
219 1286 247 1342 3,
261 1284 304 1330 art.
323 1280 363 1342 b).
379 1280 425 1329 Sed
439 1282 467 1330 de
486 1279 629 1331 confessione
647 1284 671 1331 ct
683 1279 867 1344 promulgatione
891 1278 945 1331 tidei

142 1352 223 1401 dantur·
242 1354 357 1414 praeeepta
375 1350 400 1400 in
413 1350 485 1403 reteri
502 1351 571 1415 lege3
590 1351 709 1403 mandatur
730 1350 791 1401 euim
809 1350 834 1399 in
853 1350 944 1401 meod.

143 1423 201 1487 quod
223 1422 277 1473 onas
297 1422 343 1473 suis
355 1422 547 1487 interrogantibus
565 1422 674 1473 rationem
693 1422 811 1485 assignent
829 1423 946 1486 paschatis
979 1417 981 1422 ’

131 1492 302 1546 observantie.
316 1496 346 1545 Et
357 1496 472 1555 beuter„
484 1494 545 1558 iiiii,
554 1495 683 1555 innodatur,
694 1492 755 1557 qubd
767 1494 805 1544 itte
816 1493 856 1558 oni
870 1496 947 1546 disse-

144 1564 216 1616 minat
238 1565 362 1617 doctrinam
391 1571 468 1617 contra
486 1566 572 1628 tidem,
593 1564 716 1617 occidatur.
738 1566 799 1629 Ergo
818 1565 856 1615 lex
881 1570 950 1617 uetus

144 1642 255 1704 precepta
267 1638 320 1691 tidei
334 1638 411 1689 debuit
424 1638 516 1689 babere.

179 1715 202 1762 ὅ.
214 1713 340 1772 Praeterea,
350 1722 428 1761 omnes
441 1708 492 1761 libri
504 1707 590 1760 ueteris
600 1707 740 1760 testamenti
753 1706 796 1758 sub
804 1707 855 1773 tege
872 1708 949 1761 ueteri

146 1782 291 1833 continentur
308 1798 313 1830 :
329 1782 389 1831 nude
408 1779 533 1841 Dominus,
548 1781 630 1835 loon..
644 1780 702 1843 XV,
722 1778 776 1830 dicit
788 1778 813 1829 in
826 1780 882 1843 rece
896 1792 949 1831 esse

146 1854 266 1919 scriptum,
277 1869 291 1900 u
301 1852 357 1903 odio
370 1852 498 1903 babuerunt
511 1865 548 1903 me
561 1851 642 1915 gratim
653 1867 667 1899 e
679 1852 739 1915 quod
750 1855 828 1901 tamen
842 1854 953 1904 scribitur

145 1924 170 1973 iu
189 1924 283 1973 Psotm.
305 1923 350 1973 Sed
365 1923 443 1987 ttoni„
461 1924 498 1987 ll,
514 1923 598 1975 dicitur
613 1922 699 1982 :utini
712 1923 797 1975 timetis
809 1924 952 1987 Dominum,

148 1994 233 2043 credite
256 1992 298 2044 itti.
312 2012 325 2041 o
341 1996 399 2058 Ergo
410 1998 435 2045 in
450 1994 523 2047 veteri
539 1996 589 2058 iege
600 1996 691 2046 merent
702 1997 817 2059 precepta
830 1996 912 2050 deuna
924 1997 953 2048 de

148 2064 200 2116 tide.

180 2136 223 2186 Sed
234 2141 313 2188 contra
322 2140 371 2198 est,
382 2136 442 2202 qubd
452 2138 571 2202 bpostotus
581 2138 610 2188 ad
618 2138 695 2197 Rom„
706 2139 746 2201 ui,
756 2138 834 2203 tegern
846 2141 955 2191 ueterem

148 2208 251 2259 nominat
263 2208 343 2275 tepem
355 2212 532 2273 foetorum,et
541 2209 622 2261 diuidit
630 2222 681 2261 eam
694 2213 773 2263 oentrn
781 2210 867 2275 tcpem
876 2211 955 2277 fidei.

149 2280 208 2345 Ergo
225 2280 250 2331 in
262 2282 312 2345 lege
324 2282 396 2333 ueteri
404 2296 450 2332 narn
463 2283 556 2333 suerunt
568 2284 682 2346 praecepta
690 2284 763 2332 danda
776 2283 805 2332 de
817 2282 873 2335 ride.

180 2353 342 2417 (Coroneam.
355 2380 386 2393 -·
396 2356 455 2407 Cum
471 2367 518 2405 uon
533 2354 618 2403 tuerint
627 2354 653 2404 in
662 2354 735 2405 ueteri
746 2354 798 2416 lege
809 2356 904 2420 populo
918 2369 957 2409 se⁴
979 2393 981 2398 -

184 2471 214 2535 (1)
229 2476 317 2533 Nempe
333 2474 345 2521 1
356 2474 387 2536 ,d
392 2510 401 2537 ‚
412 2487 453 2533 qu.
464 2473 523 2533 tot,
536 2480 580 2521 nrt.
592 2474 606 2521 1
618 2491 625 2520 ε
637 2475 723 2522 Utritm
732 2476 963 2525 tamwoaedtota'u

150 2536 192 2645 def
211 2538 227 2581 d
244 2539 336 2593 oeteri;
358 2544 381 2584 et
400 2544 443 2585 art.
462 2537 476 2583 it
493 2557 500 2586 r
516 2538 603 2585 Utrbm
621 2539 663 2585 tec
675 2552 740 2585 oona
752 2540 919 2589 conemur
934 2545 965 2589 iro

150 2610 178 2645 oe
188 2611 235 2647 era.

186 2668 216 2732 (2)
236 2674 272 2719 sic
293 2672 355 2717 eninr
376 2674 422 2733 ibi,
439 2684 502 2719 vers.
519 2672 593 2719 1282·
612 2674 754 2720 coercuerit
771 2676 802 2719 io
811 2674 906 2721 nertio
927 2676 968 2722 tui

152 2734 296 2792 Pbopbctee,
310 2738 353 2779 aot
365 2736 409 2792 pati
424 2736 549 2781 remotum
561 2736 651 2782 cidisse
667 2749 692 2782 ce
710 2736 790 2789 dicata
804 2740 827 2781 ot
845 2741 967 2784 evenerit

152 2797 216 2853 qood
228 2798 321 2843 locutos
331 2800 378 2847 ert,
392 2802 413 2843 et
430 2798 527 2843 dixerit
539 2798 602 2844 u‘bt:
616 2802 702 2847 Eumne
715 2805 739 2844 et
755 2810 890 2855 monemur
901 2804 970 2849 Deos

143 2856 241 2904 'alienos
258 2860 282 2903 et
295 2858 421 2905 serviamus
435 2861 486 2921 eis,
501 2872 552 2907 noo
564 2860 649 2909 audior
659 2860 732 2910 newa
738 2861 870 2923 propbeta
885 2865 981 2915 o'ttiue.

153 2926 196 2968 out
209 2921 383 2974 somniatoris,
395 2925 438 2969 etc.
979 2925 981 2930 '
