1992 3317
336 164 368 201 nn
383 162 447 201 nouo
461 162 568 203 unisonus.
805 155 849 205 uti

44 256 101 294 rere.
118 242 155 293 Ab
168 242 224 309 ipso
237 238 335 305 qudam
347 242 421 303 potet
433 239 500 292 nohis
519 238 639 293 imminere
656 242 740 293 malum
758 256 849 309 poene3

44 317 96 378 quod
106 328 156 367 non
170 320 208 365 est
221 310 359 377 simpliciter
372 311 467 373 murm,
483 313 524 362 sed
541 314 666 364 secundnm
683 313 753 379 qnid,
767 316 851 367 bonnm

43 391 114 437 auem
126 384 278 450 simpliciter.
287 383 346 433 Cura
354 383 416 434 enim
424 384 508 434 bonnm
517 384 605 434 dicatur
612 384 637 434 in
646 385 724 437 ordine
733 387 762 437 ad
771 387 849 449 tinem,

44 460 123 509 ndum
142 463 223 509 autem
243 456 356 519 importet
373 454 444 519 hujus
457 453 540 506 ordinis
558 455 725 520 privationem,
743 458 798 509 iilud
814 462 851 510 est

45 528 125 579 nalum
138 528 289 594 simpliciter,
305 526 366 589 quod
379 525 479 575 excludit
492 525 595 577 ordinem
606 528 620 578 a
631 528 676 579 fine
686 529 782 593 ultimo,
790 531 851 594 quod

45 603 74 649 est
91 600 180 651 malum
198 599 285 662 cnlpae.
306 596 390 647 Malum
410 599 484 647 antem
497 610 572 661 poene
588 602 624 648 esi
642 600 734 664 qnidam
752 601 850 665 maiorm

13 654 14 709 i
46 670 193 735 uquarum
208 670 289 734 privat
303 667 396 731 aliquod
412 668 546 732 particulare
555 668 654 732 bonum3
668 674 704 721 est
721 674 797 722 tannen
811 673 851 723 bo

48 754 100 791 num
112 740 258 807 simpliciter,
271 740 297 789 in
313 742 424 804 quantum
443 740 555 804 dependet
571 741 600 791 ab
611 742 689 793 ordine
700 742 754 793 finis
767 743 850 795 ultimi.

47 815 88 862 Per
96 812 296 877 comparationem
306 813 383 860 autem
395 812 424 861 ad
435 812 514 875 Mum,
524 814 600 876 potest
610 813 676 863 nobis
684 814 769 863 maium
779 815 851 880 culpe

12 884 13 905 ³
48 884 176 946 provenire,
194 884 213 934 si
223 885 253 934 ab
269 895 298 933 eo
312 894 452 947 separemur.
466 882 497 933 Et
509 896 552 946 per
563 884 624 933 hunc
633 885 725 935 modum
735 886 796 936 neus
808 898 851 950 pe·

12 1016 13 1019 ¹
50 956 98 1003 test
109 958 135 1004 et
149 954 213 1004 debat
223 954 312 1005 timeri.

12 1076 13 1091 χ
77 1025 115 1076 Ad
131 1024 227 1089 priunum
240 1036 297 1089 ergo
309 1023 444 1089 dicendum,
456 1024 518 1088 quod
530 1025 588 1076 ratio
603 1026 643 1075 iila
657 1026 758 1090 procedit
769 1039 850 1077 uenu-

12 1092 13 1125 ³
49 1097 99 1147 dum
114 1096 176 1161 prod
193 1096 282 1147 malum
296 1094 358 1159 quod
373 1096 442 1146 homo
455 1095 552 1159 refugit,
569 1099 604 1147 est
624 1095 713 1147 timoris
729 1096 851 1159 obiectum.

77 1168 111 1219 dd
124 1168 252 1218 seucum
265 1164 475 1229 dicendum,qudd
487 1166 571 1217 inlice
583 1171 620 1218 est
631 1166 774 1218 eoudderare
786 1166 854 1229 justi-

11 1296 12 1303 *
50 1240 114 1302 tiam,
130 1239 260 1291 secundum
274 1250 344 1301 quarn
354 1240 475 1301 peccantes
488 1238 568 1302 punit,
578 1242 602 1289 et
615 1237 792 1290 misericordiam
802 1275 809 1301 ,
819 1251 856 1289 se-

50 1310 232 1373 enumquam
250 1321 294 1359 nos
317 1308 406 1358 liberat.
427 1308 555 1359 Secundum
575 1322 629 1374 ergo
648 1308 855 1361 considerationem

50 1381 118 1443 ipsius
129 1382 229 1447 institiae
242 1380 341 1445 insurgit
354 1379 379 1430 in
393 1380 458 1431 nobis
470 1380 555 1444 timor;
570 1383 694 1433 meandum
710 1386 787 1434 anum
796 1396 853 1433 eon-

51 1454 209 1504 siderationem
225 1452 300 1515 ipsine
318 1450 478 1502 misericordie
490 1452 587 1515 insurgit
598 1454 623 1502 in
634 1451 699 1503 nebu
712 1467 773 1517 spes.
783 1454 814 1503 nt
822 1453 855 1503 ita

51 1525 173 1575 scandum
185 1523 288 1573 divemas
297 1522 398 1571 rationes
410 1523 470 1571 Deus
484 1526 520 1572 est
533 1521 647 1585 objectum
657 1523 708 1586 spei
718 1528 742 1573 et
754 1523 851 1574 timoris.

9 1614 10 1635 ι
81 1593 118 1643 td
131 1592 223 1643 tertium
243 1591 380 1654 dicandum,
395 1590 455 1654 quod
473 1593 558 1642 maium
576 1593 647 1657 culpe
664 1605 711 1643 uon
730 1596 765 1643 est
777 1593 791 1643 d
804 1594 853 1644 iteo

9 1720 10 1723 Ἴ
50 1666 114 1714 sient
126 1663 156 1713 ab
166 1666 254 1713 aucwre
259 1698 269 1725 ,
282 1663 369 1713 sedeat
381 1661 395 1711 i
406 1661 471 1713 nobis
487 1661 560 1726 ipsis,
578 1663 603 1710 in
614 1666 724 1725 quantum
735 1663 749 1712 a
762 1664 808 1713 Deo
818 1677 857 1713 re-

50 1734 164 1785 cedimus.
178 1732 259 1783 idalnm
274 1736 352 1783 autem
368 1746 442 1798 pene
456 1736 491 1785 est
508 1734 603 1799 quidem
619 1733 693 1784 ilico
709 1736 813 1795 audone,
830 1733 855 1783 in

51 1809 161 1869 quantnm
178 1804 246 1855 habet
258 1805 372 1856 rationem
383 1804 454 1869 boni,
467 1808 537 1869 pront
558 1804 645 1855 scilieet
655 1807 691 1854 est
701 1804 805 1868 justum,
821 1817 858 1855 se·

52 1878 149 1927 muna
157 1877 218 1941 qnod
230 1876 292 1940 juste
301 1876 369 1927 nohis
377 1888 446 1940 paena
460 1876 581 1940 infligitur,
595 1875 649 1925 licet
663 1876 707 1925 hoe
720 1873 856 1939 primordia·

53 1949 102 1998 iiter
108 1961 138 1999 ex
146 1947 231 1998 merito
239 1946 313 1997 nostri
323 1945 546 2011 peccaticoutiupai3
556 1947 679 1997 sewndunr
686 1959 754 2009 quern
760 1945 852 1997 modum

52 2018 131 2069 dicitnr
144 2018 276 2083 sapient,
285 2018 295 2067 1
305 2032 311 2068 :
323 2016 388 2077 Qndd
401 2018 483 2067 «Dens
494 2019 590 2067 mortem
603 2030 650 2068 non
659 2016 727 2081 iecit,
737 2018 778 2068 scd
788 2016 857 2081 impii

54 2089 154 2141 naeuius
171 2091 197 2140 et
211 2088 289 2139 serbis
306 2086 461 2140 accersierunt
472 2088 544 2139 illam.
558 2102 572 2135 u

355 2258 513 2311 arnaudus
525 2259 556 2310 ΙΙ.

60 2378 143 2425 Utrum
158 2378 234 2423 timor
246 2376 413 2423 cmmemores
425 2374 551 2421 dividatur
559 2376 587 2421 in
598 2376 711 2432 filiclam,
727 2377 855 2434 initialem,

300 2437 411 2485 servitem
420 2441 444 2483 et
453 2439 611 2485 mundaum.

85 2560 118 2610 td
132 2558 259 2610 secundum
270 2556 304 2608 sic
312 2554 443 2621 proceditur
450 2555 494 2621 (t).
505 2555 598 2607 Videtur
606 2556 666 2621 qnod
671 2557 859 2609 inconmienter

58 2630 168 2681 dividatur
178 2628 247 2681 timor
256 2629 282 2679 in
292 2627 403 2691 filialem,
413 2626 541 2693 initialem,
549 2628 664 2692 servilem,
674 2631 698 2680 et
707 2630 856 2682 mundanum.

92 2746 220 2810 (filicida
237 2749 309 2795 etiam
326 2748 352 2793 in
369 2746 508 2803 111,Scut.,
526 2746 580 2792 dist.
598 2744 643 2805 nt,
660 2759 701 2803 qu.
719 2745 853 2807 2,nrt.1,

59 2806 856 2871 qnusdnnc.2;etqn.2,dererit.,art.1⁰‚ad13;ntetod

15 2870 482 2943 ‚donufflmiectfflcoldetd
575 2892 580 2897 ⁴
700 2913 753 2921 ..
863 2894 867 2899 ·
