1992 3317
165 165 210 211 288
293 172 402 209 sneunna
418 170 546 219 secusne,
564 168 653 213 onssr.
672 164 717 214 xv,
733 164 786 203 asa.
805 163 832 201 aa.

198 251 351 313 (micinno.
361 274 391 285 -
399 247 437 296 Sic
448 260 528 296 sensus
541 245 654 295 hebetudo
668 248 691 293 et
703 242 788 292 mentis
797 242 891 292 caecitm
902 241 963 289 douo

165 320 293 369 intellectus
308 322 461 381 opponuntur,
482 322 509 367 ut
523 317 573 381 ipsa
586 328 667 365 sensus
686 314 799 363 hebetudo
813 313 845 362 sit
858 313 963 376 qumdaur

164 389 247 440 mentis
259 388 362 439 debilitas
380 388 438 439 circa
453 388 602 451 spiritualium
616 387 726 436 bonomm
742 384 962 443 considerationem,

164 461 251 513 cecitas
263 474 318 511 vero
330 460 413 511 mentis
423 460 575 510 omnimodam
590 458 726 521 cognitionis
736 456 839 520 ipsorum
852 457 964 520 priuatio-

165 544 215 581 uem
230 532 362 595 importat.)
671 537 676 546 ’

195 602 330 667 Respondeo
341 602 473 666 dicendum,
483 601 544 665 qnbd
557 602 629 651 bobes
640 604 709 650 acuto
721 600 851 664 opponitur.
863 600 963 649 Acutum

165 676 240 724 autem
251 672 331 723 dicitur
344 673 427 738 aliquid
441 688 469 723 ex
480 676 538 736 boe,
550 673 609 735 quod
620 675 655 723 est
666 670 834 735 penetrativum
842 671 890 734 (1),
904 673 965 720 unde

165 749 188 795 et
201 744 272 795 bebes
284 744 365 795 dicitur
383 744 466 809 aliquid
484 758 514 795 ex
526 746 570 794 boc
580 744 639 806 quod
656 746 693 793 est
706 742 829 803 obtusum,
840 748 965 804 penetrare

164 829 210 865 non
222 815 308 865 valeus.
321 816 405 866 Sensus
416 820 490 866 autem
504 814 626 878 corporalis
638 827 679 878 per
692 814 813 876 quamdam
827 812 967 864 similitudi-

166 900 218 937 nem
229 890 346 951 peuetrare
357 887 438 937 dicitur
448 888 561 949 medium,
571 886 713 949 inquantum
724 884 841 947 exaliqua
853 885 967 936 distamia

166 971 231 1007 suum
244 957 356 1021 obiectum
372 957 481 1022 percipit,
493 958 531 1006 rel
547 956 570 1006 iu
588 959 698 1020 quantum
718 958 794 1018 potest
810 956 878 1018 quasi
893 970 966 1021 pene·

165 1028 244 1079 traudo
258 1027 365 1092 minima,
377 1030 414 1078 nel
425 1029 506 1078 intima
516 1028 548 1078 rei
559 1027 683 1092 percipere.
695 1027 759 1076 Unde
770 1026 965 1090 incorporalibus

166 1099 249 1149 dieitur
263 1099 343 1163 aliquis
358 1112 408 1149 esse
427 1099 488 1149 aerati
503 1113 600 1159 sensus,
614 1098 653 1161 qui
668 1101 743 1161 potest
755 1097 876 1160 percipere
891 1101 966 1149 seusi-

166 1170 211 1220 bile
225 1170 315 1232 aliquod
332 1184 360 1219 ex
373 1170 481 1229 remotis,
494 1170 650 1230 scindendo,
666 1169 703 1218 sel
716 1168 841 1229 audiendo,
856 1171 898 1220 nel
912 1170 966 1220 olla-

167 1240 260 1303 eiend03
276 1243 300 1289 et
313 1240 326 1289 e
340 1240 450 1290 contrario
463 1242 545 1292 dicitur
559 1254 627 1291 sensu
637 1240 738 1289 hebetari
753 1240 853 1302 quinon
869 1243 967 1306 percipit

165 1314 209 1363 nisi
220 1326 249 1363 es
258 1314 384 1377 propinquo
393 1319 416 1365 et
424 1328 506 1378 magua
519 1314 644 1365 sensibilia.
658 1316 691 1363 bd
702 1313 879 1365 similitudinem
891 1320 965 1367 autem

166 1384 289 1445 corporalis
300 1398 379 1435 seusus
389 1385 471 1435 dicitur
484 1386 552 1436 etiam
561 1386 620 1435 circa
633 1385 807 1449 intelligentiam
816 1376 871 1437 esss
885 1388 967 1451 aliquis

166 1466 249 1504 sensus
258 1454 297 1517 qui
313 1461 349 1506 est
360 1457 484 1519 clauorum
498 1456 622 1519 primorum
634 1461 657 1506 et
670 1460 837 1521 extremorum,
847 1458 969 1507 utdicitur

166 1526 190 1575 in
209 1527 246 1575 Vl.
265 1529 346 1579 natea.
367 1529 430 1578 Sicut
446 1528 516 1578 etiam
532 1542 612 1578 sensus
625 1531 661 1578 est
682 1528 850 1589 cognosciturus
864 1530 967 1579 sensibi-

165 1596 233 1659 lium,
249 1599 314 1662 quasi
330 1600 475 1663 quorumdam
492 1598 654 1662 principiorum
671 1597 816 1660 cognitionis.
833 1598 878 1647 liic
889 1604 967 1650 autern

166 1680 247 1719 sensus
260 1670 299 1733 qui
310 1675 344 1721 est
353 1671 412 1720 eirca
421 1668 593 1731 intelligentiam
605 1682 652 1719 nou
661 1668 757 1732 percipit
768 1682 835 1717 suum
848 1670 967 1735 objectum

165 1752 206 1801 per
215 1738 314 1789 medium
324 1739 436 1789 distantia
446 1738 583 1802 corporalis,
593 1740 631 1789 sed
646 1751 687 1801 per
698 1738 802 1800 quaedam
816 1738 863 1788 alia
878 1741 966 1790 media:

167 1808 225 1859 siout
238 1822 290 1857 eum
301 1822 341 1871 per
357 1808 516 1873 proprietatem
527 1808 562 1858 rei
575 1807 673 1872 percipit
682 1807 732 1871 ejus
744 1806 885 1872 essentiam,
897 1815 964 1873 elpes

166 1879 270 1927 ellectum
288 1880 385 1943 percipit
405 1892 506 1929 eausam.
517 1880 558 1930 llle
576 1892 630 1943 ergo
641 1878 724 1929 dicitur
736 1891 788 1927 esse
806 1879 871 1929 acuti
887 1894 967 1931 sensus

166 1947 225 1997 circa
241 1948 425 2011 intelligentiam,
441 1950 480 2013 qui
497 1951 575 1999 statim
589 1952 617 2000 ad
636 1948 842 2013 apprehensionem
863 1952 967 2016 proprie·

166 2017 275 2080 tulisset,
290 2020 405 2069 ueletiam
420 2021 525 2084 effeetus,
539 2025 642 2070 naturam
657 2019 690 2069 rei
705 2020 897 2083 comprehendit,
909 2025 933 2071 et
945 2022 967 2068 in

166 2092 275 2150 quantum
286 2103 357 2152 usque
371 2091 399 2139 ad
412 2090 518 2141 minimas
527 2090 670 2141 conditiones
682 2090 716 2140 rei
724 2090 908 2143 considerandas
919 2107 968 2156 per-

167 2158 242 2221 tingit.
260 2160 299 2209 llle
309 2164 384 2211 autem
402 2162 561 2212 diciturbebcs
574 2161 633 2211 circa
643 2160 825 2223 intelligentiam,
835 2163 879 2225 qui
893 2165 968 2213 adco-

166 2232 318 2289 gnoseendam
341 2232 459 2283 veritatem
481 2234 514 2282 rei
533 2233 662 2296 pertingere
685 2234 836 2296 neapoleo,
857 2234 907 2284 nisi
931 2247 969 2296 per

166 2298 237 2348 multa
254 2300 275 2349 si
293 2301 413 2365 exposita,
430 2306 453 2352 et
469 2307 523 2351 tunc
538 2303 609 2352 etiam
629 2315 674 2351 uon
694 2304 769 2365 potest
782 2302 920 2366 pertingere
941 2303 966 2350 ad

166 2368 265 2431 perlectd
275 2372 462 2422 considerandum
476 2373 616 2435 omniaque
626 2372 742 2435 pertinent
753 2372 826 2421 aid-rei
841 2375 967 2425 rationem.

166 2438 203 2487 Sic
215 2453 276 2503 ergo,
287 2442 400 2493 hebetudo
412 2456 494 2493 sensus
510 2442 570 2493 circa
582 2442 755 2506 intelligentiam
768 2442 881 2510 importat
888 2459 968 2509 quam·

166 2510 217 2559 dam
234 2512 371 2563 debilitatem
393 2516 476 2565 mentis
498 2515 558 2565 cirea
584 2514 785 2565 considerationem
812 2515 968 2577 spiritualium

200 2668 231 2732 (1)
252 2674 319 2717 Juxta
342 2674 522 2729 metaphoricam
542 2660 731 2731 significationem
755 2674 786 2717 ab
806 2676 888 2719 aeutie
914 2673 965 2719 terri

166 2740 280 2790 sumptam
290 2768 298 2794 ,
308 2734 345 2779 oui
362 2741 386 2779 et
397 2734 463 2780 belisa
474 2737 571 2794 serram
584 2737 717 2793 opponitur,
734 2736 796 2780 velut
813 2735 868 2781 acie
884 2746 968 2781 carens

166 2808 217 2851 qum
225 2796 359 2851 penetrandi
370 2797 416 2840 vim
427 2798 521 2843 babeat.
532 2799 591 2843 Hinc
599 2805 623 2843 et
631 2803 731 2843 uentum
740 2798 765 2841 iu
774 2798 865 2852 ametis
873 2807 968 2856 propter

166 2858 308 2913 intelligendi
322 2857 469 2903 subtilitatem
484 2860 606 2915 Dionysius
620 2862 692 2917 ponit.
