1992 3317
143 84 188 132 stt
260 91 370 130 secunus
384 89 511 143 securum,
524 90 617 136 unm.
635 92 712 139 cumr,
728 92 785 129 mr.
800 94 829 130 ιι.

143 171 202 231 Ergo
220 169 293 234 judex
307 171 398 232 peccet,
415 167 435 217 si
455 167 592 218 sententiam
607 168 665 217 ieret
683 168 813 218 secundom
833 168 934 232 stegen.

143 245 222 292 contra
236 238 400 290 conscientium
410 237 515 291 vertutis
527 252 596 302 quem
612 238 689 288 habet.

174 310 218 362 sed
227 313 363 371 contraest,
372 309 432 372 qnod
442 309 573 359 Ambrosius
583 308 640 359 dicit
654 311 736 374 (seper
750 310 850 360 Peatm.
864 313 938 360 «Beati

143 383 295 446 immaculati,
311 399 325 429 n
340 382 411 432 conc.
423 382 480 442 XX,
494 387 551 432 sect.
566 387 598 444 5,
612 381 673 431 circu
686 383 809 443 medinm)
823 399 831 432 :
848 401 863 431 u
874 385 936 432 murex

141 453 212 517 judex
226 453 281 503 nihil
294 466 323 503 ex
340 451 432 502 arbitrio
444 465 486 503 suo
500 450 571 515 tacit,
586 453 628 502 sed
639 451 767 502 emendum
781 454 848 516 teges
865 459 890 503 et
897 455 934 516 juo

143 523 282 586 pronuntiat.
303 539 317 570 »
332 523 376 573 Sed
390 523 434 571 troc
448 528 483 572 cst
492 522 596 586 judicare
619 523 745 573 secuunim
762 537 793 573 ea
806 539 861 588 qne
874 526 897 574 in
908 526 926 584 ju

144 593 202 645 ‹iicio
215 598 370 659 proponuntur
390 598 414 646 et
426 595 559 658 probantur.
573 595 634 657 Ergo
647 594 721 658 judex
738 595 811 645 (tebet
823 597 934 646 semodio

144 665 272 730 hujusmodi
283 664 401 728 judicare,
415 669 439 714 et
449 678 495 717 non
508 664 634 715 munuum
650 665 768 729 proprium
786 667 912 718 arbitrium.

178 739 335 800 (commuuio.
349 764 383 774 -
398 735 456 786 Cim
473 736 587 799 judicium
601 736 633 786 ad
647 737 740 799 judices
748 742 845 802 spectet
856 752 899 789 non
910 753 936 787 se

144 806 242 858 cuntium
254 806 380 871 privatum,
395 807 435 858 sed
446 806 560 872 pubiicum
573 809 720 871 petinam
730 813 828 871 opertet
840 811 934 874 conjun-

145 891 205 941 cnre,
223 891 271 930 non
283 878 407 929 secundnm
420 878 541 928 ventumm
554 891 623 942 qnam
637 877 682 941 ipsi
694 882 722 927 ut
734 893 845 942 persone
854 881 935 944 pn'ran·

146 954 269 1012 noverunt,
284 950 324 1000 sed
338 949 463 1000 secundnm
478 949 539 1012 qnod
554 949 611 1013 ipsis
622 953 650 997 ut
665 950 773 1013 personis
795 952 893 1014 puhlicis
904 966 934 1014 pe

145 1022 223 1103 teges,
233 1025 369 1102 perttestes,
383 1035 425 1086 per
443 1021 594 1071 instrumente
612 1024 638 1070 et
649 1033 691 1084 per
704 1020 807 1084 ultefflta
818 1028 844 1073 et
856 1024 937 1086 potui·

146 1092 313 1229 ηεῐὶιοᾚὲἓέἒ
326 1163 452 1224 dicendum,
468 1163 529 1228 quod
542 1163 603 1214 sicut
615 1161 700 1213 dimum
714 1166 751 1213 est
763 1163 825 1227 (ert.
835 1165 875 1228 t),
886 1165 938 1227 judi
962 1098 965 1205 yt

146 1248 197 1286 cure
214 1235 314 1299 pertinet
333 1235 360 1284 ad
379 1235 495 1298 judicem,
510 1233 635 1284 secundum
654 1232 717 1297 quod
730 1234 843 1298 iungitur
860 1236 938 1300 potiri

146 1306 366 1370 poenitentium
379 1305 495 1356 informari
508 1306 576 1356 debet
589 1306 747 1370 injudicando
757 1318 805 1357 non
822 1307 935 1358 sementis:

144 1377 168 1427 io
182 1378 241 1440 qnod
254 1376 303 1440 ipse
314 1377 379 1428 novit
388 1381 496 1446 unquam
504 1377 593 1440 privetu
602 1389 712 1440 pennum
726 1379 769 1428 esd
782 1377 908 1428 seeundum
920 1380 936 1425 in

144 1449 204 1512 quod
221 1447 264 1498 sibi
286 1447 410 1499 innotescit
425 1453 533 1512 tanquam
549 1461 655 1512 persone
676 1448 785 1508 publice.
801 1449 853 1500 Hoc
872 1455 937 1500 auten

145 1517 267 1571 innotescit
280 1519 325 1570 sibi
343 1523 367 1569 et
379 1519 404 1568 in
418 1520 535 1570 communi
548 1523 572 1570 et
589 1520 614 1569 in
627 1519 760 1583 particulari
773 1535 780 1568 ε
795 1520 822 1570 in
835 1534 938 1570 conmuni

146 1590 236 1656 quidem
248 1603 290 1654 per
303 1590 366 1654 leges
379 1589 496 1654 publices,
511 1592 550 1641 vet
566 1590 654 1641 divinus
671 1590 709 1640 rel
723 1591 856 1652 humanas,
869 1596 937 1642 conte

147 1675 204 1727 ques
217 1662 290 1712 nultos
307 1661 453 1725 probationes
466 1663 585 1714 admisere
594 1662 674 1724 denct3
688 1661 715 1710 in
726 1662 862 1724 particulari
875 1667 938 1712 eumn

148 1732 238 1797 negotio
251 1731 326 1797 aliquo
339 1747 380 1796 per
392 1731 543 1783 instrumente
553 1736 578 1783 et
588 1737 671 1792 testes,
682 1736 707 1782 et
716 1732 761 1782 ntia
771 1734 902 1796 hujusmodi
912 1734 937 1780 te·

148 1803 226 1868 gitim
239 1805 373 1856 documenta
381 1841 388 1864 ,
396 1817 447 1866 quae
459 1804 526 1854 debet
536 1803 600 1868 sepsi
614 1803 782 1868 injudicando,
793 1805 868 1868 magis
880 1805 939 1868 quin

148 1877 172 1928 id
185 1877 245 1941 quod
253 1878 303 1940 ipse
313 1876 377 1926 novit
387 1879 495 1940 unquam
507 1876 596 1939 private
605 1888 712 1939 persons.
724 1874 763 1924 Ex
772 1889 821 1939 quo
830 1881 906 1926 temen
916 1877 938 1922 ui

149 1948 193 1998 hoc
209 1947 312 2012 adjuvari
331 1950 421 2010 potest,
436 1950 462 1997 nt
480 1946 603 1997 districtius
624 1945 732 1996 discrutiet
751 1947 897 2010 probationes
912 1947 940 1993 in·

148 2019 243 2080 ductes,
258 2024 284 2068 ut
303 2018 376 2082 possit
394 2030 471 2068 earum
491 2018 606 2068 deiectum
618 2017 768 2080 mvesugme.
783 2018 853 2076 Quod
870 2019 892 2068 si
908 2031 940 2068 ees

148 2101 194 2138 nou
208 2089 280 2152 possit
296 2091 323 2139 de
336 2089 386 2152 jure
400 2089 522 2152 repellere,
537 2089 620 2152 debet,
636 2088 696 2138 sicut
708 2088 797 2138 dictum
810 2095 863 2153 est,
875 2090 940 2141 essin

145 2158 271 2224 judicando
281 2161 354 2224 nequi.
387 2189 391 2194 -

178 2231 212 2280 Ad
230 2230 329 2294 primum
347 2245 402 2295 ergo
416 2229 629 2293 pseudomenon
638 2231 691 2282 ideo
702 2232 852 2295 premittitur
866 2235 890 2283 in
905 2232 942 2280 iltis

147 2301 221 2351 verbis
234 2302 262 2350 dc
280 2301 407 2363 questione
425 2301 541 2364 judicibus
558 2300 664 2352 iacienda
669 2338 679 2365 ,
693 2309 719 2351 ut
735 2302 880 2367 intelligatur
890 2303 942 2366 quit

145 2371 246 2436 judicare
265 2373 348 2422 deiero
359 2373 447 2436 judices
464 2372 584 2422 vertutem
606 2371 730 2423 secundum
743 2386 773 2423 ea
789 2388 843 2436 qum
860 2375 943 2425 tuerint

147 2443 189 2492 sihi
201 2441 325 2506 proposita.

176 2515 347 2565 sesecundum
367 2515 506 2577 dicendum,
520 2515 580 2578 quio
602 2516 649 2566 lieo
662 2508 774 2578 competit
786 2517 891 2580 judicare
908 2529 944 2563 se-

147 2585 245 2638 cuononi
268 2587 382 2650 proprium
404 2590 548 2649 potestatem.
569 2588 597 2637 Et
618 2588 670 2637 idco
689 2587 858 2650 injudicando
878 2588 944 2636 iutur-

39 2651 42 2710 ζ
147 2660 221 2706 inetur
236 2657 359 2708 secundini
376 2657 495 2706 veritatem
509 2670 578 2718 quum
590 2659 641 2722 ipse
656 2658 787 2722 cognoscit,
804 2673 852 2710 nen
866 2671 943 2708 secun-

40 2717 42 2734 *
147 2725 199 2774 itum
213 2727 256 2776 hoc
274 2729 332 2790 qrnout
346 2725 432 2776 abaliis
443 2727 534 2789 accipit.
552 2729 580 2776 Et
594 2728 673 2778 endem
685 2729 742 2778 retic
754 2733 790 2780 est
804 2731 833 2780 tie
847 2729 943 2786 Cirriste,

146 2795 184 2852 qni
202 2801 235 2844 est
250 2811 318 2846 sertus
331 2799 389 2846 iteris
401 2801 423 2845 ct
435 2797 511 2847 honio.
529 2799 572 2847 olii
590 2804 665 2849 nutem
678 2799 769 2860 judicos
786 2813 833 2850 non
845 2799 944 2862 judicent
