1992 3317
344 203 375 241 ne
391 202 457 241 nono
471 198 578 243 nmoms.
815 194 858 247 stt

47 285 74 332 est
83 283 129 333 beo
145 292 199 335 non
216 278 320 345 subjici,
338 282 365 330 ut
375 278 489 344 possibilis
504 286 606 346 nature,
620 282 769 347 impossibilis
782 287 859 337 autem

46 352 192 417 beatitudini,
209 352 260 404 erit
274 352 300 401 in
312 352 397 415 patria.
411 352 439 403 lu
452 352 490 403 uia
504 357 581 405 antem
594 357 630 405 est
644 355 698 419 luga
710 356 783 421 hujus
795 356 859 421 mali,

45 427 65 473 ut
75 425 173 477 om'nino
196 422 330 489 possibilis.
344 424 374 473 ut
389 424 442 475 ideo
461 424 601 490 Gregorius,
614 428 684 477 xvn.
701 425 857 485 Moralium,

45 508 157 559 exponens
173 496 241 546 illud.
250 494 312 552 lod,
323 494 394 545 XXVI
409 510 414 544 :
429 512 443 543 «
453 496 568 567 Commne
581 498 632 549 cceli
645 498 824 551 contremiscunt
832 504 857 551 et

46 572 124 628 parent
143 570 176 619 ad
191 570 280 619 nutum
294 566 361 632 ejus,
376 584 391 615 »
411 567 483 617 dicit:
499 571 599 634 olpsae,
613 571 710 621 uirtutes
732 569 858 621 celestium

45 652 90 699 que
103 642 174 691 huuc
187 641 242 693 sine
255 639 383 702 cessatione
398 640 556 705 conspiciunt,
569 642 594 691 in
606 641 657 707 ipsa
665 642 859 706 contemplatione

45 713 241 763 contremiscunt.
258 712 303 762 Sed
318 711 380 763 idem
397 716 495 776 tremor,
506 726 537 764 ne
553 714 588 765 eis
601 714 698 778 penalis
712 713 757 776 sit,
768 727 816 765 non
828 714 859 765 ti-

46 783 112 834 monis
126 789 168 835 est
177 822 185 846 ,
194 785 238 836 sed
253 782 427 849 admirationis3
438 800 452 831 u
464 786 519 849 quia
528 786 615 837 scilicet
627 786 765 837 admirantur
776 788 857 852 Deum,

45 857 67 901 nt
86 868 164 919 supra
181 856 381 919 coexistentem,
399 858 423 907 et
441 857 476 908 eis
492 857 756 922 incomprehensibilem.
770 859 858 921 iupus-

45 925 111 977 tinus
125 928 199 977 etiam
216 929 278 979 xlv.
295 928 334 977 De
348 930 425 979 dicit.
444 931 494 979 Dei
507 932 579 993 (cap.
598 930 694 994 tt),hoe
713 931 780 981 modo
792 932 858 994 ponit

44 996 158 1049 timonem
170 998 196 1049 in
206 1000 288 1064 patria,
304 1000 411 1064 quamuis
420 1002 464 1053 hoc
481 1002 523 1052 sub
536 1001 606 1052 dnbio
619 1000 759 1064 derelinquat
775 1017 806 1051 :c
821 1001 860 1053 ui·

45 1082 103 1133 mor,
119 1072 218 1136 aequit.
228 1071 270 1123 ille
282 1073 362 1125 custus
371 1085 508 1136 permanens
519 1073 545 1123 in
556 1072 665 1124 seculum
676 1071 768 1133 mccli,
778 1074 799 1123 ei
815 1073 859 1125 erit

46 1141 68 1191 in
81 1144 164 1195 tuturo
176 1146 280 1209 seculo,
293 1156 341 1195 non
358 1144 401 1195 erit
412 1144 479 1196 timon
491 1148 608 1213 exterrens
621 1143 635 1195 b
648 1144 709 1194 malo
723 1144 785 1206 quod
798 1144 858 1193 acci·

47 1214 100 1267 dene
111 1220 205 1281 potest,
219 1217 262 1267 sed
275 1220 358 1269 lenem
371 1216 397 1267 in
409 1216 482 1279 bono,
494 1219 556 1281 qnod
572 1216 646 1267 amitti
660 1228 708 1267 non
717 1217 804 1279 potest.
816 1215 860 1267 Ubi

5 1310 8 1357 Ι
48 1286 108 1337 enim
122 1288 181 1339 boni
197 1288 278 1351 adepti
292 1300 356 1338 amor
373 1288 521 1339 immutabilis
534 1292 583 1351 est,
595 1287 709 1351 proiecto,
723 1287 744 1338 si
757 1286 801 1337 dici
815 1300 859 1351 po-

5 1391 7 1411 2
50 1356 104 1423 test,
122 1359 181 1409 mali
204 1358 307 1409 cavendi
322 1358 392 1410 timor
415 1370 509 1411 securum
525 1363 568 1409 cst.
586 1358 683 1411 'limeris
701 1358 785 1423 qnippe
801 1359 860 1409 casti

5 1450 8 1526 r
51 1428 144 1495 nomine
154 1444 185 1480 eu
200 1429 309 1481 uoluntas
319 1429 448 1493 significatu
460 1434 510 1494 est,
523 1444 568 1494 qua
580 1442 624 1481 uos
634 1443 729 1480 necesse
742 1429 786 1480 crit
797 1431 858 1481 nolle

51 1512 162 1565 peccare,
174 1500 199 1552 ct
213 1514 262 1551 non
275 1500 428 1553 sollicitudine
440 1501 594 1562 infirmitatis,
606 1514 635 1550 ne
651 1500 711 1551 torte
721 1515 857 1565 peccemus,

4 1582 7 1635 p
49 1572 89 1620 sed
108 1572 278 1635 tranquillitate
295 1572 412 1623 charitatis
425 1584 507 1623 uatem
525 1574 653 1637 peccatum.
673 1572 719 1621 dut
734 1571 755 1621 si
777 1571 860 1624 nulius

5 1638 7 1713 t
49 1642 152 1691 omnino
162 1643 250 1705 generis
259 1642 329 1694 timor
337 1642 371 1693 ibi
381 1654 433 1693 esse
442 1642 536 1707 poterit,
546 1642 578 1692 ita
591 1641 688 1693 tortasse
701 1642 769 1691 timor
778 1641 860 1693 inse-

3 1716 6 1758 t
49 1712 133 1763 culum
151 1714 220 1764 seculi
238 1713 315 1773 dictus
336 1716 372 1765 est
390 1725 541 1777 permanens,
554 1712 607 1777 quia
620 1711 801 1775 idpermunebit
812 1712 859 1774 qud

4 1780 6 1796 '¹
49 1781 121 1837 timor
135 1783 186 1848 ipse
199 1784 345 1849 perducit.»
625 1828 628 1833 .
752 1793 755 1798 ·

79 1856 116 1908 dd
137 1856 239 1921 primum
258 1856 462 1920 sigemundum,
476 1856 539 1921 qudd
557 1856 582 1906 in
600 1853 734 1906 accontus
751 1853 860 1918 predicta

50 1928 180 1981 excluditur
189 1926 287 1977 bbeetis
305 1926 374 1977 timor
387 1927 562 1979 sollicitudinem
575 1926 676 1986 babens,
687 1926 715 1976 de
727 1926 788 1975 malo
801 1939 859 1990 pre-
897 1924 902 1932 '

3 1976 6 2055 i
51 2010 154 2064 cauens3
173 2000 311 2051 nouantem
327 1998 396 2049 timor
412 2002 561 2062 secundent
573 1997 715 2061 Augustinus
734 1996 789 2048 dicit
803 1997 858 2062 (ubi

53 2071 150 2136 supre).

3 2140 4 2143 ’
80 2144 116 2193 dd
128 2143 258 2193 secuuduun
271 2140 407 2204 dicendum,
417 2142 478 2208 quod
489 2142 548 2193 sicut
560 2141 617 2194 dicit
624 2142 749 2206 Dionysius
758 2144 857 2206 cupill.

53 2212 88 2263 De
99 2214 185 2267 diur'a.
198 2217 287 2278 Nom„
303 2230 317 2263 u
331 2214 415 2267 Eadem
429 2218 452 2265 et
465 2213 548 2264 similia
559 2216 612 2265 suunt
624 2214 675 2264 Deo
689 2217 712 2263 et
725 2211 858 2277 dissimiliu3
896 2218 900 2227 '

54 2284 102 2337 hec
113 2286 210 2351 quidem
226 2286 355 2337 secundum
371 2285 542 2349 contingentem
559 2298 608 2337 non
619 2283 736 2335 imitabilis
748 2284 858 2337 imitatio-

54 2370 120 2419 nem,
135 2374 149 2404 »
164 2358 253 2421 idest,
269 2357 419 2420 inquantum
434 2357 561 2407 secundnm
573 2370 640 2407 suum
655 2370 727 2420 posse
741 2356 860 2407 imitantur

54 2428 190 2493 lteum,qui
203 2442 252 2479 non
263 2430 299 2480 ast
308 2427 410 2493 perfecte
423 2426 548 2478 imitabilis.
560 2428 639 2479 olleo
650 2429 727 2477 antem
735 2428 859 2478 meandum

54 2501 114 2562 qnod
128 2500 167 2550 hic
180 2503 274 2551 causata
284 2499 362 2549 minus
375 2500 474 2563 habent,
492 2498 587 2550 accusa
601 2496 699 2549 infinitis
711 2498 823 2549 mensuris
836 2502 860 2551 et

54 2570 271 2635 incomparabilibus
284 2570 423 2622 deficientia.
435 2588 449 2619 n
463 2572 584 2623 undamn
596 2573 700 2635 oportet,
712 2569 733 2622 ei
747 2571 797 2621 Deo
812 2582 859 2621 non

56 2642 164 2693 convenit
182 2642 270 2707 timor,
284 2642 339 2707 quis
356 2654 403 2693 non
421 2642 490 2693 habet
503 2642 644 2706 superiorem
664 2640 703 2691 cui
714 2640 859 2704 subjiciatur,

56 2711 118 2775 uubd
132 2718 224 2779 propter
238 2714 284 2765 troc
298 2726 346 2765 neu
365 2713 486 2765 conueniat
497 2713 584 2777 beatis,
599 2726 697 2777 quornm
708 2712 823 2763 beatitudo
833 2712 859 2762 in

57 2783 159 2847 perlecta
175 2786 320 2852 subjectione
336 2786 363 2836 ed
376 2786 448 2837 iteum
461 2784 571 2837 consistit.

88 2856 121 2907 Ad
132 2858 227 2909 tertium
238 2857 376 2921 dicendum,
390 2858 451 2921 quod
465 2853 520 2923 spes'
531 2856 639 2922 importat
648 2855 771 2920 mendam
784 2854 860 2903 delec-

3 2906 5 2954 *
59 2930 120 2995 tun,
133 2928 223 2985 abiot
232 2928 393 2985 tuturitionem
406 2927 567 2997 beatitudiuis,
583 2941 634 2997 que
645 2926 734 2983 tollitur
752 2934 793 2991 per
807 2920 860 2983 ojus

4 2967 8 3096 ἓ
