1992 3317
296 115 298 122 .
327 83 363 128 os
379 86 570 133 wwnrsrsoss.
803 79 849 135 tit

14 167 45 220 ei
62 165 194 220 detractio
216 166 332 232 displiceat
352 181 393 231 per
407 167 522 220 tristitiam
541 166 622 231 tanim
637 167 706 231 pun,
720 170 748 218 ui
766 167 851 219 dicitur

16 239 182 300 Proverd„
200 239 277 302 XXV,
294 243 403 290 euentus
421 240 497 303 aquilo
512 239 607 304 dissipat
619 239 722 304 pluuias,
736 242 760 292 et
777 240 852 292 iustis

15 311 152 375 linguam
166 311 355 362 detrahentem.»

61 383 111 434 sd
123 382 220 433 tertium
230 382 364 448 dicendum,
374 384 435 448 quod
443 383 531 435 utilitas
541 397 592 448 que
605 397 635 434 ex
646 383 785 435 detractione
796 397 851 447 pro·

21 453 127 518 venit,
142 468 192 505 non
209 458 245 506 est
257 469 287 506 er
301 455 429 508 intentione
445 455 598 518 detrahentis,
612 457 653 507 sed
666 469 696 506 ex
707 455 749 506 liei
761 454 851 506 ordina

21 527 121 590 tione,
137 526 180 592 qui
193 540 223 577 ex
236 527 336 592 cundoet
348 528 407 580 malo
418 527 478 578 eiicit
491 528 584 578 honum.
600 527 629 577 iit
639 527 691 578 idco
703 526 852 578 nihilominus

23 603 70 649 est
86 599 266 650 detractoribus
276 600 444 662 resistendum,
459 599 519 649 sient
528 603 552 650 et
565 598 692 664 raptoribus
703 598 740 650 uel
757 611 852 662 oppres·

24 670 140 720 sonibus
163 669 272 729 alioruin,
291 671 395 733 quamvis
410 685 439 722 er
452 672 496 722 hoc
510 669 625 735 oppressis
640 669 679 720 vel
688 668 791 734 spoliatis
811 683 852 732 per

24 739 186 804 patientiam
206 741 311 792 meritum
325 746 419 794 crescat.
699 771 702 777 ,

297 1087 463 1159 QUAESTIO
482 1087 620 1153 LXXIV.

159 1231 195 1278 De
208 1234 393 1282 aasorrote'ooe,
406 1233 435 1276 s'o
448 1231 508 1277 door
521 1231 640 1278 articulos
653 1229 744 1276 diuiso.

69 1383 168 1436 Deinde
182 1382 372 1434 considerandum
387 1385 422 1432 est
435 1381 463 1432 de
473 1381 632 1432 susurratione.
750 1427 755 1436 ,

69 1456 105 1506 Et
121 1453 187 1506 eirca
201 1455 248 1504 hoe
261 1457 393 1518 quaeruntur
406 1453 468 1504 dun:
483 1457 510 1502 1⁰
523 1451 604 1502 Uirium
619 1452 743 1503 susurratio
757 1452 788 1502 sit
800 1465 853 1516 pcc·

35 1531 121 1578 catum
137 1525 274 1577 distinctum
287 1524 300 1574 Ι
314 1524 458 1575 detractione.
471 1529 497 1574 2⁰
512 1524 576 1583 Quod
589 1525 670 1573 horum
682 1522 711 1573 sit
724 1522 826 1585 ponus.

359 1701 518 1752 sentenciis
533 1703 552 1751 i.

58 1835 156 1880 Uir-ism
172 1830 313 1878 susurratio
328 1829 361 1873 sii
376 1831 496 1886 motum
516 1825 838 1871 distinctamddetroctiooe.

24 2001 35 2014 .
72 1962 110 2011 Ad
135 1959 235 2023 primunr
250 1955 285 2006 sic
299 1954 434 2018 proceditur.
450 1953 542 2002 Videtur
552 1951 613 2015 quod
626 1951 748 2002 susurratio
761 1963 808 2000 non
820 1950 851 2000 sit

41 2036 172 2096 percum
186 2027 318 2080 distinctum
332 2025 505 2075 inctructione.
519 2024 579 2073 Dicit
587 2023 649 2074 enim
661 2022 760 2074 isidorus
774 2021 800 2072 iu
812 2022 852 2072 ΙΙΙ).

42 2102 166 2168 Eryman.
185 2101 238 2165 (1):
257 2116 271 2148 o
285 2098 380 2148 Susurro
397 2097 424 2146 de
439 2109 495 2146 sono
511 2094 631 2145 locutionis
648 2093 787 2157 appellator,
802 2093 855 2156 quia

42 2187 90 2226 nou
105 2175 134 2226 in
146 2173 207 2224 iacis
222 2170 334 2232 aiicujus,
349 2169 390 2218 sed
404 2168 427 2220 in
441 2179 495 2216 aure
508 2166 607 2230 loquitur
621 2165 769 2216 detrahendo.
780 2180 795 2211 o
808 2164 854 2214 Sed

43 2245 108 2311 loqui
121 2247 154 2296 de
174 2245 248 2294 aliero
267 2239 417 2301 detrahendo,
439 2239 466 2288 ad
487 2235 647 2286 detractionem
669 2234 776 2299 pertinet.
792 2235 853 2297 Ergo

45 2317 178 2368 susurratio
190 2316 286 2365 nonest
301 2314 418 2374 peccaturo
428 2308 561 2359 distinctum
572 2306 740 2357 distractione.

76 2393 101 2438 2.
119 2389 253 2447 Praeterea,
269 2383 365 2436 Leon..-
377 2381 440 2442 ΙΙΙΙΙ,
455 2379 537 2430 dicitur
551 2395 558 2430 2
573 2395 587 2425 n
600 2378 651 2427 Non
664 2377 709 2428 eris
724 2377 854 2427 nominator

45 2473 90 2510 neo
104 2472 205 2512 suanno
219 2457 245 2506 in
260 2453 360 2519 populis.
381 2469 394 2498 rr
413 2451 457 2500 Sed
471 2450 600 2500 criminator
618 2448 678 2498 idem
698 2447 787 2497 uidetur
802 2459 854 2497 esse

47 2532 109 2592 quod
121 2532 257 2590 detractor;
268 2526 324 2586 Ergo
333 2523 399 2572 eiiam
411 2520 533 2570 susurratio
542 2520 555 2569 Ι
565 2519 704 2570 detractione
716 2531 760 2569 non
770 2516 852 2567 differt.

84 2606 107 2653 ³.
124 2603 263 2661 Praeterea,
280 2593 380 2650 derlee,
396 2591 492 2652 xxvii,
508 2590 609 2640 dicitur:
627 2607 640 2638 o
656 2591 751 2639 susurro
775 2591 798 2637 et
822 2587 857 2636 bi-

80 2772 116 2833 (1)
131 2770 181 2818 Vei
196 2766 313 2823 osopio,
326 2763 368 2808 iiis.
381 2763 413 2819 X,
428 2772 480 2815 cap.
491 2759 522 2804 18
532 2771 574 2804 sen
585 2759 621 2806 in.
635 2762 665 2817 S,
676 2758 744 2814 qnasi
758 2757 856 2802 absone

49 2836 85 2884 uei
95 2833 208 2882 immisso
222 2831 246 2876 in
257 2839 338 2874 aurern
352 2835 410 2871 sono
420 2823 508 2870 dictum
523 2827 596 2880 putet.
