1992 3317
363 187 393 224 ns
409 185 575 226 samosatae.
824 179 870 227 saa

71 264 218 328 eleemosyna
239 260 343 313 iacienda
360 263 388 313 de
405 263 549 314 necessariis.
564 263 599 314 Ex
616 266 680 328 parte
697 263 752 316 rerd
769 264 821 330 ejus
834 266 871 316 oui

71 335 152 397 datur,
167 337 202 384 est
216 333 336 385 abundans
349 334 493 401 eleemosyna
507 335 635 400 duplioiler.
654 337 704 387 Uno
717 338 798 401 modo,
811 338 871 401 quod

70 407 179 470 suppleat
198 405 341 458 sufficienter
358 407 409 472 ejus
425 405 588 472 indigentiam
608 411 632 458 et
648 407 682 458 sie
703 407 814 459 laudabile
835 411 872 460 est

70 477 216 528 abundanter
228 478 396 542 eleemosynam
405 477 512 529 tribuere.
524 478 574 529 Alio
584 479 660 543 modo,
670 483 697 530 ut
704 481 871 544 superabundet

71 549 266 614 superfluitatem
278 554 302 602 et
314 551 358 601 bon
368 563 415 602 non
428 554 462 601 eet
479 551 607 614 laudabile,
620 551 662 602 sed
677 551 759 603 melias
771 555 808 602 est
821 553 872 616 plu·

71 621 134 672 ribus
154 619 309 684 indigentibus
331 621 431 684 elargiri.
449 622 513 673 Unde
531 626 554 673 et
571 623 690 688 Apostolus
706 624 783 674 dieii:
802 625 812 673 l
835 625 872 674 oei

72 694 143 752 Cor„
153 693 206 743 lllll
217 708 249 742 :e
265 692 290 742 Si
300 691 436 744 distribuero
446 693 470 743 in
480 693 544 744 eibos
553 707 689 758 pauperum.
702 711 717 742 ιι
733 695 777 747 Ubi
789 696 870 748 eloam

71 763 126 816 dicit
141 779 148 813 ε
164 781 178 812 u
194 765 238 813 Per
255 764 299 814 boo
315 765 402 814 cautela
415 765 567 830 eleemosynae
586 766 693 830 docetur,
707 770 733 816 nt
750 779 798 816 non
813 766 868 830 uni,

71 837 112 888 sed
125 835 203 886 mullis
218 836 289 898 detur,
306 839 331 887 nt
344 835 446 901 pluribus
458 837 563 901 prosit.»

103 907 138 959 ld
158 907 256 972 primum
278 907 483 970 emoliendum,
502 907 562 971 qudd
577 906 636 958 ratio
660 908 701 958 iila
719 908 822 972 procedit
841 909 872 962 de

72 979 210 1032 abnndantia
230 980 424 1044 superemmens
444 980 602 1033 necessitatem
622 980 755 1045 recipientis
772 981 871 1034 eleemo

72 1065 161 1118 synam

103 1123 138 1174 Ad
159 1123 285 1173 secundum
299 1121 436 1186 dicendum,
454 1122 516 1188 qudd
528 1121 651 1174 auotoritas
668 1122 706 1172 illa
729 1121 828 1186 loquitur
843 1124 872 1176 de

72 1194 212 1246 abundantia
228 1195 380 1259 eleemosynae
399 1207 427 1246 er
449 1198 514 1260 parte
534 1195 620 1245 dantis.
635 1194 680 1245 Sed
698 1193 871 1257 intelligendum

72 1270 125 1329 est,
140 1265 201 1330 qudd
222 1267 282 1316 llens
296 1279 342 1318 non
355 1266 404 1316 uult
418 1265 486 1316 simul
505 1266 592 1317 eiinndi
608 1279 688 1317 omnes
704 1278 776 1330 opes,
791 1266 836 1317 nisi
849 1265 873 1317 in

71 1336 199 1390 mutatione
216 1340 297 1386 status.
318 1337 380 1387 Unde
396 1337 471 1388 subdit
489 1337 521 1387 ibi
536 1354 542 1388 ε
558 1355 573 1387 ι
590 1337 639 1388 Nisi
657 1336 728 1399 torte,
741 1341 768 1387 ut
781 1337 874 1389 Eliseus

72 1410 144 1460 boues
162 1420 217 1458 auos
229 1407 327 1469 oceidit,
345 1411 368 1458 et
382 1409 445 1474 pauit
458 1423 570 1474 pauperes
583 1422 612 1459 ex
624 1421 652 1459 eo
666 1410 726 1474 quod
740 1409 833 1472 babuit,
848 1415 873 1460 ιι

72 1479 135 1532 nulla
149 1491 203 1530 eura
220 1480 344 1532 domestica
357 1483 480 1532 teneretur.
497 1497 512 1529 ι)

106 1552 140 1602 lid
152 1552 243 1602 tertium
260 1551 392 1616 dicendum,
407 1552 466 1617 qudd
485 1553 608 1604 auotoritas
615 1551 708 1602 inducta
723 1554 832 1616 qnantum
845 1554 873 1603 ad

73 1625 119 1674 boe
136 1623 196 1688 qnod
210 1623 279 1674 dicit:
292 1640 305 1671 a
315 1623 365 1675 Nnn
380 1628 406 1674 nt
416 1622 466 1674 aliis
479 1624 510 1674 sit
521 1623 635 1684 remissio,
647 1623 685 1674 uel
698 1623 871 1687 refrigerium»

73 1695 174 1760 loquitur
186 1696 215 1748 de
228 1695 364 1748 abundantia
377 1697 541 1761 eleemosynae,
558 1709 610 1759 quae
624 1694 781 1758 superereedit
794 1707 872 1746 nense

73 1768 166 1822 sitalem
189 1767 335 1832 recipientis,
348 1769 385 1818 eui
400 1779 446 1820 uon
466 1773 503 1818 est
520 1769 594 1819 danda
612 1767 757 1831 eleemosyna
775 1769 801 1815 ut
820 1766 874 1817 iude

72 1839 209 1903 luxurietur,
218 1840 259 1890 sed
275 1843 300 1889 ul
313 1839 365 1891 iude
379 1843 527 1890 sustentetur.
535 1840 599 1891 Cinea
615 1839 676 1902 qnod
690 1842 766 1888 tamen
776 1840 813 1890 est
827 1837 874 1888 dis·

73 1911 146 1963 cretio
155 1910 291 1974 adhibenda,
308 1915 399 1976 propter
412 1910 514 1961 diuersas
526 1910 669 1962 nouditioues
678 1908 804 1972 hominunm
817 1922 874 1974 qno-

73 1999 125 2036 rum
139 1983 231 2048 quidam
252 1983 372 2036 delieatiins
388 1983 485 2046 nutriti,
499 1983 603 2047 indigent
616 1982 689 2045 magis
702 1981 874 2034 detineatscitis

73 2061 115 2108 aut
129 2057 241 2107 uestibus.
257 2057 321 2109 Unde
335 2055 467 2107 lambmsins
482 2055 537 2106 dicit
543 2056 572 2106 in
584 2055 623 2106 lib.
635 2059 670 2104 De
679 2055 753 2119 ostie.
764 2053 817 2114 tubi
833 2068 873 2107 an·

73 2129 132 2194 pri)
149 2143 155 2180 ι
172 2127 365 2180 «Consideranda
381 2131 417 2180 est
429 2127 453 2179 iu
466 2127 581 2192 largiendo
596 2131 652 2180 etas
668 2131 737 2190 atque
754 2125 872 2190 debilitas;

73 2213 238 2264 nunnunquam
252 2199 320 2250 etiam
333 2200 484 2261 uerecundia,
497 2213 550 2264 qnae
565 2199 676 2263 ingenuos
688 2198 762 2264 prodit
775 2198 872 2261 nalales;

73 2274 114 2323 ant
134 2272 155 2322 si
170 2271 223 2336 quis
239 2285 268 2322 ex
284 2271 369 2322 diuitiis
380 2273 405 2322 in
417 2276 543 2336 egestatem
555 2272 636 2322 meidit
648 2270 698 2322 siue
713 2268 769 2319 uitio
790 2282 840 2320 sno.
857 2285 872 2316 u

72 2344 189 2403 Quantum
209 2343 262 2396 verb
275 2345 303 2394 ed
320 2343 344 2394 id
357 2343 418 2407 mund
432 2343 555 2394 subditur:
572 2341 667 2392 «Vobis
686 2345 762 2392 antem
779 2340 873 2390 tribula·

72 2414 139 2478 tio,»
152 2414 253 2479 loquitur
262 2415 289 2464 de
299 2413 457 2464 abundantio
467 2427 495 2464 ex
505 2417 569 2478 parte
580 2412 662 2464 dantis.
670 2412 715 2463 Sed
724 2412 783 2462 nient
793 2412 875 2464 illoesa

71 2487 158 2539 ibidem
176 2485 233 2538 dicit
246 2501 253 2536 :
267 2502 281 2534 ι
292 2499 337 2537 ιιι
350 2488 395 2537 bon
408 2485 458 2538 ideo
471 2486 527 2537 dicit
536 2485 591 2550 quin
607 2485 691 2535 melium
699 2487 761 2534 esset
770 2485 779 2545 i
789 2483 875 2534 stibret

71 2558 214 2609 abundanter
224 2558 307 2622 darel;
322 2560 361 2609 sed
373 2557 469 2609 intirmis
483 2557 565 2620 timet,
579 2569 637 2622 quos
651 2555 685 2607 sin
694 2555 749 2607 dare
760 2557 837 2607 monet
848 2556 874 2605 ut

72 2634 200 2698 egestatem
210 2643 256 2684 non
269 2630 390 2696 patiantur.
404 2646 418 2680 u
