1992 3317
332 149 373 186 nc
388 149 492 188 suuncio.
771 139 816 186 829

54 223 125 276 ninnem
141 223 165 274 de
183 225 251 288 aliquo
266 223 325 276 malo
347 224 439 276 homine
447 263 457 290 ,
469 238 537 290 quam
554 226 616 291 qued
636 225 709 276 rarius
729 224 820 275 salutm

50 297 120 347 liabens
128 297 197 346 malam
208 296 340 360 opinionem
356 297 382 346 de
393 297 468 362 alique
479 299 573 349 immine
585 299 660 362 bcu03
673 297 727 362 qnia
736 309 766 347 ex
776 297 819 347 nce

49 367 67 415 lt
78 367 151 432 injuria
162 367 234 431 alieni,
250 381 297 418 nnn
311 371 388 418 autem
401 381 430 418 cx
441 368 524 432 primo.

70 440 97 489 ll
111 439 221 489 seeundum
233 438 369 497 dicendum,
388 439 448 502 quiid
462 439 570 490 alludent
582 438 683 504 judicare
699 441 727 492 de
741 441 820 501 rebus,

44 511 61 556 et
70 509 122 559 aliud
134 511 159 560 dc
171 509 305 560 hominibus.
318 510 343 558 ln
356 509 442 574 judicic
455 511 518 560 enim
532 511 557 560 in
572 524 618 574 quc
631 511 660 562 de
673 513 741 564 rebus
756 511 821 576 judi.

43 592 118 644 camus,
130 593 170 632 nnn
183 580 300 631 attenditur
312 579 398 631 bonum
411 581 449 630 ret
469 582 555 632 malum
569 595 598 632 ex
614 585 677 646 parte
692 582 765 648 ipsius
786 583 821 634 rei

40 651 62 700 le
76 665 116 716 qua
130 652 246 716 judicamus
257 670 263 715 3
274 651 328 716 qnia
340 647 397 701 ninii
410 656 476 703 nocet
485 652 676 717 qualitercumque
687 655 816 719 judicemus

40 723 61 771 le
73 725 131 788 ipsa,
144 723 179 774 ced
195 723 314 774 attenditur
331 723 362 774 ibi
384 723 456 775 selum
476 725 562 775 benum
578 724 700 788 judicantis
723 725 743 777 si
760 737 814 776 vere

39 794 127 856 judicet,
137 795 171 845 vel
178 796 255 845 malum
264 794 284 846 si
295 795 366 859 lals0;
378 795 430 858 quia
440 811 528 846 nerum
538 800 575 847 est
583 797 666 849 nonum
675 798 818 858 intellectus,

39 866 123 915 (cluam
140 869 209 916 autem
233 869 267 917 est
284 867 369 916 malunt
384 865 471 930 ipsius,
489 872 515 916 ut
534 867 616 917 dicitnr
636 866 659 916 in
679 869 709 918 Vl
732 867 818 918 nette.

39 937 40 942 ’
51 950 95 1000 cap.
112 937 157 1000 al:
168 940 189 987 et
197 937 245 988 ideo
255 938 410 1002 unusquisque
420 939 487 988 debet
497 938 541 988 niti
549 940 577 989 ad
586 941 630 990 hnc
639 937 699 1001 qued
711 941 738 989 de
749 940 820 988 rebus

43 1008 110 1059 edicet
124 1009 240 1060 secundum
252 1011 310 1074 quud
322 1013 385 1060 sunt.
400 1011 442 1060 Sed
456 1011 481 1059 in
493 1011 581 1074 judicio
594 1024 639 1074 qno
649 1010 777 1074 judicamus
789 1010 817 1060 de

39 1080 170 1142 inminibus,
180 1080 289 1144 precipue
302 1081 424 1131 attenditur
435 1082 519 1132 bonum
529 1082 645 1132 etmalum
655 1084 756 1145 exparte
766 1081 819 1144 ejus

39 1152 53 1199 le
67 1165 110 1215 qno
124 1152 243 1216 judicatum
259 1153 307 1216 qui·
317 1153 340 1202 in
360 1155 404 1204 linc
422 1153 471 1218 ipen
487 1154 628 1205 hunembilis
643 1154 739 1203 habetur
759 1150 820 1215 qued

41 1236 95 1273 ninus
109 1222 228 1287 judicatur,
243 1227 265 1274 et
278 1224 458 1290 contemptibilis
472 1225 492 1275 si
500 1225 615 1289 judicetur
627 1224 708 1275 namne.
724 1225 753 1273 nt
765 1222 818 1273 iden

39 1296 51 1342 rt
68 1297 111 1346 hcc
122 1295 196 1359 potius
205 1296 297 1346 tendere
308 1297 414 1346 debemus
425 1296 450 1346 in
463 1296 504 1347 tali
518 1297 615 1360 judicic,
629 1295 690 1362 qnid
703 1295 820 1345 hominem

42 1367 151 1416 ilicemus
160 1367 249 1430 benum,
261 1367 305 1418 nisi
320 1368 440 1418 manifesta
449 1368 506 1418 ratio
520 1369 544 1418 in
554 1368 689 1418 eontrarium
700 1369 817 1432 appareat.

39 1439 65 1486 isi
76 1441 153 1488 autem
162 1438 245 1488 homini
257 1438 382 1503 judicanti,
391 1439 471 1489 salsum
481 1438 594 1503 judicium
607 1452 652 1503 qino
662 1437 720 1489 bene
732 1438 820 1501 judicat

39 1511 112 1572 cantic,
122 1521 169 1560 nnn
182 1509 277 1573 pertinet
286 1510 313 1560 erl
327 1511 411 1560 malum
423 1511 553 1561 intellectus
562 1511 636 1574 ipsius
649 1509 724 1574 (sicut
736 1523 779 1560 nec
793 1511 821 1559 ad

42 1597 70 1632 ns
85 1582 245 1646 perfectionem
258 1583 358 1646 pertinet
368 1583 492 1634 secundnm
503 1577 684 1646 recognoscere
698 1580 818 1631 veritatem

39 1651 168 1716 ngularium
183 1651 399 1719 contingentium),
417 1653 458 1704 sed
474 1653 547 1717 magis
570 1653 669 1717 pertinet
687 1652 716 1702 ad
735 1651 821 1701 bcnnm

39 1726 135 1774 lectum.

42 1798 81 1846 Ad
94 1795 188 1846 tertium
204 1796 339 1860 dicendum,
355 1795 415 1860 quid
428 1795 572 1860 interpretari
586 1793 670 1858 aliquid
688 1793 714 1844 iu
724 1792 822 1844 deterio-

39 1884 58 1917 τι
76 1868 114 1920 vel
125 1867 243 1918 meliorem
256 1870 343 1932 partem
359 1869 469 1934 contingit
479 1867 600 1932 dupliciter
610 1882 616 1916 ε
628 1879 675 1916 nno
686 1865 763 1928 mode,
780 1878 825 1928 per
913 1883 916 1887 ’

41 1944 137 1993 amdam
147 1941 343 2006 suppositionem
358 1945 380 1992 et
391 1939 498 2003 siacum
515 1940 622 1991 debemus
631 1938 746 2002 aliquibus
756 1937 822 1988 malis

39 2015 123 2063 ninere
147 2013 289 2076 remedium,
307 2012 356 2064 siue
374 2013 470 2076 nestris,
491 2012 540 2062 sive
554 2011 647 2071 alienis,
666 2008 774 2073 expedit,
793 2010 822 2060 acl

39 2101 51 2135 c
71 2089 99 2135 ut
111 2083 219 2134 securius
232 2085 332 2135 medium
347 2089 482 2150 apponatur,
497 2083 557 2148 qnid
572 2085 713 2146 supponatur
725 2081 748 2131 id
761 2081 822 2144 quon

59 2156 182 2218 deterius;
199 2156 254 2219 quia
272 2156 396 2208 remedium
416 2157 475 2221 quod
495 2159 530 2206 est
547 2155 629 2205 elticax
648 2157 726 2204 eontra
748 2152 823 2216 maius

40 2232 114 2289 lum,
129 2227 207 2276 multo
228 2227 300 2291 mame
321 2233 355 2278 est
372 2227 452 2279 elflear
471 2231 549 2278 centra
564 2225 640 2275 minus
656 2225 750 2274 malum.
775 2223 824 2273 ltin

42 2305 95 2363 ric,
111 2299 294 2363 interpretamur
308 2300 390 2364 aliquid
404 2302 431 2350 ad
442 2301 527 2351 benum
541 2297 577 2348 vel
588 2296 682 2357 malum,
691 2293 823 2346 diffiniendo

39 2389 48 2422 e
69 2372 272 2436 determinaud03
292 2376 315 2423 et
333 2373 365 2422 sic
378 2372 402 2420 in
416 2385 491 2422 rernm
504 2368 589 2434 judicic
602 2368 669 2418 debet
682 2366 763 2430 aliquis
781 2364 824 2415 niti

40 2448 96 2494 hoc
108 2447 137 2492 ut
148 2443 315 2506 interpretetur
324 2443 498 2508 unumquodque
510 2480 517 2503 ‚
531 2440 656 2490 secundum
670 2439 728 2502 qued
739 2440 786 2499 est;
799 2435 825 2484 in

39 2517 92 2567 icio
111 2519 194 2566 antem
208 2529 373 2580 personarum,
390 2519 416 2566 ut
430 2513 591 2578 interpretetur
607 2510 631 2560 in
655 2509 752 2572 melius,
767 2507 826 2558 sicut

39 2601 91 2639 um
111 2589 162 2638 est.
