1992 3317
148 181 177 227 tlt
283 184 358 224 rarus
371 184 498 235 siconem,
512 184 602 231 ounsr.
618 184 687 230 cura,
700 182 754 223 Aur.
770 172 808 223 ur:

178 267 212 317 Aul
222 264 320 329 primum
335 274 389 324 ergo
406 259 540 323 uiroumm,
554 259 614 324 qood
626 262 686 309 Dens
697 260 811 311 ordinauit
823 262 947 315 humanam

147 342 249 390 naturam
266 336 295 385 aul
310 334 380 383 tinem
395 332 448 382 uilae
468 335 558 382 aeternae
574 332 770 395 consequendum,
790 346 837 385 non
854 337 948 399 propria

147 410 244 469 vineto,
261 407 301 457 seal
317 417 357 468 per
375 403 486 453 auxilium
505 402 582 465 gralia
601 418 606 451 z
622 406 645 453 et
664 404 708 454 hoo
725 404 793 455 modo
810 404 862 469 ejus
883 411 949 457 artus

146 482 284 545 potestesse
298 473 427 526 meritorius
446 473 498 526 uite
519 477 620 525 eternae.

178 551 211 601 Ad
225 548 348 600 secundnm
359 544 493 608 dicendum,
507 544 568 610 qu'oi
581 546 650 597 homo
661 545 709 597 sine
724 544 796 610 gratia
809 560 856 599 non
868 550 950 611 potest

147 624 229 673 trabere
243 619 329 682 aequne
338 630 396 680 opus
406 617 469 680 operi
481 617 543 681 qnod
551 630 579 667 ex
589 617 658 681 gratia
669 618 785 681 procedit,
796 618 850 681 quia
860 622 949 682 quanto

147 698 182 744 est
194 690 318 756 pollentius
333 688 471 753 principium
488 688 595 751 actionis,
610 688 673 739 tanto
692 693 726 739 est
740 688 862 753 perfectior
874 693 948 742 aetio.

148 765 284 828 soporetm
305 763 380 810 antem
406 760 482 823 ratio,
506 760 624 824 supposita
656 760 783 829 aequalitate
807 761 951 825 operationis

149 836 276 898 utrobique.

180 907 213 955 Ad
229 903 319 955 tertium
330 902 460 965 dicendum,
475 900 534 966 quod
549 905 658 965 quantum
674 904 702 953 erl
721 904 817 965 primam
833 905 947 961 rationem

148 975 260 1027 inductam
270 974 409 1025 dissimiliter
419 987 444 1023 se
455 972 525 1023 trahet
534 972 558 1025 in
570 976 616 1024 lieo
628 978 650 1024 et
658 972 682 1023 iu
694 974 800 1037 homine;
813 988 866 1026 narn
878 978 949 1028 homo

150 1060 240 1098 omnem
254 1045 361 1096 uirtutem
381 1043 440 1095 beni
457 1044 555 1095 laeieudi
570 1044 639 1096 trahet
658 1044 671 1095 'a
691 1046 750 1104 Deo,
765 1058 811 1095 non
829 1050 950 1099 aeternali

149 1118 241 1169 laomiue
256 1134 261 1167 :
278 1119 301 1168 et
316 1118 368 1166 ideo
382 1114 452 1165 ilion
471 1128 517 1165 non
535 1120 609 1179 potest
625 1118 693 1167 homo
706 1114 790 1179 aliquid
803 1118 886 1167 maerori
904 1119 952 1168 uisi

150 1203 190 1253 per
201 1191 285 1240 donum
300 1188 363 1251 ejus,
377 1188 437 1251 quod
452 1187 573 1249 Apostolus
587 1186 701 1249 signanter
712 1186 834 1250 exprimit,
848 1188 949 1240 Aloeus:

150 1262 227 1319 «Quis
240 1261 301 1324 prior
318 1259 381 1309 dedit
401 1258 437 1317 ei,
452 1261 475 1308 et
494 1257 628 1309 retribuetur
646 1258 724 1307 illitu
745 1258 788 1308 Sed
808 1260 837 1309 alr
857 1262 952 1313 homine

148 1324 223 1397 potest
235 1331 286 1394 quis
297 1326 379 1379 mereri
392 1331 513 1391 antequam
527 1328 555 1377 ab
572 1342 599 1379 eo
613 1329 734 1393 aooeperit,
748 1342 788 1392 per
802 1329 823 1381 id
837 1333 899 1394 qnod
910 1347 953 1382 ae-

149 1400 233 1465 oeplti
246 1400 302 1450 lieo.
315 1399 359 1448 Sed
372 1399 523 1461 quantumst
537 1400 658 1449 secumdam
669 1399 779 1449 rationem
793 1404 908 1465 sumptam
922 1417 952 1453 ex

151 1471 313 1536 impedimento
331 1469 434 1533 pernati,
450 1469 523 1521 simile
545 1473 578 1519 est
592 1470 620 1519 de
637 1468 729 1519 homine
743 1472 766 1519 et
780 1470 807 1520 de
821 1470 882 1533 lieo,
898 1475 953 1536 qnia

149 1542 219 1592 etiam
235 1543 307 1592 Aomo
320 1540 348 1589 alr
367 1539 411 1590 atio
429 1540 511 1590 mereri
531 1554 578 1591 non
596 1542 671 1603 potest
687 1536 753 1603 ouem
775 1539 885 1607 offendit,
906 1544 952 1595 uisi

150 1610 214 1678 priis
231 1611 253 1663 ei
269 1611 408 1662 satisfaciens
425 1609 592 1663 reconcilietur.

441 1780 601 1831 Attulctiins
617 1782 654 1831 lll.

196 1898 281 1943 Utinm
290 1898 359 1942 teneo
368 1896 393 1940 iu
404 1897 483 1953 pretio
498 1896 641 1941 constitutus
654 1898 725 1953 possit
736 1898 824 1943 maerori
834 1900 913 1947 vitator

405 1962 517 2003 arternum
527 1970 556 2002 eor
572 1959 696 2016 coodipno.

185 2076 326 2127 Aumatium
344 2075 377 2126 sio
398 2075 535 2138 proceditur.
561 2076 655 2125 llilletnr
671 2075 731 2139 qnod
746 2076 814 2127 lromo
838 2076 862 2127 io
883 2079 952 2143 gratia

155 2147 291 2198 constitutus
310 2160 356 2197 non
373 2147 446 2209 possit
462 2146 543 2197 ulmeri
563 2146 631 2195 uitam
653 2150 761 2197 aternam
783 2159 814 2196 ox
829 2150 953 2213 condigno.

154 2218 212 2268 Dicit
225 2218 286 2268 euim
300 2218 434 2281 Apostolus,
450 2216 485 2265 ud
498 2218 580 2271 Rom„
597 2217 662 2266 lllll:
676 2234 690 2265 u
702 2219 752 2267 Non
768 2222 820 2267 snut
835 2220 955 2283 condignae

154 2288 270 2369 passiones
282 2289 351 2352 nujus
366 2288 475 2352 temporis
488 2288 516 2339 ad
530 2288 628 2338 futuram
640 2288 733 2351 gloriam
747 2300 797 2351 quae
816 2290 956 2339 revelabitur

153 2360 178 2409 in
193 2359 264 2411 nobis.
279 2377 293 2408 »
308 2360 354 2409 Sed
369 2359 428 2408 inter
447 2358 492 2409 alia
511 2372 579 2423 opero
598 2358 711 2409 meritoria
732 2358 831 2410 maxime
847 2359 954 2410 uidentur

153 2444 207 2481 esse
217 2430 339 2481 montorio
349 2433 477 2479 mnomrum
485 2442 612 2493 passiones
621 2431 679 2493 Ergo
689 2430 749 2479 nulla
758 2440 827 2493 opera
836 2430 955 2481 hominurn

155 2505 210 2551 sunt
225 2502 341 2553 meritoria
354 2502 407 2551 vilae
421 2504 511 2551 emmae
526 2514 555 2551 ex
569 2500 689 2565 condigno.
843 2516 845 2521 ·

185 2578 210 2620 2
226 2575 348 2634 Praeterea,
362 2570 591 2635 superillndllom„
602 2573 647 2621 Vl:
665 2570 815 2623 «Gratiallei
829 2572 875 2621 vita
893 2575 955 2622 eeter-

154 2656 196 2703 na,
211 2661 225 2690 u
246 2643 301 2693 dieii
313 2642 391 2692 Glossa
402 2639 455 2706 (1):
473 2644 579 2695 «Posset
600 2643 661 2694 recti
675 2643 773 2693 dicere·
768 2680 773 2692 .
790 2642 954 2707 Stipendium

149 2715 266 2776 justitior
281 2715 336 2763 otto
349 2716 458 2775 aterum
473 2716 514 2765 sed
528 2713 606 2765 moluit
620 2714 695 2765 dicere
711 2730 717 2763 ι
731 2716 821 2764 erratio
836 2715 887 2764 Det
902 2714 954 2761 ua'to

188 2829 270 2941 (ἦιξα
282 2832 428 2892 Augustino,
444 2831 485 2877 lib.
503 2833 538 2879 De
547 2834 629 2891 pratia
643 2837 665 2880 et
676 2834 752 2879 litero
762 2832 852 2885 ertit..
866 2844 918 2889 rap.
930 2828 952 2887 9,

157 2906 222 2952 sump
251 2927 257 2940 .
