1992 3317
265 182 298 225 n!
312 181 480 227 mmmm
495 182 523 227 lii
537 176 658 228 tlttiilltlttl.vv
786 186 788 191 ’
816 184 861 232 att

56 264 115 316 etei
130 265 281 327 reuitmnm,
297 278 350 317 eam
368 268 558 331 corrumpentes,
574 268 665 333 gravium
678 270 774 335 pennam
793 270 862 335 guam

52 337 131 403 judei,
144 338 186 402 gui
201 338 275 388 tidem
292 337 408 402 evangelli
430 350 546 403 uunquam
561 347 717 407 susceperuut.
742 344 791 394 Sed
808 346 862 408 quia

54 413 196 474 susceperunt
205 408 260 474 ejus
270 410 369 473 liguram
379 410 405 461 iu
417 412 493 461 veteri
509 412 571 476 lege,
586 426 655 477 qnam
665 415 724 467 meld
740 416 861 481 interpre-

55 485 137 546 tantes,
151 483 305 545 perrumpunt
309 518 319 544 ,
331 482 384 532 ideo
398 482 470 533 etiam
490 496 567 535 eorum
581 484 704 536 infidelitas
718 490 755 538 est
770 487 862 551 grauius

56 557 179 617 pennatum,
191 552 265 617 quim
278 552 404 604 infidelitas
419 553 552 619 gentilium,
571 555 611 620 qui
628 556 689 608 nudie
705 559 772 609 modo
792 559 862 610 fldem

57 624 164 687 euangelii
172 628 338 689 susceperunt.
352 625 429 688 uduo,
442 628 503 690 quod
517 626 683 680 iniulidelitule
694 630 859 693 consideratur,

59 700 93 746 est
101 699 211 763 norruptio
222 710 305 749 eorum
318 712 370 761 qun
386 699 415 749 ad
425 699 493 749 fidem
504 696 628 765 pertinent.
640 702 668 751 lit
679 704 804 753 secuudum
817 704 862 755 troc

58 767 105 818 cun
116 769 139 819 in
151 769 260 833 pluribus
271 772 351 820 errent
361 770 472 833 gentiles,
484 771 552 835 quam
561 771 645 835 jndei,
655 775 678 821 et
690 773 779 837 judei,
794 773 861 837 quirun

59 838 169 904 mutini,
188 841 282 904 grauior
294 844 333 891 est
349 840 472 892 inlidelitas
488 841 623 906 gentilium,
636 842 704 906 quim
723 842 860 907 juduomm,

61 913 84 958 et
94 911 228 973 iudeorum,
245 911 317 976 quarn
330 913 500 975 hereticorum,
511 912 557 963 nisi
572 910 630 962 forte
641 914 787 975 quorumdum
800 918 862 978 (putu

62 981 246 1049 ttamenaeomm)
262 985 305 1048 qui
325 984 396 1035 etiam
412 984 472 1035 cirea
488 984 603 1035 eredibilia
622 985 675 1048 plus
689 990 777 1047 errant,
791 999 862 1049 quam

60 1054 161 1116 gentiles.
174 1056 260 1105 Harum
278 1060 358 1107 tamen
369 1057 464 1107 duarum
474 1056 611 1119 gravitatum
622 1055 696 1121 prima
706 1058 863 1119 preponderat

57 1127 171 1189 secunde,
185 1131 299 1191 guantum
313 1128 343 1177 ad
358 1128 471 1179 rationem
492 1128 578 1193 culpe,
593 1127 647 1193 quia
660 1126 782 1179 infideliter
795 1128 866 1177 habet

56 1198 164 1250 rationem
172 1199 264 1263 culpe,
276 1202 303 1250 ut
313 1199 383 1263 supra
393 1199 480 1249 dietum
492 1203 543 1262 est,
553 1200 625 1263 magis
635 1212 664 1251 ex
677 1201 722 1250 hoe
732 1198 792 1263 qudd
803 1198 865 1249 reui-

56 1270 107 1319 titur
114 1271 182 1334 iidei,
194 1271 267 1334 quim
276 1284 306 1321 ex
315 1273 361 1321 noe
369 1271 431 1335 quod
441 1283 488 1319 nnn
499 1271 568 1322 habet
578 1284 605 1321 ea
617 1285 669 1336 quar
681 1274 735 1321 sunt
743 1269 805 1321 fidei.
817 1270 865 1320 lion

63 1342 121 1391 enim
130 1343 235 1405 ridetur,
247 1346 276 1392 ut
288 1343 434 1405 dictumest,
449 1342 521 1405 magis
539 1344 567 1393 ad
581 1342 692 1393 rationem
705 1356 779 1407 ptenae
793 1341 866 1407 perti-

59 1426 121 1465 nere.
134 1415 201 1467 Unde
216 1414 373 1480 (simpliciter
382 1415 514 1479 loquendo)
526 1414 647 1468 infidelitas
657 1415 814 1467 hereticorum
829 1418 866 1465 est

59 1498 164 1547 petuma.

352 1583 516 1637 ARTICULUS
532 1586 580 1637 Vll.

142 1704 228 1751 Utrum
243 1706 278 1749 sit
288 1714 345 1749 cum
354 1702 491 1761 infidelibus
497 1702 591 1761 publici
608 1701 787 1759 disputandum.

86 1826 122 1877 nn
136 1826 263 1891 septimum
277 1824 312 1877 sin
324 1822 458 1889 proceditur
471 1822 516 1887 (t).
530 1823 624 1873 Videtur
641 1822 700 1887 gudd
715 1834 762 1872 nou
775 1821 805 1871 sit
816 1835 867 1873 oum

58 1897 190 1948 infidelibus
207 1896 302 1961 publice
316 1894 490 1959 disputandum.
507 1894 567 1945 llicit
579 1894 641 1945 enim
652 1893 773 1962 Apostolus
783 1894 810 1943 li.
827 1894 868 1945 no
899 1938 910 1956 ,

59 1969 182 2029 Timete„
195 1970 216 2019 ll
231 1985 237 2019 :
251 1986 267 2017 u
279 1968 333 2019 Noli
350 1966 428 2017 uerbis
446 1966 597 2029 contendere,
613 1966 641 2016 ad
658 1964 715 2017 nihil
734 1965 796 2017 euim
811 1966 868 2017 utile

58 2040 151 2093 omnini
165 2041 194 2091 ad
210 2040 386 2092 subversionem
395 2038 546 2089 audientium.
557 2054 571 2086 u
582 2038 627 2089 Sed
640 2037 761 2102 disputatio
775 2037 867 2101 publica

59 2125 112 2161 num
128 2112 263 2163 infidelibus
281 2112 334 2162 lieri
351 2124 399 2161 uon
415 2112 493 2175 potest
510 2110 559 2161 sina
576 2109 723 2160 contentione
739 2108 868 2159 uerborum.

58 2183 118 2247 Ergo
131 2198 180 2236 nou
197 2187 234 2235 est
244 2182 338 2248 publici
351 2182 513 2246 disputandum
531 2194 582 2230 num
597 2180 733 2231 infidelibus.

91 2260 116 2305 2.
132 2257 262 2320 Preietos,
273 2256 312 2305 lex
324 2252 431 2321 martiani
439 2252 560 2316 Augustini
571 2265 612 2317 per
623 2264 722 2303 canones
737 2252 869 2303 confirmata

60 2328 94 2377 sie
110 2327 187 2379 dicit:
205 2327 349 2392 «iujuriam
368 2325 424 2375 facit
440 2324 526 2389 judicio
545 2323 722 2388 religiosissimae
741 2322 836 2387 synodi,
851 2322 871 2374 si

60 2398 112 2461 quis
124 2399 198 2451 semel
209 2398 329 2463 judicata,
340 2400 381 2447 aut
392 2394 455 2446 rente
469 2395 581 2460 disposita
589 2433 596 2457 ‚
605 2396 721 2446 revolvere
729 2433 736 2459 ,
745 2398 768 2445 et
782 2392 872 2458 publice

60 2472 181 2534 disputare
202 2470 329 2521 contendit.
348 2484 362 2515 »
376 2468 422 2518 Sed
441 2468 517 2517 omnia
535 2480 585 2531 qun
601 2467 629 2517 ad
650 2466 718 2517 fidem
740 2466 870 2531 pertinent,

59 2546 115 2591 snut
135 2556 179 2607 per
200 2554 266 2593 saera
286 2540 384 2591 munilia
403 2538 559 2589 determinata.
573 2538 633 2601 Ergo
654 2538 752 2602 grauiter
773 2538 871 2601 pentat,

60 2615 172 2677 injuriam
185 2613 282 2679 synodis
297 2612 400 2673 latiens,
415 2610 436 2661 si
449 2610 501 2675 quis
519 2612 546 2661 de
564 2610 598 2665 eis
610 2622 664 2675 qun
680 2612 732 2661 suut
750 2608 817 2671 tidei,
832 2622 874 2673 pu-

62 2684 126 2735 nure
138 2686 254 2751 disputare
267 2686 404 2749 prasumat.

96 2759 123 2805 3.
137 2756 265 2819 Preterea,
286 2755 411 2821 disputatio
431 2754 570 2820 argumentis
589 2743 702 2819 aliquibus
726 2751 809 2813 agitur.
831 2750 874 2799 Sed

99 2864 134 2929 (t)
141 2870 176 2917 lle
186 2870 225 2916 triu
233 2868 308 2916 etun
314 2873 363 2917 art..
371 2867 386 2921 t
394 2868 468 2925 iunius
477 2870 573 2926 questa
580 2870 607 2913 ut
615 2866 666 2913 etl.
676 2862 708 2910 od
722 2858 837 2909 Timoli„
844 2854 877 2915 11,

62 2933 124 2980 ieet.
140 2930 172 2994 2,
184 2930 276 2980 iulium
739 2941 741 2946 ·
