1992 3317
383 176 414 216 nn
429 175 595 219 mourut.
844 172 889 220 lllt

86 253 180 318 digent,
200 255 240 306 eut
258 256 294 303 est
311 251 417 317 specialis
438 257 531 319 propter
549 253 642 318 aliquod
659 255 764 308 areidenu
781 269 890 322 superre-

87 325 165 376 niens.
176 324 201 374 si
215 323 287 388 primo
301 325 384 386 modo,
398 327 437 375 aut
450 325 554 376 deiectus
567 329 605 377 est
612 326 719 391 interior,
731 332 770 378 ant
783 329 888 380 exterior.

88 396 185 448 interior
198 396 291 460 quidem
301 399 337 447 est
350 397 452 461 duplex:
464 411 526 448 unus
538 397 645 462 quidem,
656 399 693 449 cui
704 401 837 452 subuenitur
850 414 891 466 per

88 469 221 520 molentum
239 467 337 531 siccum,
353 469 438 520 scilieet
453 468 539 533 tamem
555 474 579 521 et
591 473 715 522 secundum
734 474 779 524 boo
798 473 891 537 ponitur

85 553 190 606 pascere
202 539 363 588 esurientem.
378 540 442 590 illius
454 544 530 591 autem
544 544 579 592 est
592 541 629 592 cui
644 543 778 593 subvenitur
788 557 831 606 per
844 544 891 596 alt-

89 614 193 661 mentum
212 609 344 672 humidum‚
367 610 454 661 scilieet
474 611 540 676 eitis3
560 616 583 664 et
605 614 730 664 secundnm
746 615 790 665 bec
809 614 891 665 dicitur

88 684 179 748 pctore
195 681 333 732 sitiente-m.
354 681 459 734 Defectus
472 686 549 734 autem
563 683 690 736 communie
701 688 808 749 respectu
827 688 891 737 exto-

90 752 157 804 rioris
166 751 246 802 auxilii
255 756 291 803 est
303 751 403 816 duplex:
415 768 474 806 unus
482 758 588 819 respectu
595 757 731 818 tegumenti,
744 761 767 808 et
778 763 890 822 quantum

90 825 174 876 adhoc
191 823 272 874 dicitur
285 827 377 874 vestire
395 826 511 890 nudum,·
525 825 585 876 alius
598 830 672 878 aulem
685 833 788 892 respectu
801 830 890 881 hahita·

90 897 151 958 culi,
163 899 186 946 et
196 899 306 960 quantum
315 897 343 946 ad
354 897 398 947 boc
408 897 501 961 ponitur
513 896 628 962 suscipere
639 901 763 961 hospitem.
777 901 890 953 Similiter

91 971 167 1020 autem
181 967 202 1018 si
212 967 244 1018 sit
253 967 356 1020 delectus
372 967 455 1034 aliquis
470 969 583 1034 specialis,
597 972 718 1022 antester
732 971 891 1024 caueaintrin-

91 1053 159 1102 seca,
176 1039 234 1090 sicut
249 1038 382 1102 infirmitas,
397 1044 420 1091 et
433 1045 543 1105 quantum
555 1043 585 1092 ad
604 1043 649 1093 hoc
668 1041 760 1106 ponitur
779 1045 890 1096 visitare

92 1113 238 1176 infirmam
253 1115 292 1161 aut
308 1115 344 1162 est
361 1125 390 1162 ex
403 1125 471 1164 causa
485 1111 626 1176 extrinseca,
641 1117 665 1164 et
685 1118 795 1178 qnantum
806 1115 890 1168 adhoc

90 1185 182 1249 ponitur
195 1183 520 1250 redemptio'cuptiooram.
536 1187 591 1237 Post
600 1185 672 1236 uitam
683 1189 758 1236 autem
769 1187 890 1240 exhibetur

91 1254 186 1306 mortuis
199 1257 323 1320 sepultura.

122 1327 231 1379 Similiter
239 1331 314 1378 autem
324 1327 480 1392 spiritualibus
486 1329 625 1395 defectibus,
635 1344 676 1395 per
685 1330 817 1395 spiritualer
827 1333 891 1382 actuo

91 1400 226 1452 subvenitur
238 1399 358 1464 dupliciter
372 1416 378 1450 ι
393 1413 439 1452 uno
453 1401 533 1464 modo,
547 1404 662 1464 poscendo
676 1402 785 1453 auxilium
800 1402 814 1453 t
828 1405 890 1465 lieo,

90 1476 113 1523 et
129 1476 239 1536 quantum
253 1473 282 1522 ad
295 1473 439 1536 hucponitur
451 1472 578 1536 oratioque
591 1474 641 1537 quis
653 1488 693 1538 pro
706 1475 758 1525 aliis
771 1478 828 1538 orat;
846 1474 891 1526 alio

90 1545 166 1605 modo,
181 1543 334 1608 impendendo
345 1547 470 1596 humanum
484 1544 602 1608 auxilium,
612 1547 688 1596 ethoc
700 1545 828 1609 tripliciter.
840 1547 890 1597 Uno

89 1616 158 1665 muido
171 1619 249 1666 contra
267 1617 381 1667 delectum
394 1614 539 1679 intellectus,
552 1619 576 1665 et
590 1616 610 1666 ei
624 1617 717 1680 quidem
735 1617 766 1666 sit
784 1616 889 1668 deiectus

90 1687 228 1750 speculativi
244 1687 386 1747 intellectis,
399 1686 518 1738 adhibetur
531 1687 553 1738 ei
563 1688 688 1737 remedium
698 1701 739 1752 per
753 1687 889 1751 doctrinam

90 1756 111 1808 si
128 1761 204 1808 autem
215 1759 308 1822 practici
325 1758 470 1820 intellectis,
484 1757 604 1809 adhibetur
612 1757 634 1808 ei
646 1758 771 1808 remedium
784 1771 825 1822 per
837 1771 892 1809 oon·

88 1829 165 1882 silium
179 1830 225 1894 (1).
240 1831 290 1883 blio
301 1831 369 1881 modo
379 1834 414 1882 est
425 1829 528 1880 delectur
538 1842 568 1880 er
582 1831 689 1894 passione
700 1829 834 1892 appetitiva
846 1829 892 1879 vir-

88 1901 161 1964 tutis,
178 1901 238 1952 inter
262 1915 319 1966 quos
338 1901 451 1952 maximus
470 1904 506 1951 est
524 1901 628 1964 tristitia,
643 1899 681 1951 eui
697 1900 830 1951 subuenitur
849 1914 890 1965 per

89 1974 279 2025 consolationem.
291 1974 366 2025 'lertio
378 1974 444 2040 modo
458 1986 485 2023 ex
495 1976 559 2038 parte
569 1973 691 2024 inordinati
701 1973 780 2036 umbe,
790 1973 830 2038 qui
838 1974 890 2038 qui·

89 2047 143 2098 dem
160 2044 279 2109 tripliciter
291 2045 428 2096 considerari
437 2047 515 2110 potest
530 2060 536 2094 :
553 2059 598 2096 uno
612 2046 679 2096 modo
693 2059 722 2096 er
741 2049 806 2110 parte
819 2047 893 2111 ipsine

88 2117 220 2186 peccantis,
232 2119 257 2169 in
273 2122 382 2182 quantum
396 2117 497 2182 procedit
511 2117 541 2166 eh
557 2119 607 2181 ejus
620 2117 749 2168 inordinata
760 2118 892 2182 voluntate,

90 2194 114 2243 et
135 2191 168 2242 sic
186 2190 306 2242 adhibetur
324 2189 449 2241 remedium
467 2201 509 2254 per
521 2187 702 2253 correptionem,
716 2187 761 2240 alio
778 2191 845 2240 modo
863 2202 892 2240 ex

88 2266 156 2330 parte
170 2275 221 2327 epus
235 2261 259 2311 in
276 2273 343 2326 quem
362 2264 484 2325 peccatur,
500 2264 523 2310 et
541 2260 560 2310 si
578 2259 668 2323 quidem
687 2261 718 2310 sit
734 2264 853 2324 peecatum
867 2261 893 2311 in

91 2348 152 2395 nos,
169 2333 295 2390 remedium
309 2331 442 2386 adhibemus
454 2331 590 2383 remittendo
601 2332 728 2394 offensam,
742 2331 849 2383 dautem
861 2333 894 2383 sit

90 2407 117 2458 in
133 2407 205 2456 licum
219 2405 257 2456 rel
268 2405 412 2470 proximum,
427 2417 473 2456 non
489 2407 525 2454 est
538 2406 610 2454 nostrl
623 2403 711 2454 arbitrii
724 2403 853 2467 remittere,
866 2408 893 2455 nt

90 2479 243 2542 Hieronymus
254 2477 309 2528 dicit
322 2489 390 2540 super
401 2475 505 2539 natoue
517 2475 583 2528 tertio
598 2477 664 2526 modo
675 2489 705 2526 on
716 2478 781 2539 parte
794 2476 893 2538 eequeln

91 2550 167 2616 ipsius
184 2549 248 2600 aetius
262 2548 392 2612 inordinati,
402 2561 431 2598 ex
442 2560 486 2612 qua
496 2547 815 2610 gravamureiconrirentee,
824 2547 893 2598 etiam

91 2625 176 2688 praeter
185 2621 300 2687 peccantis
316 2619 485 2682 intensionem3
501 2622 524 2670 et
532 2617 566 2670 eie
574 2619 699 2671 remedium
711 2619 829 2672 adhibetur
840 2631 894 2683 sup·

126 2785 160 2852 (l)
175 2788 235 2834 Hirro
251 2786 311 2834 iortd
325 2787 349 2834 in
364 2787 478 2845 predictis
496 2787 602 2834 uorsibus
619 2798 666 2831 uno
682 2786 754 2832 uerbo
768 2788 890 2839 utrumque

92 2852 151 2900 illud
163 2863 297 2912 expressum
313 2856 363 2910 est,
378 2851 433 2907 quia
449 2853 573 2907 utrumque
586 2850 615 2895 ad
629 2848 746 2898 delectum
764 2844 894 2892 intelteotde

93 2915 206 2976 pertinet,
217 2913 272 2964 licet
286 2914 419 2976 ullomodo,
431 2919 455 2965 et
465 2912 591 2965 necundhm
603 2914 673 2962 eliam
681 2912 805 2961 ratonem.
