1992 3317
257 117 288 154 on
303 114 449 158 ncenrrroun
464 116 630 156 ermestun.
801 107 844 155 861

351 299 509 352 anlludlds
528 302 546 351 l.

183 427 267 473 Utriem
276 439 432 484 personnarum
442 427 546 483 acceptio
553 428 585 472 eit
592 431 722 484 peccam.

87 557 120 608 ild
128 554 221 620 primunr
232 553 264 604 sic
274 553 511 618 proceditur.llidetur
518 553 578 617 qudd
585 567 731 618 personarum
741 557 845 620 acceptio

61 640 103 678 non
111 626 139 678 sit
146 628 271 690 peccatum.
281 627 309 674 ln
318 625 408 676 nomine
418 623 479 676 enim
490 637 592 687 personae
601 625 734 690 intelligitur
743 641 847 691 personm

60 697 160 760 dignitas.
169 697 213 746 Sed
222 695 363 746 considerare
372 695 493 758 dignitates
500 707 646 759 personarum
653 699 789 760 pertiuetnd
801 698 847 749 dis-

60 767 846 833 tdbrrtivamjustitiamllrgopersonarumacceptiononestpeceaturn.

88 845 110 890 Ξ.
125 841 241 900 Praeterea,
258 839 282 888 in
299 839 366 894 relius
380 839 486 889 humanis
498 851 601 902 persone
611 842 666 891 suut
679 839 848 903 principaliores

59 913 123 977 quim
132 925 183 974 res;
199 911 252 975 quia
264 925 302 962 res
315 913 368 962 sunl
385 914 476 976 propter
489 923 606 974 personas,
616 914 640 960 et
651 909 717 961 nond
726 924 843 962 converso.

60 984 99 1034 Sel
115 995 187 1042 rerum
209 982 309 1045 acceptio
330 994 376 1032 non
398 985 433 1032 est
454 983 581 1045 peecatum.
599 982 657 1044 llrgo
678 981 748 1034 multd
771 983 848 1034 minis

58 1054 153 1118 acceptio
166 1067 321 1118 personarum.

86 1131 107 1176 3.
122 1126 246 1188 Praeterea,
266 1126 326 1190 epud
349 1127 420 1179 Deum
437 1126 498 1175 nulla
520 1128 596 1189 potest
616 1137 667 1176 esso
689 1124 798 1189 iniquitas
813 1128 850 1176 vel

57 1202 181 1262 peceatum.
194 1197 237 1248 Sed
253 1197 310 1248 lleus
325 1197 413 1247 uidetur
424 1210 532 1262 personas
544 1197 723 1261 accipere;quia
736 1197 850 1248 interdum

56 1272 146 1320 duorum
164 1269 281 1320 lominum
297 1270 365 1318 unius
384 1269 537 1333 conditionis,
549 1283 620 1319 unum
634 1269 731 1320 assumit
740 1283 781 1334 per
799 1282 849 1332 gra-

57 1342 120 1404 tiam,
136 1346 159 1392 et
172 1342 268 1392 alterum
282 1341 389 1404 relinquit
399 1340 423 1390 iu
434 1344 539 1404 peccato,
550 1340 673 1391 secundnm
681 1340 735 1390 illud
745 1342 848 1395 nortl„

55 1414 139 1463 XXIV:
156 1413 228 1463 elluo
239 1416 304 1464 eruut
317 1411 342 1460 in
351 1425 422 1478 agrog
432 1426 492 1464 unus
510 1417 650 1474 assumetur,
665 1416 688 1462 et
707 1412 765 1462 alius
779 1412 852 1463 relin-

54 1489 142 1550 quelnr.
153 1501 168 1531 u
184 1485 242 1546 Ergo
256 1483 358 1550 acceptio
372 1497 520 1548 personarum
533 1497 579 1533 non
597 1488 633 1534 est
644 1487 773 1547 peccantum.

85 1557 128 1606 Sed
143 1557 238 1606 contra:
254 1554 311 1605 nilril
321 1555 452 1618 prohibetur
463 1555 487 1604 iu
497 1554 548 1618 lege
557 1554 633 1605 divina
641 1591 650 1618 ,
664 1555 710 1605 nisi
720 1559 848 1619 peccatam.

55 1627 97 1678 Sed
117 1640 265 1690 personarum
282 1625 383 1690 acceptio
395 1626 527 1690 prohibetur
541 1629 651 1681 Denter..
664 1628 691 1686 1,
704 1625 850 1675 ubidicitur:

55 1701 130 1750 «Non
148 1699 267 1764 accipietis
289 1698 423 1764 cujusquam
448 1711 578 1763 personam.
593 1714 608 1745 a
623 1699 683 1762 llrgo
705 1710 852 1761 personarum

52 1771 153 1836 acceptio
167 1775 202 1822 est
213 1775 342 1834 peccatum.

81 1843 245 1908 (Concuusro.
256 1869 286 1880 —
300 1842 404 1907 deceptio
418 1853 578 1906 personarum,
594 1840 646 1891 cluna
659 1839 758 1905 justitie
770 1841 851 1890 adrer-

50 1919 111 1966 setur
127 1914 295 1976 distributive,
307 1917 423 1978 peecatum
433 1913 563 1966 necessarii
575 1913 632 1978 est.)

80 1987 219 2050 Respondeo
232 1986 365 2047 dicendum,
381 1983 442 2048 quod
457 1998 604 2049 personarum
619 1984 719 2049 acceptio
729 1984 852 2048 opponitur

46 2059 143 2123 justit-ire
156 2056 317 2120 distributiuae3
330 2057 433 2108 consistit
447 2056 507 2108 enim
518 2057 635 2120 aequalitas
647 2056 853 2121 distributireejus

48 2131 104 2180 tiliae
113 2130 140 2180 in
149 2130 195 2178 hoc
202 2126 262 2192 qudd
274 2127 368 2180 dirersis
377 2127 481 2193 personis
491 2128 581 2178 diversa
590 2129 718 2178 tribuuntur
727 2128 852 2178 secundnm

46 2201 223 2266 proportionem
233 2201 261 2250 ad
279 2199 401 2264 dignitates
410 2213 566 2264 personarum.
576 2199 601 2250 s'r
610 2213 664 2264 ergo
677 2199 760 2264 aliquis
774 2201 852 2250 consi-

46 2275 112 2324 deret
127 2272 196 2324 illam
213 2271 375 2336 proprietatem
394 2285 509 2336 persone,
526 2275 617 2336 propter
631 2285 700 2335 quam
712 2273 737 2322 id
752 2271 821 2336 quod.
831 2272 853 2321 ei

45 2347 182 2405 confertur,
202 2345 238 2394 est
255 2343 278 2396 ei
299 2343 416 2406 debitum,
432 2356 478 2394 non
498 2347 533 2394 est
556 2342 657 2407 acceptio
678 2356 796 2407 persouae,
814 2343 853 2394 sed

45 2430 132 2468 causon.
151 2415 218 2466 Uude
230 2415 309 2466 nlossa
319 2415 449 2478 superillud
460 2415 494 2464 cd
505 2414 605 2478 Epiros„
615 2415 645 2464 vl
661 2431 667 2464 :
680 2415 854 2465 «Personarum

43 2488 154 2552 acceptio
168 2500 215 2538 non
227 2490 263 2537 est
275 2488 335 2550 npud
348 2488 427 2547 Deum,
439 2504 453 2534 u
465 2487 521 2538 dicit
533 2487 595 2550 qndd
607 2504 621 2534 u
630 2489 690 2536 Deus
696 2487 769 2550 judex
778 2486 854 2550 justus

42 2573 128 2610 causas
149 2558 275 2618 discernit,
288 2571 334 2610 non
347 2571 465 2622 personas.
487 2574 502 2604 »
516 2559 609 2608 eutici
623 2558 706 2622 aliquis
721 2561 854 2621 promovent

41 2630 149 2694 aliquem
165 2631 196 2680 ad
207 2628 376 2692 magisterium,
390 2631 482 2694 propter
502 2628 659 2680 sufficientiam
678 2628 797 2691 scientie,
817 2627 855 2677 lrlc

40 2702 177 2754 attenditur
195 2715 264 2752 causa
284 2701 358 2752 dehita
366 2738 374 2764 ,
393 2713 441 2752 non
452 2713 558 2766 persona.
579 2701 604 2751 Si
618 2704 693 2751 autem
705 2699 788 2762 adonis
800 2712 854 2750 cou-

40 2773 169 2824 sideratio
188 2773 269 2826 eocui
283 2771 367 2836 aliquid
379 2773 484 2832 confert,
502 2784 547 2822 non
561 2771 754 2836 idpropterqudd
763 2771 786 2820 id
795 2769 855 2833 quod

40 2845 62 2892 ei
81 2846 156 2896 datur
174 2847 238 2896 esset
249 2844 272 2894 ei
289 2844 482 2909 proportionatum
492 2843 531 2894 uel
542 2843 658 2906 detritum,
668 2845 712 2895 ned
725 2841 799 2894 solum
812 2843 856 2892 lroc
