1992 3317
239 147 270 186 ns
285 141 351 186 eiuro
366 145 453 186 usunu
468 149 496 188 rrr
510 149 610 189 murs.
782 142 831 190 ede

68 225 87 271 ³.
108 224 229 286 pretorem
244 224 270 274 iu
285 225 355 278 rebus
376 226 483 277 humanis
503 226 665 279 determinatur
676 226 768 294 justitia
788 243 830 294 per

43 290 187 364 lepesciuites.
204 295 249 347 Sed
271 296 396 348 secundum
411 309 450 348 eas
463 299 595 349 consuitur
614 313 696 350 usuras
715 300 828 366 accipere.

43 360 90 426 Ergo
102 365 190 418 videtur
204 381 250 418 non
264 380 315 419 esse
328 368 442 420 illicitum.
683 371 689 382 “

66 439 85 485 t.
95 439 213 502 Preterea,
224 439 397 503 pretermittere
406 440 501 492 consitis
512 455 559 494 uon
567 442 654 507 obligat
661 443 690 494 ed
699 447 828 507 peceatum.

42 505 74 556 Sed
86 509 154 564 Lan,
172 509 215 572 Vt,
225 509 285 560 iuter
301 510 344 562 alia
362 511 455 563 consilis
468 512 563 576 ponitur
582 527 589 564 t
606 531 621 562 n
635 514 691 564 date
711 516 827 578 mutuum,

42 575 147 631 uitilindc
165 585 291 645 sperantes.
305 599 319 631 o
330 584 390 648 Ergo
407 584 509 649 accipere
520 597 615 636 usuram
634 598 681 636 non
690 590 732 648 estx
742 599 829 650 peeca-

64 727 83 773 5.
96 725 222 787 preterea,
232 726 330 789 pretinm
344 725 446 792 accipere
462 741 504 792 pro
512 739 541 780 eo
552 729 614 793 quod
628 729 680 793 quis
691 729 769 781 tacere
781 743 828 782 non

40 792 130 860 teneus,
145 809 191 847 non
204 796 294 848 ridetur
307 811 358 850 esse
370 798 493 850 secundim
504 813 531 851 se
544 804 672 864 peecatm
686 801 731 852 Sed
744 815 790 852 non
802 800 829 852 in

39 867 129 926 proibet
138 880 192 919 cess
206 872 296 920 tenetur
308 871 429 934 pecuniam
438 871 535 933 hebens,
546 871 827 937 eumproximomutnare.

40 934 84 1000 Ergo
98 938 155 990 licet
169 940 191 992 ei
204 939 325 1004 aliqnando
337 955 379 1006 pro
390 945 469 993 mutuo
483 943 586 1008 arripere
598 944 706 1008 pretinm.

62 1015 80 1060 6.
95 1013 216 1074 preterea,
231 1017 347 1077 argentum
356 1017 498 1066 monetatum
508 1019 533 1066 et
542 1015 629 1067 invasa
641 1016 773 1080 formatum,
783 1030 829 1067 non

38 1078 100 1133 diest
115 1083 203 1146 specie.
217 1085 261 1136 Sed
277 1085 331 1137 licet
345 1085 452 1150 accipere
468 1086 569 1150 pretinm
581 1101 625 1153 pro
642 1088 703 1138 nasis
715 1089 830 1152 argenteis

38 1155 209 1206 accommodatis.
226 1157 284 1220 Ergo
297 1157 366 1208 etiam
384 1157 437 1208 licet
456 1157 560 1222 accipere
578 1159 677 1223 pretinm
694 1173 735 1224 pro
751 1164 830 1211 mutuo

37 1227 113 1289 utenti
122 1229 246 1292 monetati;
261 1241 331 1280 usura
345 1243 454 1293 ergonon
468 1232 504 1280 est
513 1231 638 1282 secuudum
652 1235 811 1296 sepeccatnm.

61 1304 80 1349 7.
100 1301 230 1361 Praeterea,
247 1299 342 1364 quilibet
362 1303 437 1366 potest
456 1301 520 1352 licite
537 1301 641 1366 accipere
657 1315 706 1354 rem
721 1315 789 1366 mam
806 1304 830 1354 ei

37 1369 134 1422 doninus
147 1369 180 1421 rei
195 1371 322 1423 somniarie
336 1373 438 1424 tradidit.
453 1373 500 1424 Sed
512 1373 551 1425 ille
564 1374 604 1438 qui
616 1374 699 1439 accipit
709 1377 829 1438 mutuum,

37 1440 156 1494 uoluntarii
172 1443 241 1494 tradit
254 1457 355 1495 usuram.
366 1445 426 1510 iirgp
442 1445 481 1496 ille
500 1444 540 1509 qni
557 1449 658 1510 mutuet,
677 1445 739 1497 licite
752 1450 830 1511 potest

36 1515 140 1579 accipere.

59 1585 102 1638 Sed
114 1588 194 1637 contra
204 1591 254 1648 est,
268 1590 328 1652 quod
341 1586 422 1638 dicitnr
435 1587 532 1645 Eood„
546 1590 626 1640 xxti:
639 1604 655 1636 r
663 1589 690 1640 Si
706 1589 828 1652 pecuniam

36 1663 130 1710 mutuam
141 1659 229 1709 dederis
243 1661 326 1724 populo
334 1673 386 1712 meo
399 1661 511 1725 pauperi,
525 1661 565 1724 qui
574 1660 665 1711 habitat
676 1663 768 1721 tecum,
782 1674 828 1712 nou

35 1730 118 1794 umetis
133 1743 186 1780 enm
200 1731 264 1796 quasi
276 1735 376 1797 exactor,
395 1745 438 1783 nec
450 1732 525 1784 usuris
537 1732 663 1798 opprimes.
675 1747 690 1779 o

58 1806 213 1865 (Concmsro.
225 1830 255 1842 -·
263 1804 319 1855 Curru
332 1804 438 1870 pecunie
451 1819 509 1855 usus
522 1803 553 1854 sit
571 1804 633 1856 illius
646 1805 791 1870 consumptio
803 1817 829 1856 ec

35 1873 166 1936 destructio,
180 1874 291 1939 injustum
301 1879 325 1928 et
335 1876 440 1928 illicitum
453 1881 489 1927 est
499 1889 541 1942 pro
554 1871 605 1941 ejus
617 1891 661 1928 usn
673 1876 758 1941 aliquid
771 1879 830 1928 acei-

35 1948 108 2012 pere.)

57 2021 196 2084 Respondes
213 2021 351 2085 dicendum,
364 2022 425 2088 qudd
439 2023 541 2088 accipere
559 2035 651 2075 usurum
669 2036 712 2087 pro
732 2023 831 2086 pecunia

33 2095 145 2155 mutuata,
167 2096 204 2143 est
218 2094 342 2145 secuudirm
357 2109 381 2146 se
397 2095 525 2160 injustum,
541 2094 594 2158 quia
609 2093 718 2146 venditur
729 2093 753 2144 id
769 2096 831 2158 quod

33 2177 74 2215 corr
90 2167 143 2227 est3
164 2177 204 2228 per
222 2166 282 2230 qnod
301 2166 423 2218 manifeste
440 2166 583 2230 inequalitas
604 2165 760 2228 consumitur,
779 2180 831 2230 qne

30 2235 126 2298 justitie
139 2237 296 2290 contrariatur.
311 2239 345 2288 dd
354 2235 424 2302 'cujus
441 2237 581 2289 euidentiam
591 2239 709 2289 sciendum
721 2242 758 2289 est
770 2237 830 2302 qudd

31 2309 135 2371 quaedam
150 2319 187 2358 res
197 2313 252 2359 sunt
263 2321 357 2373 quarum
368 2323 424 2360 usus
432 2312 468 2360 est
475 2309 577 2374 ipsarum
589 2323 665 2360 rernm
676 2309 829 2373 consumptio,

31 2380 88 2431 dent
109 2380 191 2430 vinnm
211 2379 365 2432 consumimus
385 2394 413 2432 eo
430 2381 516 2432 utendo
534 2383 563 2433 ad
577 2384 672 2446 potum,
687 2381 710 2432 et
729 2379 830 2431 triticum

30 2451 185 2504 consumimus
201 2465 229 2503 eo
242 2453 327 2503 utendo
340 2454 368 2504 nd
381 2452 464 2504 cibum.
479 2453 545 2504 Unde
561 2453 586 2503 in
600 2453 683 2504 talibus
698 2466 745 2503 non
763 2453 833 2507 debet,

29 2537 131 2576 seorsum
145 2524 271 2589 computari
284 2538 339 2576 usus
355 2525 388 2576 rei
402 2525 415 2576 i
430 2537 453 2574 re
463 2524 529 2589 ipse,
544 2527 585 2576 sed
597 2524 729 2588 cuicumque
742 2536 829 2574 couce-

28 2598 89 2648 ditnr
102 2609 174 2658 usus,
188 2609 217 2646 ex
228 2597 272 2648 troc
283 2597 334 2661 ipso
348 2597 478 2648 conceditur
490 2610 542 2660 res3
558 2601 582 2647 et
595 2598 688 2661 propter
700 2596 744 2645 tuoe
757 2594 782 2644 in
793 2597 829 2645 ta·

28 2668 89 2718 libus
101 2679 145 2732 per
153 2670 255 2718 mutuum
269 2669 402 2719 transfertur
412 2667 547 2719 dominium.
557 2668 581 2718 Si
594 2667 646 2732 quis
660 2679 714 2730 ergo
726 2678 829 2717 seorsum

28 2741 98 2792 uellet
114 2739 217 2807 vendere·
227 2740 318 2804 ninum,
331 2743 355 2790 et
370 2739 440 2790 uellet
455 2751 556 2790 seorsum
575 2740 672 2790 rendere
684 2750 750 2788 usum
761 2735 829 2800 sini,

28 2811 141 2862 venderet
149 2812 251 2862 eemdom
260 2825 308 2862 rem
318 2811 366 2875 bis,
376 2813 414 2862 vel
422 2811 530 2862 venderet
540 2811 565 2862 id
574 2812 633 2876 quod
647 2823 692 2860 nou
703 2811 739 2860 est
751 2823 758 2857 c
768 2809 829 2860 nude

28 2880 154 2933 manifeste
160 2896 202 2948 per
211 2881 347 2948 injustitiam
355 2884 466 2949 peccaret.
479 2883 509 2934 tit
520 2883 592 2936 simili
600 2881 688 2935 ratione
696 2879 829 2953 injustitiam
