1992 3317
139 129 185 179 tut
242 139 353 179 samana
368 137 497 188 neuma,
514 137 606 184 oum.
623 135 708 183 mn,
725 133 790 176 aurs
800 137 835 174 ur.

139 221 175 269 ost
183 215 355 268 determinativa
365 219 388 267 et
400 214 553 266 modidoatira
563 212 703 274 nlioanrn31n
714 211 852 264 mensuratis
864 214 940 264 audem

139 290 256 341 inuenitur
269 287 392 340 secundum
402 287 472 347 aiod,
483 286 508 336 id
520 290 569 349 est,
582 287 609 335 in
622 288 733 348 qnantum
745 285 862 350 attingunt
875 299 940 337 rnen·

140 375 224 412 suram.
236 363 265 412 nt
274 360 334 419 ideo,
347 360 372 410 in
382 371 489 410 mensura
499 358 557 408 nibil
567 361 643 422 potest
653 356 726 423 aooipi
737 357 937 422 immodificatnur3

138 433 177 484 sed
192 445 229 483 res
244 433 369 483 mensurata
384 435 420 482 est
431 429 604 490 immodificata,
619 427 664 479 nisi
678 441 807 480 mensnram
827 429 941 494 attingat,

139 503 187 554 siue
201 502 303 566 deiciat,
316 502 365 553 siue
377 502 480 554 excedat.
495 502 522 551 ln
538 500 644 553 omnihus
653 503 730 551 autern
740 499 905 565 appetibilibus
918 504 943 552 et

139 573 258 638 agibilibus
276 585 382 624 mensura
396 577 431 623 est
452 571 520 636 finis,
533 572 587 636 quia
606 585 686 622 eornm
697 585 750 635 pue
769 571 902 636 appetimus
919 577 944 624 et

138 645 239 710 agimus,
252 647 343 709 oportet
356 642 471 708 propriam
483 643 595 695 rationem
609 657 639 694 ex
651 642 698 693 ino
709 643 827 707 accipere,
837 647 865 695 ut
878 647 944 708 patet

138 729 179 781 per
192 715 353 780 Philosophum
363 713 387 766 in
398 716 427 768 ΙΙ.
440 716 541 780 Pityaia.
552 715 624 779 (text.
636 713 689 778 89).
697 715 726 765 Et
736 713 787 765 ideo
797 714 943 768 flnuoeoun

138 786 191 838 dium
204 788 304 852 seipsum
319 787 388 838 habet
399 787 506 849 modum3
522 799 550 837 ea
561 783 616 838 noro
629 799 681 850 que
691 788 746 836 snut
756 786 785 836 ad
798 786 882 850 inem,
897 789 940 838 hn-

138 859 192 910 tent
203 859 296 910 modum
312 871 341 910 ex
359 871 386 910 eo
398 853 459 924 quod
470 862 524 908 sunt
537 857 578 908 fini
592 855 760 922 proportionata
773 857 818 922 (t).
830 858 864 924 ,st
877 858 940 922 ideo,

138 929 196 981 sieut
209 929 360 995 Philosophus
375 927 430 980 dicit
440 928 465 980 in
476 929 494 980 l.
505 928 595 986 eolat..
605 927 719 994 appetitus
728 927 782 984 dois
794 927 820 979 in
833 928 942 981 omnibus

137 1001 224 1052 artibus
235 1007 270 1052 est
285 1003 371 1066 eumue
380 999 425 1052 dne
440 1003 463 1050 et
475 997 588 1063 termin03
602 1011 679 1050 eornm
697 1002 772 1050 auten
785 1013 837 1064 que
848 1005 906 1052 sunt
914 1003 944 1056 ad

138 1072 222 1135 tinem,
237 1077 272 1125 eet
286 1072 366 1137 aliquis
386 1071 509 1123 terminus.
526 1071 577 1122 Non
592 1069 653 1122 euim
666 1070 768 1121 nredions
783 1071 882 1138 imponit
900 1072 943 1123 ali-

137 1158 204 1208 quem
218 1145 340 1198 tenninurn
359 1141 468 1203 sanimi3
482 1141 522 1192 sed
538 1141 594 1193 frat
610 1155 662 1192 eam
681 1142 806 1206 porieotarn
818 1146 943 1207 quumm-

138 1229 234 1279 onmque
255 1218 345 1280 potest,
360 1213 400 1264 sed
416 1211 535 1264 medicinae
551 1206 648 1278 imponit
663 1212 794 1263 erminum.
810 1214 862 1264 Non
876 1214 943 1266 eninr

137 1285 176 1335 dat
188 1289 277 1335 tanturn
293 1285 321 1336 do
335 1283 451 1334 medicina
465 1286 574 1347 quanm]
589 1286 678 1347 potest,
697 1284 738 1334 sed
751 1283 876 1336 mundior
887 1300 942 1351 pro-

142 1355 269 1420 portionem
284 1356 310 1408 ad
324 1354 455 1406 sanitatem.
467 1354 540 1412 Quam
550 1352 643 1420 quiden
657 1353 826 1418 proportionem
839 1356 860 1407 si
874 1358 948 1408 rnedi-

139 1426 190 1478 oina
204 1425 336 1490 excederet,
354 1425 393 1476 uel
408 1426 436 1476 ab
449 1438 476 1476 ea
489 1425 610 1488 deiiceret,
623 1429 683 1477 esset
696 1424 853 1478 immoderata.
875 1427 941 1478 Finis

137 1501 213 1550 autem
222 1497 323 1549 omniurn
333 1496 448 1548 actionum
455 1497 607 1546 hermanarum
615 1499 638 1546 et
648 1496 794 1549 affectionum
802 1502 839 1548 est
847 1495 939 1549 dileetio

136 1569 189 1634 Dei,
206 1583 246 1636 per
260 1583 328 1634 quam
346 1567 443 1620 maximo
456 1566 589 1630 adfingimus
608 1567 712 1624 ultimum
728 1567 814 1631 finem,
828 1573 856 1620 ut
868 1570 941 1634 supriu

136 1641 222 1694 dioturn
232 1646 268 1693 est
281 1644 335 1706 (qu.
347 1643 387 1702 ΞΒ,
396 1641 438 1690 art.
448 1637 489 1704 6).
498 1639 528 1688 iit
536 1638 587 1690 ideo
595 1639 621 1690 in
629 1636 750 1692 dilectione
757 1639 798 1690 Dei
808 1653 855 1691 nou
864 1644 943 1706 potest

137 1713 211 1779 aeoipi
222 1714 310 1778 modus,
320 1713 380 1764 siout
387 1711 411 1762 in
420 1725 445 1762 re
455 1714 593 1774 mensurata,
601 1714 628 1760 ut
636 1709 667 1761 sit
675 1710 700 1761 in
707 1723 737 1762 ea
744 1710 845 1776 aoeipere
853 1713 908 1776 pius
916 1717 942 1765 et

137 1784 222 1849 minus
229 1786 269 1837 sed
279 1785 339 1836 siout
348 1783 553 1834 inueniturmodus
561 1783 585 1833 in
597 1796 710 1846 mensura,
722 1783 747 1833 in
755 1795 798 1847 pua
807 1795 853 1832 non
863 1788 945 1846 potest

137 1869 188 1908 esse
197 1869 313 1908 excessus.
327 1856 372 1906 Sed
384 1853 468 1918 quanti
480 1854 534 1918 plns
544 1853 666 1917 attingitur
678 1853 771 1917 repon,
780 1851 842 1904 tantd
854 1854 942 1907 melius

136 1930 173 1978 est
184 1943 190 1976 ι
201 1929 225 1978 et
233 1927 265 1977 ita
277 1925 361 1990 quanto
371 1928 431 1977 Deus
442 1925 495 1990 plus
506 1925 615 1990 diligitur,
627 1924 691 1976 tanto
701 1927 737 1976 est
748 1922 838 1975 dileetio
845 1923 940 1986 *neda

168 1998 202 2048 ad
211 1997 310 2062 primurn
322 2011 375 2062 erpo
385 1995 520 2060 dicendum,
533 1997 593 2060 qndd
605 1995 661 2046 iilud
675 1996 736 2059 qnod
748 1998 833 2059 estpen
845 2009 881 2061 se,
895 2012 938 2063 po-

135 2068 183 2120 tins
192 2073 227 2119 est
236 2082 264 2120 eo
273 2070 335 2134 quod
350 2073 387 2122 est
398 2081 439 2132 per
447 2067 517 2121 aliud.
530 2069 559 2117 Et
568 2067 620 2118 ideo
632 2067 725 2118 bonitas
740 2081 868 2131 mensurae,
884 2083 937 2132 quae

135 2153 177 2205 per
190 2153 215 2190 se
228 2140 297 2190 habet
306 2140 411 2202 modum,
423 2138 498 2202 potior
511 2143 546 2190 ost
558 2137 627 2203 quim
635 2137 724 2188 bonitas
735 2140 873 2200 mensurati,
887 2153 940 2204 quar

136 2211 204 2262 habet
212 2211 304 2262 modurn
315 2225 356 2275 per
368 2209 438 2260 aliud.
449 2209 478 2260 lit
491 2209 525 2260 sio
537 2209 606 2261 etiarn
618 2208 729 2272 chades,
742 2222 794 2273 qne
805 2208 876 2261 habet
889 2223 939 2262 mo·

135 2282 189 2332 dum
207 2281 266 2332 siout
281 2293 404 2342 mensura,
418 2280 553 2346 praeeminet
571 2279 623 2331 aliis
642 2279 777 2344 uirtutibus,
792 2293 842 2344 qna
855 2279 943 2332 habent

136 2353 227 2404 modum
241 2352 302 2404 siout
314 2354 460 2404 mensurata.
603 2359 606 2366 '

168 2423 200 2473 dd
212 2423 335 2475 secundum
345 2423 479 2487 dicendum,
492 2421 551 2486 qudd
562 2422 622 2474 siout
634 2419 774 2487 Augustinus
789 2421 874 2474 ibidem
884 2423 939 2475 suh·

133 2491 220 2560 jungit,
229 2511 243 2544 u
251 2494 330 2547 modus
337 2493 520 2559 diligendiitenun
527 2498 630 2547 estoten
638 2493 756 2546 totocorde
763 2493 868 2560 diligatur
875 2494 937 2562 (apo

169 2653 201 2718 (1)
217 2659 268 2704 Non
283 2659 343 2705 siout
357 2657 420 2716 prids
435 2670 489 2716 oap.
499 2657 529 2716 d,
541 2659 584 2705 sed
596 2660 620 2706 in
632 2659 762 2718 gram-lar.
771 2670 825 2718 cap.
839 2659 870 2719 9,
881 2665 937 2717 post

135 2720 251 2778 medium,
266 2723 290 2767 et
308 2721 368 2779 apud
384 2723 407 2768 s.
423 2722 536 2768 'rhomam
552 2728 598 2767 eot.
610 2722 634 2768 8.

135 2786 265 2902 uirgini?
276 2793 333 2840 satis
346 2798 435 2852 tmen,
448 2792 494 2840 sed
504 2804 534 2839 ex
545 2797 596 2840 tota
613 2797 707 2851 mente,
719 2797 746 2839 ut
758 2793 878 2851 submit
886 2794 936 2852 pte·
