1992 3317
265 197 297 236 ns
312 196 447 238 ennomus
462 197 590 238 ssunnnms
606 199 642 238 ss.
811 185 859 240 oie

59 287 104 327 non
117 271 191 326 solim
203 286 229 325 se
246 274 316 324 hebet
329 274 357 324 ae
370 275 455 326 bonum
469 275 585 340 privatum
603 275 671 328 ouius
687 277 804 343 hominis,
819 280 859 330 sed

59 347 125 398 etium
140 346 169 397 uri
178 346 263 398 bonnm
276 359 398 398 commune
408 347 569 399 multitudinis.

91 420 124 469 td
140 418 239 483 primunr
252 431 306 481 erpo
321 419 459 484 dicendum,
476 419 537 484 quod
549 420 700 485 Philosophus
711 419 743 472 ibi
759 421 858 485 loquitur

59 492 86 542 de
102 490 187 541 virtue
205 489 294 541 mureti.
310 489 374 541 sieut
384 494 459 542 eutem
475 491 550 542 urnuis
563 491 634 544 rirtus
645 491 737 544 morulis
750 493 821 544 reluu
831 494 860 545 ed

59 561 143 613 bonunu
157 573 277 613 eommune
290 562 372 613 dieitur
380 563 470 628 tepetis
477 563 607 627 justitia,
619 563 650 614 ite
660 563 781 628 prudentie
790 565 860 616 relate

59 635 87 684 ut
103 635 190 686 bonum
207 646 340 695 somnone,
354 637 448 685 uocetur
460 635 601 699 prudentia
614 635 721 700 potitius
729 655 738 694 ,·
759 649 812 686 nem
827 635 861 688 sie

58 718 84 756 se
98 706 168 756 hehet
185 704 275 769 politius
294 706 322 756 ud
340 704 451 769 justinum
468 707 580 770 tegetem,
599 707 660 757 sieut
676 719 700 759 se
720 707 789 759 nubet
806 722 860 773 pru-

58 776 134 828 dentis
150 774 285 841 simpliciter
298 776 358 828 diota
373 777 403 827 ud
418 778 527 829 rituum
544 778 660 830 muretum.

89 851 123 901 iu
133 849 262 900 mundun
275 849 397 901 uiuendum
407 887 414 911 ,
428 849 489 913 quos
497 850 537 901 itte
554 850 594 915 qui
607 851 689 914 querit
701 851 787 903 bonurn
797 865 862 904 eoru·

60 934 128 973 nune
139 920 305 985 multitudinis,
320 935 350 973 ex
363 922 514 985 consequenti
526 922 596 973 etiem
606 923 689 986 querit
698 923 782 975 bunum
794 937 860 976 suurn

60 997 155 1059 propter
164 993 219 1043 duo.
232 991 310 1043 Prinri
319 992 421 1058 quidem,
435 993 488 1057 quie
501 994 585 1045 bonum
601 993 718 1060 proprium
729 1007 774 1045 nun
786 999 862 1058 potest

59 1077 112 1117 esse
125 1068 178 1116 stne
186 1064 248 1115 bono
259 1064 385 1127 conmuni,
399 1065 437 1115 rei
447 1064 550 1126 inmitte,
558 1065 596 1116 vel
609 1064 725 1125 eisitetis,
736 1068 776 1116 eut
788 1065 860 1128 regni.

59 1137 122 1187 Unde
140 1139 165 1188 et
181 1135 285 1186 veterius
293 1134 403 1186 tissimus
415 1136 508 1188 uiuitis
520 1134 620 1201 antiquis
632 1135 741 1188 ttonunis
749 1134 862 1199 inponit

65 1207 209 1259 «molebant
222 1219 275 1258 esse
286 1218 398 1270 pauperes
412 1207 437 1257 in
452 1207 523 1258 divite
537 1207 651 1272 imperio,
665 1205 731 1271 quin]
743 1206 825 1257 divites
838 1206 862 1258 in

61 1292 164 1345 paupere
179 1277 310 1342 irnperio.»
330 1277 447 1342 seeundo,
461 1278 579 1342 quinutu
594 1281 661 1332 nouo
675 1278 705 1329 sit
720 1291 772 1343 pers
782 1277 863 1330 domis

60 1350 223 1412 ieiunitatis,
238 1352 328 1414 oportet
341 1350 401 1414 quod
412 1351 541 1402 eonsideret
553 1351 606 1418 quid
624 1351 655 1404 sit
669 1351 713 1402 sibi
725 1351 824 1414 honoro,
834 1364 863 1402 ex

59 1426 103 1476 troo
117 1422 179 1489 quos
201 1426 238 1474 est
254 1423 354 1488 prudens
371 1422 432 1474 eirea
446 1424 531 1476 bonum
547 1423 709 1475 multitudinis.
723 1425 786 1476 tione
801 1420 866 1476 eninr¹

58 1494 183 1561 dispositio
197 1494 296 1559 purtiuru
308 1494 420 1559 uoeipitur
433 1492 557 1546 murum
571 1493 726 1547 habitudinem
740 1497 768 1547 ert
779 1499 861 1559 totum3

58 1567 125 1633 quie,
137 1569 166 1618 ut
180 1565 321 1630 Augustinus
334 1565 391 1616 dioit
406 1565 431 1616 in
441 1566 481 1616 tib.
494 1567 615 1630 Confusos„
633 1567 728 1630 «turpis
738 1570 774 1620 est
788 1567 863 1619 omnis

58 1651 110 1702 pars
126 1649 174 1690 suo
188 1637 232 1688 toti
245 1649 292 1688 non
302 1636 459 1701 eonreniens,
471 1637 508 1688 vel
521 1650 566 1689 nou
577 1649 738 1702 congruens.»

89 1711 124 1762 ist
135 1708 231 1762 tertium
248 1707 383 1771 utoenuun,
397 1707 458 1772 quid
474 1707 545 1758 etium
560 1708 708 1774 temperentia
723 1713 746 1760 et
757 1709 864 1762 tortitudo

58 1785 157 1848 possunt
180 1779 261 1831 reterri
274 1781 303 1830 ad
320 1781 406 1831 ionum
419 1793 553 1843 somnusue,
569 1781 628 1832 unte
645 1781 673 1832 de
687 1780 774 1832 estibus
787 1795 865 1832 enum

58 1856 143 1905 duntur
155 1855 273 1919 praeeeptu
289 1850 362 1916 tegis,
381 1855 407 1902 ut
421 1850 540 1902 dieituriu
557 1852 576 1902 V
593 1851 688 1916 esterp
705 1852 778 1917 magis
789 1856 865 1904 eutem

57 1924 185 1990 prudentis
198 1926 222 1975 et
231 1922 330 1989 justitie,
345 1936 396 1987 quo
409 1923 526 1987 portinent
539 1924 568 1974 ud
577 1928 665 1988 perteus
679 1923 824 1988 rouuuutem,
836 1925 865 1976 ed

57 2010 126 2060 quun
135 1993 225 2048 directe
235 1994 350 2058 pertinum
363 1996 505 2058 wmnuuuiu,
515 1994 576 2048 siout
588 1996 617 2048 ed
630 1997 718 2060 putem
732 1995 864 2049 sensitivam

59 2069 180 2133 pertinent
190 2065 321 2132 singulunu

88 2221 123 2286 (i)
138 2225 193 2271 Lib.
202 2223 251 2280 tv,
266 2232 320 2279 esp.
330 2222 358 2279 t,
372 2221 435 2279 qnod
448 2221 581 2269 inscribitur
592 2222 627 2269 De
643 2223 806 2282 paupertate,
823 2237 865 2282 pe-

58 2299 119 2346 regr.
129 2287 160 2346 9,
176 2285 220 2333 ubi
231 2284 322 2343 prensus
330 2284 410 2332 reseis
420 2282 489 2331 inem
500 2301 506 2330 ι
518 2287 609 2332 Putris
617 2297 669 2332 rem
681 2282 773 2348 (nquit)
787 2299 866 2334 uoue-

57 2353 177 2410 puispuo,
189 2360 242 2394 suess
249 2360 417 2407 eoonuupm
424 2347 588 2408 proposuist-
596 2361 739 2408 pauperque
749 2352 780 2396 in
789 2350 866 2398 dieite

58 2414 134 2474 potius
146 2413 219 2460 dives
230 2412 260 2458 iss
269 2424 379 2473 paupere
387 2413 494 2473 imperio
506 2412 600 2460 tersuri
611 2411 724 2463 motas,
735 2416 779 2462 etr.
