1992 3317
369 203 400 239 nn
414 203 481 240 runs.
780 194 825 242 785

66 280 84 328 et
96 273 203 340 positivum.
218 277 257 327 Sed
273 275 312 341 jus
326 277 428 342 gentium
451 290 497 328 non
512 281 547 328 est
563 278 603 342 jus
625 279 764 343 positivum3
780 294 826 332 uon

64 349 115 399 cuim
124 361 187 398 omnes
195 353 267 410 gentes
279 361 377 412 unquam
389 352 558 410 convenerunt,
568 352 594 398 ut
603 362 631 399 er
645 352 760 400 communi
771 365 827 402 eon-

63 419 113 470 dieto
124 417 193 482 aliquid
204 422 329 470 statuerent.
345 420 404 482 Ergo
416 419 454 482 jus
465 419 567 482 gentium
582 423 618 470 est
630 420 670 484 jus
683 423 794 472 natruale.

89 489 126 540 Sed
138 493 202 540 eontra
213 492 257 552 est,
267 489 327 554 qudd
341 490 439 541 Isidorus
454 490 510 540 dieit
526 489 573 553 (ubi
586 491 673 554 suprd),
688 491 746 554 quod
764 509 778 540 ιι
786 494 826 557 jus

60 564 94 611 aut
107 561 192 611 naturale
200 565 240 623 est,
248 564 287 611 aut
297 560 381 624 ciuile,
394 561 554 625 unigentium.
567 577 580 609 u
593 561 622 611 Et
633 562 665 612 ita
673 561 713 626 jos
723 564 826 626 gentium

59 631 184 694 distinguitur
194 633 205 682 'a
216 633 264 696 jure
276 631 381 682 naturali.

85 704 257 767 (Conmusro.-
275 705 333 754 Cim
345 708 384 770 jus
400 704 501 754 naturale
521 703 623 754 omnium
647 705 777 756 animalium
795 706 827 757 sit

55 775 206 839 commercius
217 777 290 825 auteur
302 775 403 840 gentium
417 774 445 825 ad
459 774 519 825 solos
532 775 639 826 homines
651 779 746 840 spectet,
754 777 827 842 dqnet

53 848 101 896 trine
119 846 204 910 aliquam
219 859 265 898 esse
283 847 341 912 juris
357 846 467 897 naturalis
480 848 505 896 et
515 846 575 910 juris
597 846 698 910 gentium
715 846 826 899 ‹lideren-

51 917 123 982 tiarn.)

77 989 199 1052 Respondeo
211 988 339 1052 dicendum,
352 987 411 1051 quud
425 985 485 1037 sicut
500 987 585 1038 dietum
602 991 638 1038 est
654 988 712 1051 (art.
721 991 738 1036 d
748 989 768 1054 l,
778 989 827 1053 jue

47 1060 93 1109 sive
105 1060 201 1123 justum
213 1059 310 1108 naturale
325 1060 432 1122 estquod
445 1072 474 1110 er
492 1059 529 1109 sui
543 1061 623 1108 natura
636 1062 671 1109 est
685 1059 825 1122 adaequatum

46 1133 80 1181 vel
94 1132 286 1181 commensuratum
297 1130 368 1180 alteri.
380 1129 427 1179 lloe
440 1132 516 1180 autem
525 1132 601 1193 potest
608 1129 739 1191 contingere
753 1129 826 1193 dupli-

43 1203 97 1252 citer
112 1217 118 1250 z
133 1214 175 1250 nno
187 1201 267 1261 modo,
283 1201 407 1250 secundum
420 1200 547 1250 absolutam
565 1199 600 1250 sui
614 1199 825 1264 considerationem,

41 1275 98 1324 sicut
112 1272 216 1323 masculus
229 1285 258 1322 ex
268 1271 303 1322 sui
314 1271 402 1322 ratione
418 1271 488 1322 habet
499 1272 742 1323 commensurationem
753 1272 781 1323 ad
792 1274 826 1324 ie·

39 1347 131 1407 minam,
143 1348 168 1394 ut
184 1357 211 1394 ex
226 1356 252 1394 ea
264 1347 368 1407 generet,
383 1347 406 1394 et
422 1356 505 1408 parens
524 1345 551 1394 ad
565 1343 650 1405 filiurn,
667 1347 694 1394 ιιι
708 1357 761 1394 eunn
781 1358 826 1394 nu«

39 1418 99 1466 trial.
114 1415 162 1466 lllio
173 1415 235 1464 modo
244 1413 328 1476 aliquid
343 1415 377 1465 est
385 1414 519 1464 naturaliter
533 1414 596 1464 alteri
610 1418 825 1477 commensuratum,

39 1501 81 1536 non
93 1481 211 1536 seeundum
224 1485 348 1535 absolutam
363 1485 398 1534 sni
412 1485 536 1546 nationem,
551 1485 592 1534 sed
605 1485 728 1534 secundum
742 1485 828 1548 aliquid

39 1559 94 1621 prod
109 1571 136 1607 ex
149 1557 197 1620 ipso
211 1555 319 1620 sequitur,
331 1555 386 1620 puta
396 1555 522 1618 proprietas
537 1555 715 1618 possessionum.
724 1553 750 1602 Si
765 1555 827 1604 enim

39 1629 187 1680 unsidcnetur
204 1627 248 1676 iste
267 1639 320 1689 agen
341 1624 453 1687 absolute,
468 1639 514 1676 non
533 1625 603 1675 habet
622 1627 683 1675 unde
705 1625 778 1686 inagis
795 1625 827 1676 sit

39 1717 58 1748 ur
59 1702 69 1763 j
73 1713 101 1749 us
106 1735 115 1761 ‚
126 1695 193 1762 quarn
202 1696 274 1760 illius;
291 1697 330 1748 sed
341 1697 361 1747 si
371 1695 525 1746 consideretur
538 1696 567 1746 ad
580 1695 772 1759 opportunitatem
787 1708 827 1745 eo·

39 1772 109 1833 endi,
129 1773 152 1819 et
166 1770 194 1818 ad
207 1767 324 1832 pacificum
338 1780 404 1816 nsum
414 1766 470 1829 agri,
482 1766 606 1816 seeundum
619 1767 663 1816 hoc
671 1764 740 1814 habet
748 1777 826 1828 qnam

39 1858 78 1892 am
95 1838 337 1890 commensurationem
350 1838 378 1888 ad
395 1838 439 1888 lnoc
454 1836 515 1900 quod
532 1836 563 1887 sit
579 1835 660 1896 unius,
672 1839 697 1885 et
710 1847 756 1884 non
769 1835 826 1886 alte·

40 1929 81 1976 us,
94 1915 121 1961 ut
130 1914 194 1976 patet
204 1922 246 1974 per
259 1910 424 1973 Philosophum
438 1906 462 1957 in
472 1905 492 1961 lt
502 1907 579 1958 Petit.
594 1907 654 1971 (cap.
671 1909 704 1968 ι).
718 1905 826 1958 lbsolutt

39 1990 101 2034 alem
117 1981 288 2046 apprehendere
302 1979 386 2044 aliquid
400 1991 445 2028 oon
458 1978 529 2029 solum
545 1977 651 2028 conuenit
662 1976 768 2036 homini,
786 1977 828 2027 sed

39 2057 91 2104 iarn
111 2051 164 2103 aliis
185 2049 334 2113 animalibus3
353 2052 377 2100 et
390 2049 440 2116 ideo
450 2048 490 2112 jus
504 2048 565 2112 qnod
580 2046 664 2098 dicitur
678 2047 779 2097 naturale
790 2060 827 2098 se-

44 2125 124 2174 ndum
137 2121 239 2186 primaru
254 2121 354 2182 modum,
373 2131 492 2170 commune
507 2123 543 2169 est
556 2117 623 2168 notis
635 2121 659 2167 et
674 2117 725 2167 aliis
741 2117 827 2167 anima-

39 2208 87 2244 ms.
103 2194 123 2242 Α
138 2193 193 2256 jure
202 2192 284 2240 'auum
294 2189 391 2240 naturali
408 2189 442 2240 sic
455 2190 516 2240 dioto
531 2188 617 2239 recedit
631 2188 667 2252 jus
679 2187 789 2251 gentium,
801 2191 828 2238 ιιι

39 2261 202 2315 ascensuum
211 2261 276 2325 dicit,
286 2261 340 2324 quia
349 2259 405 2309 illud
414 2259 520 2313 omnibus
532 2257 682 2320 animalibus,
695 2259 740 2308 hoc
754 2257 828 2308 sollum

39 2333 155 2384 minibus
172 2331 236 2382 inter
249 2344 274 2382 se
287 2341 407 2382 commune
423 2331 467 2380 est.
483 2329 632 2380 considerare
645 2333 721 2378 numm
733 2326 826 2391 aliquid,
848 2333 850 2337 ’

39 2403 176 2470 nparando
190 2403 220 2452 ad
231 2401 255 2452 id
272 2403 332 2466 quod
345 2414 373 2452 ex
387 2399 559 2464 prosequitur,
574 2402 610 2450 est
624 2397 741 2462 proprium
760 2397 830 2448 ratio·

67 2494 73 2526 :
93 2479 120 2526 et
131 2475 206 2536 ideo,
220 2475 267 2524 hoe
287 2473 346 2524 idem
361 2475 397 2523 est
413 2471 515 2522 naturale
533 2469 633 2533 homini,
647 2469 771 2520 seeundum
788 2482 829 2520 ra-

39 2560 102 2598 nem
116 2544 255 2594 naturalem
266 2557 317 2608 que
330 2545 374 2594 lroe
384 2543 464 2593 dictat.
475 2542 504 2592 nt
514 2540 566 2592 ideo
574 2540 628 2591 dicit
638 2541 706 2605 Cujus
717 2539 831 2604 juriscon-

39 2627 82 2669 :us
98 2632 106 2666 ε
125 2631 140 2664 ιι
153 2615 226 2674 Quod
238 2613 349 2664 naturalis
359 2611 417 2663 ratio
433 2611 694 2663 interomnesluomines
704 2609 829 2673 eonsdtnit,

39 2688 117 2754 epud
143 2699 235 2737 omnes
254 2687 334 2749 gentm
350 2682 456 2748 pereunt
477 2681 616 2744 custoditor,
632 2684 770 2744 vocaturque
790 2680 829 2742 jus

39 2764 125 2813 tium.
143 2774 160 2807 n

43 2839 57 2882 ι
74 2843 128 2896 per
143 2831 197 2880 hee
209 2826 406 2894 patet-responsio
422 2825 453 2878 ad
469 2825 577 2890 primum.

40 2907 62 2955 d
79 2901 234 2954 seeundum
245 2900 379 2962 dicendum,
394 2897 454 2964 quod
466 2898 529 2948 hune
542 2895 659 2950 mutuam
670 2905 724 2946 esse
738 2905 830 2946 seruum
