1992 3317
110 96 161 159 ‘tae
230 82 481 170 remurmuret,
499 109 593 163 nourr.
610 115 669 169 nr,
686 118 741 158 mr.
758 119 792 157 rr.

147 198 181 250 id
194 198 334 263 secundum,
345 196 405 261 qnid
419 194 543 247 similitudo
554 193 647 259 vestigii
659 204 707 247 oon
716 194 754 246 dat
764 195 933 261 capacitatem

114 271 167 323 uitae
177 272 283 332 ntcrnae,
295 270 334 321 sed
348 268 470 321 similitudo
480 268 586 333 imaginis
594 268 629 332 (t)
642 283 647 317 ε
658 268 719 319 unde
730 278 776 320 nuo
788 266 927 321 estsimilis

118 342 185 393 retiu.

148 414 180 463 rid
198 412 290 463 tertium
311 412 448 475 dicendum,
462 412 523 477 quod
540 410 596 462 tides
612 424 637 462 se
658 411 733 475 potest
747 411 870 462 extendere
892 412 928 473 ad

116 484 191 537 omniu
202 498 253 549 quae
263 488 317 534 sunt
327 497 469 548 quocumque
481 485 609 534 moderere
621 499 627 547 ;
640 484 680 534 sed
689 484 791 535 amicitie
799 484 924 534 charitatis

117 570 141 607 se
160 554 262 607 extendit
281 556 309 605 aul
325 554 363 605 ille
381 557 429 606 solu
450 568 501 619 quac
514 558 568 605 nata
586 557 640 605 sunt
659 554 741 606 habere
759 554 846 607 bunum
865 554 925 605 riter

118 631 220 679 eterne:
237 628 297 679 uude
311 640 362 679 nou
371 630 406 679 cst
419 626 502 679 simile.

415 798 576 851 seniculus
591 798 630 849 iv.
706 769 710 773 ⁴

190 914 277 961 [istum
291 914 359 959 homo
368 914 449 960 deceat
458 914 561 971 seipsum
571 926 600 958 co
608 912 727 957 charitate
741 910 850 970 diligere.

153 1034 186 1083 td
198 1036 304 1097 mertum
319 1033 352 1083 sic
361 1031 491 1095 proceditur
503 1032 548 1096 (t).
562 1033 656 1082 Videtur
667 1031 730 1095 qood
743 1032 811 1081 homo
825 1042 874 1081 uon
889 1030 927 1080 di·

122 1102 177 1167 ligat
190 1104 290 1168 seipsum
306 1104 473 1153 eucharium.
488 1104 551 1155 Dicit
566 1104 628 1153 enim
647 1102 768 1166 Gregorius
781 1102 807 1150 in
824 1101 927 1165 quadam

123 1175 217 1227 humilia
240 1174 343 1239 (scilieet
361 1174 428 1224 imm.
449 1174 511 1225 iiiili
526 1176 553 1224 ἐπ
575 1176 699 1239 Eueno),
710 1172 780 1237 qnid
791 1190 806 1220 u
823 1172 927 1221 euentus

123 1244 198 1297 mictu
210 1245 278 1308 quim
290 1246 351 1295 iuter
364 1246 421 1297 duos
434 1247 514 1297 teneri
526 1260 573 1298 non
585 1249 669 1310 potem.
682 1262 697 1294 u
710 1246 770 1307 iirgu
779 1244 809 1293 ad
820 1244 927 1307 seipsum

123 1316 200 1367 nuilus
212 1316 280 1367 hebet
293 1316 436 1370 charitatem.

155 1392 179 1436 i.
197 1388 320 1450 Praeterea,
331 1388 431 1439 amicitia
449 1390 477 1440 de
488 1390 524 1440 sui
542 1388 629 1439 ratione
640 1389 750 1453 importet
762 1387 929 1438 mmadonem

124 1462 150 1509 et
161 1459 327 1523 equalitatem,
340 1464 366 1511 ut
384 1461 485 1525 poietin
506 1462 564 1510 tili.
580 1459 683 1523 litttc.;
697 1472 747 1523 oue
765 1458 858 1520 quidem
879 1470 930 1509 non

124 1535 222 1597 possunt
229 1544 280 1582 esse
289 1532 380 1583 tumim
387 1534 417 1583 ad
429 1533 540 1595 setensium.
550 1533 593 1583 Sed
604 1531 705 1582 obtritas
713 1528 810 1580 amimtia
817 1529 929 1592 quedam

125 1606 168 1665 est,
183 1606 208 1657 ut
223 1602 291 1669 supri
303 1604 391 1655 dictum
403 1608 447 1655 est.
463 1603 524 1667 Ergo
534 1604 564 1655 ud
577 1603 679 1667 seipsum
693 1602 775 1667 adquin
785 1600 930 1653 mutuum

125 1674 212 1727 habere
225 1690 271 1727 non
284 1680 366 1741 neunt.

158 1750 181 1798 s.
195 1748 322 1807 Praeterea,
336 1746 390 1797 iliud
403 1748 463 1810 quod
481 1746 510 1796 ud
522 1745 657 1796 mutuum
664 1745 777 1808 geminet,
789 1756 836 1793 non
850 1746 930 1807 potest

126 1829 177 1869 essu
195 1816 344 1881 vituperabile
353 1834 364 1879 3.
371 1816 424 1879 quia
444 1816 568 1865 celeritas
587 1828 632 1865 non
649 1815 697 1877 egil
716 1824 851 1878 perpetem,
867 1830 882 1861 u
903 1818 931 1864 ut

128 1887 209 1937 dicitur
226 1888 245 1937 l.
265 1886 301 1937 od
316 1888 388 1947 Gor„
402 1887 460 1937 iiiii.
480 1888 527 1936 Sed
547 1898 623 1939 umere
641 1886 743 1949 seipsum
760 1889 797 1935 est
811 1885 929 1949 vitupera·

127 1956 188 2021 iiie;
201 1957 283 2009 dieitur
292 1957 353 2007 enim
361 1958 390 2009 ii.
401 1959 436 2009 cd
446 1958 564 2016 liuentis„
579 1959 625 2009 lii:
640 1974 655 2005 u
666 1958 692 2007 in
706 1956 839 2007 aerummis
848 1957 930 2007 dietim

128 2028 247 2081 instabunt
260 2032 363 2093 tempora
377 2030 514 2093 periculosa,
526 2035 550 2080 et
562 2034 627 2079 munt
640 2028 746 2079 domitus
757 2033 861 2079 ememtes
869 2026 932 2092 seip-

129 2114 175 2153 sos.
186 2117 200 2149 r
211 2102 268 2163 urge
283 2102 352 2151 homo
362 2114 408 2152 non
418 2104 494 2167 potest
503 2104 605 2166 seipsum
613 2101 708 2165 diligere
720 2110 750 2151 eu
762 2101 880 2151 charitate.

162 2172 207 2222 Sed
217 2176 296 2223 contra
309 2176 356 2234 est,
374 2175 434 2237 quod
450 2173 533 2223 dicitur
545 2175 637 2230 tecit,
656 2174 706 2223 lilii
719 2189 726 2222 ε
740 2191 754 2221 u
769 2172 853 2234 Diliges
873 2172 932 2220 ami·

129 2258 181 2297 oum
193 2244 228 2308 (t)
242 2248 304 2295 mum
322 2246 500 2309 sunt-teipsum.
511 2262 525 2292 u
535 2246 580 2296 Sed
598 2245 696 2295 amicum
709 2256 736 2295 ex
746 2246 857 2295 char-tute
872 2244 933 2295 dili-

130 2314 213 2379 gimus.
229 2316 290 2379 iirgo
303 2321 326 2367 et
341 2316 446 2381 nosipsoe
462 2332 494 2369 cn
505 2317 615 2368 chanuto
631 2318 739 2368 debemus
751 2317 856 2380 diligere.

165 2438 196 2501 (l)
212 2441 271 2487 Hinc
284 2440 338 2490 illud
351 2442 475 2501 Augustini
488 2442 531 2488 lib.
548 2443 611 2488 XIV.
625 2442 660 2488 De
674 2442 759 2492 Trite„
770 2454 824 2499 cap.
844 2440 861 2486 8
875 2459 882 2487 ι
895 2438 935 2488 lio

132 2502 164 2549 ad
175 2506 308 2561 imaginem
320 2504 364 2549 Det
378 2506 447 2550 homo
458 2510 506 2555 eat,
519 2518 565 2563 guo
578 2518 658 2563 eupooe
671 2505 718 2551 Dei
730 2509 772 2552 eet.

168 2573 197 2635 (Ξ)
214 2576 246 2620 Ite
260 2576 296 2620 llis
312 2576 416 2635 etiami,
431 2576 510 2627 Seret,
522 2576 578 2622 dist.
596 2571 641 2634 32,
653 2589 693 2633 qu.
707 2574 719 2619 1
728 2610 735 2636 ‚
749 2582 794 2622 ert.
809 2575 839 2633 S,
852 2575 882 2620 ud
899 2573 930 2629 ὃς

132 2638 157 2683 ist
170 2644 194 2683 et
207 2638 342 2697 iii,Seut.,
353 2638 407 2684 dist.
420 2638 460 2701 ec,
476 2646 551 2695 art...;
571 2644 595 2685 et
604 2653 645 2701 qu.
658 2640 687 2700 2,
702 2640 731 2685 de
743 2640 835 2698 virtut,
849 2644 893 2683 art.
905 2637 931 2697 7,

133 2700 158 2746 in
168 2712 243 2759 eorm,
258 2708 282 2747 et
294 2700 324 2748 ud
337 2700 377 2747 tt.

168 2770 198 2834 (3)
217 2774 247 2819 tit
259 2774 283 2818 in
294 2774 410 2835 Vulgata,
426 2789 448 2821 v.
463 2774 502 2821 18.
518 2775 561 2820 sed
574 2773 670 2829 πλησίον
682 2792 721 2825 σου
736 2773 797 2831 apud
810 2771 852 2832 io,
864 2772 888 2819 id
897 2778 932 2818 est

133 2846 278 2907 precium
289 2850 367 2893 tuum.
377 2849 408 2895 iit
420 2848 454 2895 rio
462 2846 536 2895 etim
547 2846 664 2907 mrtem,
672 2844 768 2899 dim..
776 2844 809 2906 V,
818 2854 883 2892 rene
891 2842 930 2899 tu
