1992 3317
128 185 159 226 uu
173 183 352 232 mmmm-uo
367 145 446 227 raama
460 167 756 249 rmsoauuaaamaadrn.
796 176 842 232 ull

51 263 136 318 timouii
148 263 173 317 iu'
184 265 298 330 aliquibus
316 265 492 318 circumstantiis
504 281 553 320 non
563 262 731 334 pertinentibus
745 266 773 320 ad
789 267 843 322 sult-

52 339 153 388 stantiam
166 338 230 399 iacti,
245 339 300 402 puta
316 338 336 389 si
349 341 442 404 tempus
454 339 523 390 luerit
534 338 664 392 nubilosum
676 342 714 392 vel
728 355 843 407 seminum,

51 411 85 460 uel
94 411 115 461 si
125 410 283 462 dumusiuerit
293 412 357 476 picta
369 415 410 461 aut
426 423 482 476 nou,
492 415 531 463 ant
544 414 630 478 aliquid
639 413 780 479 uniusmodi,
788 417 845 466 -tatis

51 481 157 534 discordia
170 495 217 534 non
234 483 368 548 prejudicat
384 484 528 549 testimoni03
544 486 597 552 quia
609 486 712 537 homines
728 498 774 537 non
789 501 845 538 con·

51 558 170 606 sueverunt
178 555 237 606 circa
249 556 304 606 talia
314 555 411 606 multum
420 557 547 622 sollicitari,
560 560 620 609 uode
633 558 701 610 facile
714 557 847 612 anemoria

50 627 174 678 circuatur.
186 627 245 688 outa
257 627 307 680 rma
322 628 524 692 arquauseoau
538 630 563 680 ta
580 630 663 681 maur
676 631 730 681 aaa
741 632 846 685 aestimo·
947 620 956 636 '

51 698 110 748 nium
127 699 271 760 credibilius,
287 703 312 750 ut
330 701 505 767 chrysostomus
518 701 574 751 dicit
587 716 656 766 super
673 703 777 768 uattt.;
793 704 847 769 qnia

53 770 70 820 si
83 770 106 821 in
120 772 227 823 omnihus
240 771 410 834 comederent,
424 769 493 823 etiam
508 773 533 822 in
547 773 657 835 minimis,
673 774 803 826 riderentur
818 789 847 825 en

51 844 154 896 condicto
164 845 269 896 eumdem
284 857 411 896 sermonem
427 847 538 910 proteram
552 846 614 910 quod
626 849 703 896 umen
720 847 847 912 prudentie

48 913 131 976 indicis
144 915 278 981 relinquitur
291 917 474 968 discernendum.

79 989 113 1038 ld
133 987 227 1038 tertium
239 988 373 1050 dicendum,
386 988 445 1054 qudd
468 989 525 1040 illud
545 989 619 1040 locum
634 989 704 1040 halet
722 989 849 1053 specialiter

50 1059 73 1108 iu
89 1059 223 1124 episcopia,
240 1062 396 1126 presbyteris,
416 1059 517 1111 diaconia
528 1064 553 1111 et
571 1058 660 1110 clericis
678 1060 784 1112 Ecclesia
798 1063 848 1112 lto-

51 1144 131 1202 manae,
141 1135 236 1196 propter
248 1133 298 1196 ejus
311 1133 451 1197 dignitatem.
466 1134 495 1183 llt
505 1134 550 1183 ltoc
560 1131 645 1196 triplici
660 1133 746 1182 ratione
757 1147 763 1180 ι
773 1133 848 1196 primd

48 1202 156 1266 quidem,
173 1204 227 1266 quia
240 1203 306 1254 inea
324 1206 381 1255 tales
400 1204 488 1254 institui
506 1205 604 1264 debent,
620 1217 714 1266 quoram
734 1204 850 1254 sanctitati

49 1275 111 1338 prids
127 1275 233 1327 credatur
245 1275 313 1338 quam
328 1277 404 1326 multis
417 1276 529 1341 testibus3
548 1275 661 1339 secundo,
676 1275 729 1340 quia
747 1276 851 1327 homines

49 1348 87 1412 quui
99 1348 188 1398 habeut
201 1349 230 1398 de
243 1348 295 1398 aliis
311 1349 429 1415 judicare,
449 1348 512 1412 supe
527 1352 620 1412 propter
634 1347 748 1412 justitiam
768 1349 851 1399 multos

48 1418 192 1470 adversarios
204 1419 289 1470 habent
295 1457 303 1483 ‚
319 1421 379 1471 unde
393 1433 440 1472 non
453 1424 490 1470 est
504 1420 591 1484 passim
604 1420 742 1470 credendum
754 1420 851 1471 testibus

48 1496 127 1542 contra
140 1503 194 1553 eos,
208 1490 256 1540 uisi
273 1503 355 1555 magna
371 1491 495 1542 multitudo
509 1491 646 1554 conveniat3
661 1490 743 1553 tertii,
755 1491 809 1554 quia
822 1505 851 1542 ex

47 1563 243 1614 condemnatione
263 1563 360 1626 alicujus
374 1575 452 1614 eorum
470 1565 628 1626 derogaretur,
642 1562 667 1612 in
686 1562 793 1626 opinione
809 1564 851 1613 lno-

49 1634 152 1698 minum,
165 1633 271 1698 dignitati
281 1635 344 1684 iltius
357 1633 463 1684 Ecclesia
477 1637 501 1684 et
515 1633 656 1694 auctoritati,
670 1634 729 1697 quod
743 1637 779 1683 est
791 1633 851 1697 peri-

50 1708 154 1758 calasius
166 1706 235 1770 quam
251 1707 275 1756 in
290 1720 318 1756 ca
334 1707 432 1757 tolerare
447 1705 547 1770 aliquem
562 1709 711 1770 peccatorem,
725 1705 771 1755 nisi
786 1706 852 1756 valdd

48 1780 170 1843 publicum
184 1781 207 1829 et
220 1778 381 1841 manifestum,
392 1779 420 1829 dc
434 1791 479 1842 quo
494 1777 702 1842 petasunculum
717 1777 820 1828 amatu.

348 1963 559 2018 tartcunnsnr.
636 1935 640 1938 ’

94 2091 310 2150 cirumcidantur
332 2090 492 2136 testimouium
512 2090 544 2134 ait
566 2089 651 2146 adaque
670 2089 722 2144 ejas
744 2089 814 2145 culpa

261 2206 264 2211 ¹
371 2155 541 2212 repellendum.

76 2289 114 2344 nd
128 2283 226 2342 stadium
243 2287 276 2336 sic
294 2285 430 2350 proceditur.
450 2285 543 2335 Videtur
556 2282 616 2347 quod
632 2282 731 2347 alicujus
750 2283 853 2334 testimo·

43 2364 112 2414 nium
122 2353 187 2412 'mou
202 2359 233 2408 sit
248 2355 416 2422 repellendum,
431 2355 477 2405 nisi
489 2359 581 2418 propter
599 2355 695 2418 culpant.
717 2355 854 2412 Quibusdam

44 2433 148 2485 enimin
159 2442 252 2494 paenam
261 2427 437 2492 lulligitnrqudd
446 2427 473 2476 ad
480 2424 635 2476 testimonium
644 2437 688 2474 non
698 2424 856 2486 admittantur,

42 2503 199 2568 sicut-*putet
216 2501 241 2552 iu
256 2500 294 2549 nis
310 2499 350 2562 qui
366 2496 460 2547 inlamii
480 2499 594 2546 notantur.
611 2495 656 2544 Sed
669 2507 737 2559 poena
753 2509 799 2546 non
818 2499 854 2546 est

41 2574 176 2630 inferenda
185 2571 232 2621 nisi
240 2583 280 2635 pro
290 2571 367 2634 culpa.
376 2571 435 2632 Ergo
444 2568 534 2618 uidetur
541 2566 602 2630 qudd
610 2565 693 2616 nullius
701 2567 855 2618 testimonium

43 2651 135 2702 debeat
154 2643 252 2707 repelli,
268 2642 311 2694 uisi
327 2645 419 2706 propter
433 2641 531 2704 culpam.

75 2729 104 2776 e,
120 2719 253 2776 praeterea,
270 2731 284 2762 a
300 2715 327 2765 de
344 2713 443 2778 quolibet
455 2711 636 2776 praesumendum
656 2710 801 2770 esthonum,
813 2709 859 2760 nisi

42 2793 166 2864 appareat
183 2787 356 2847 contrarium»
373 2787 412 2850 (ut
432 2787 495 2848 patet
515 2785 608 2832 Extra.
628 2781 660 2832 de
679 2783 858 2847 presumptio·

41 2869 131 2924 uidua,
146 2872 203 2922 cap.
215 2858 342 2921 Dudum).
350 2857 393 2908 Sed
402 2856 430 2906 ad
443 2854 567 2907 honitatem
577 2854 678 2906 hominis
688 2852 788 2918 pertinet
798 2853 858 2916 qudd

41 2951 132 2994 aerum
155 2929 316 2990 testimouium
337 2929 405 2983 dicat.
422 2927 480 2982 dum
495 2940 549 2992 ergo
564 2940 612 2979 non
626 2925 700 2991 possit
715 2927 818 2976 constare
829 2925 859 2976 de
