1992 3317
352 127 384 166 nc
399 126 582 166 {naumurum
819 103 871 167 aaa

51 205 188 259 deridentis
210 217 236 255 ae
256 205 332 256 habet.
347 205 394 256 ileo
412 207 488 256 emen
508 203 628 256 venialiter
650 205 764 270 mommio
782 205 866 269 aliquale

52 277 197 342 simpliciter
207 276 316 328 recidivat
325 277 362 327 uel
376 275 476 339 simulat,
491 276 530 327 sod
542 275 676 342 dispositive
688 281 712 327 et
722 277 864 342 imperfecte.

89 351 127 400 Ad
136 349 230 400 tertiam
243 348 373 411 tiendum,
383 346 442 412 qnod
451 347 535 398 derisio
546 347 670 398 meandum
680 362 745 401 cuam
753 349 866 401 rationem

51 421 135 473 levina
147 419 231 483 aliquid
246 422 282 470 eat
292 419 359 483 quim
370 420 477 471 detractio
491 419 747 484 accenderemini
757 433 804 470 non
821 419 866 469 im·

52 495 138 557 portat
156 493 318 554 contemptum,
332 491 371 540 oed
389 491 475 541 ludum.
491 492 630 556 Quandoque
640 495 719 542 tanmn
731 491 800 541 habet
816 504 867 541 ma-

52 564 136 628 jorem
148 565 304 626 contemptum
315 561 384 626 quam
398 561 535 614 contumelia
546 561 591 626 (1),
602 566 628 612 ut
643 561 712 627 supra
725 562 812 613 dictum
821 565 865 626 eat3

53 641 116 686 tunc
127 637 166 685 eat
178 647 246 698 mave
257 635 385 698 peceatum.

310 917 476 987 alnella
493 917 631 984 LXXVI.

144 1063 182 1108 na
193 1059 374 1117 adamatam,
388 1050 419 1106 oi
432 1063 538 1118 quatuor
557 1061 677 1108 ammes
694 1058 788 1108 doma.

21 1257 22 1262 ,
92 1213 181 1264 Poetea
192 1211 383 1262 considerandum
394 1212 429 1260 eat
441 1211 469 1261 de
479 1211 645 1264 maledictione.

92 1287 124 1335 lit
138 1283 197 1334 cuca
212 1285 257 1334 hoo
268 1285 400 1348 queruntur
413 1285 509 1346 quatuor
523 1286 571 1333 :1⁰
584 1283 664 1336 Utrum
676 1283 739 1335 licite
745 1283 866 1350 coecitati-

57 1357 113 1421 ouie
128 1354 263 1406 maledicere
280 1353 376 1405 laomim.
387 1359 414 1404 2⁰
424 1353 504 1404 Utrum
517 1353 577 1406 licite
593 1356 664 1421 poscit
677 1357 758 1420 aliquis
770 1356 866 1408 mdedi·

21 1475 22 1478 ,
58 1441 115 1479 cere
128 1425 255 1476 irrationali
278 1430 395 1478 creature.
411 1430 436 1474 3⁰
454 1425 534 1477 Utriam
551 1427 679 1479 maledictio
697 1427 728 1479 eit
747 1431 866 1494 peccatum

58 1499 169 1551 mortale.
184 1499 210 1546 t⁰
223 1497 255 1548 lic
268 1497 434 1563 comparatione
448 1498 499 1561 ejus
512 1498 542 1548 ad
554 1497 598 1548 alia
611 1502 714 1563 peccata.

368 1676 529 1728 annicetus
543 1678 563 1728 l.

245 1803 330 1848 Utntm
341 1802 412 1848 liccat
422 1801 563 1848 maledicere
570 1803 683 1861 aliquem.

96 1933 132 1984 ld
142 1930 243 1996 primm
256 1929 290 1981 nic
303 1930 439 1994 proceditur.
454 1929 548 1981 Videtur
562 1929 623 1994 quon
633 1944 680 1982 non
691 1930 759 1982 liceat
768 1931 866 1983 maledi-

62 2017 117 2058 cere
134 2003 242 2066 aliquem.
257 2003 308 2052 Non
321 2001 427 2052 ostentm
441 2001 531 2051 licitum
542 2001 659 2066 oretemc
668 2004 798 2053 mandatnm
809 2005 868 2067 apo

62 2074 119 2128 stoli
125 2111 135 2138 ,
147 2073 170 2123 in
182 2087 226 2136 quo
239 2073 342 2140 Christus
352 2073 497 2137 loquebatur,
512 2072 629 2123 utdicitur
641 2074 662 2123 ll
675 2073 711 2123 ud
722 2074 792 2131 Cor..
804 2075 866 2126 lllll.

61 2149 109 2199 Sed
124 2147 175 2210 ipse
188 2143 298 2208 precepit
313 2147 392 2199 Rom„
411 2145 450 2195 llll
466 2144 639 2195 :olteuedicite
653 2148 677 2195 ct
692 2144 761 2197 nolite
773 2145 867 2197 malodi-

63 2229 128 2269 cere.
142 2233 157 2265 »
176 2217 234 2280 llrgo
247 2227 293 2266 oon
307 2214 362 2265 licet
374 2215 472 2280 alicuem
490 2215 634 2267 maledicere.

98 2295 124 2339 a.
139 2289 266 2350 Praene,
280 2299 359 2338 omnes
377 2290 482 2338 tenentur
497 2288 569 2339 mum
582 2287 729 2350 benedicere,
740 2286 868 2340 secundum

63 2361 125 2412 illud
139 2360 215 2415 noe,
225 2359 271 2410 lil:
288 2357 456 2422 «Benedicite,
467 2359 509 2408 tilii
524 2358 658 2422 hominum,
672 2359 775 2410 liomino.
789 2375 803 2406 n
818 2360 865 2410 Sed

66 2445 116 2484 non
133 2433 252 2496 potenter
271 2431 351 2482 eodem
363 2443 402 2482 ore
419 2431 542 2495 procedere
557 2430 686 2482 benedictio
700 2430 743 2481 liei
760 2433 784 2480 et
797 2430 869 2481 malc-

101 2593 134 2660 (lt
149 2595 249 2642 Maxime
259 2595 314 2641 uero
327 2595 351 2639 ln
366 2606 489 2652 porsonam
503 2596 540 2641 cui
553 2608 581 2641 ex
594 2607 740 2654 quocumque
757 2601 867 2655 respectu

65 2659 176 2720 specialia
190 2657 319 2704 reuerentia
332 2657 452 2716 debeatur,
466 2663 491 2703 ut
504 2659 587 2704 derisio
602 2661 650 2704 Noe
662 2669 704 2716 per
716 2659 797 2715 dham,
813 2669 867 2716 quoa

65 2722 228 2771 maledictione
239 2722 319 2780 punita
331 2725 367 2766 eet
378 2717 481 2781 (Genea,
490 2720 543 2779 1103
558 2721 595 2766 uel
608 2720 700 2767 navidis
713 2733 755 2779 per
763 2721 865 2780 melcol,

67 2799 122 2846 quae
145 2785 278 2842 peniteant
299 2783 419 2830 tterilitate
437 2781 474 2844 (11
497 2784 567 2841 lieo..
584 2781 650 2844 Vll:
670 2785 707 2830 rel
724 2783 801 2830 liderei
825 2797 868 2841 per

68 2858 170 2910 pueros,
184 2859 254 2906 quem
266 2859 373 2896 meorum
383 2845 503 2896 maenada
520 2850 600 2895 meula
618 2852 654 2894 eet
667 2843 717 2909 (lt
730 2847 802 2904 lieo«,
811 2843 861 2907 ΙΙ).
