<?xml version="1.0" encoding="UTF-8"?>
<!DOCTYPE html PUBLIC "-//W3C//DTD XHTML 1.0 Transitional//EN"
    "http://www.w3.org/TR/xhtml1/DTD/xhtml1-transitional.dtd">
<html xmlns="http://www.w3.org/1999/xhtml" xml:lang="en" lang="en">
 <head>
  <title>
</title>
<meta http-equiv="Content-Type" content="text/html;charset=utf-8" />
  <meta name='ocr-system' content='tesseract 3.04.00' />
  <meta name='ocr-capabilities' content='ocr_page ocr_carea ocr_par ocr_line ocrx_word'/>
</head>
<body>
  <div class='ocr_page' id='page_1' title='image "./summatheologica03nicogoog_1018.png"; bbox 0 0 1992 3317; ppageno 0'>
   <div class='ocr_carea' id='block_1_1' title="bbox 197 129 841 179">
    <p class='ocr_par' dir='ltr' id='par_1_1' title="bbox 197 129 841 179">
     <span class='ocr_line' id='line_1_1' title="bbox 197 129 841 179; baseline 0.006 -5"><span class='ocrx_word' id='word_1_1' title='bbox 197 137 229 176; x_wconf 82' lang='lat' dir='ltr'><strong>ns</strong></span> <span class='ocrx_word' id='word_1_2' title='bbox 244 135 415 178; x_wconf 70' lang='lat' dir='ltr'><strong>mmmmm</strong></span> <span class='ocrx_word' id='word_1_3' title='bbox 430 135 685 179; x_wconf 62' lang='lat' dir='ltr'><strong>murmuramus.</strong></span> <span class='ocrx_word' id='word_1_4' title='bbox 781 129 841 178; x_wconf 83' lang='lat' dir='ltr'><strong>tort</strong></span> 
     </span>
    </p>
   </div>
   <div class='ocr_carea' id='block_1_2' title="bbox 44 213 845 707">
    <p class='ocr_par' dir='ltr' id='par_1_2' title="bbox 44 213 845 707">
     <span class='ocr_line' id='line_1_2' title="bbox 74 213 844 282; baseline 0 -14"><span class='ocrx_word' id='word_1_5' title='bbox 74 213 108 268; x_wconf 79' lang='lat' dir='ltr'><strong>dd</strong></span> <span class='ocrx_word' id='word_1_6' title='bbox 117 217 222 278; x_wconf 76' lang='lat' dir='ltr'><strong>poenum</strong></span> <span class='ocrx_word' id='word_1_7' title='bbox 235 213 371 275; x_wconf 76' lang='lat' dir='ltr'><strong>dicendum,</strong></span> <span class='ocrx_word' id='word_1_8' title='bbox 382 213 442 278; x_wconf 81' lang='lat' dir='ltr'><strong>quod</strong></span> <span class='ocrx_word' id='word_1_9' title='bbox 453 213 550 265; x_wconf 65' lang='lat' dir='ltr'><strong>omisis</strong></span> <span class='ocrx_word' id='word_1_10' title='bbox 564 214 651 266; x_wconf 75' lang='lat' dir='ltr'><strong>direnti</strong></span> <span class='ocrx_word' id='word_1_11' title='bbox 663 216 784 281; x_wconf 90' lang='lat' dir='ltr'><strong>opponitur</strong></span> <span class='ocrx_word' id='word_1_12' title='bbox 793 218 844 282; x_wconf 87' lang='lat' dir='ltr'><strong>jus·</strong></span> 
     </span>
     <span class='ocr_line' id='line_1_3' title="bbox 46 285 844 353; baseline 0 -15"><span class='ocrx_word' id='word_1_13' title='bbox 46 287 113 349; x_wconf 76' lang='lat' dir='ltr'><strong>titis,</strong></span> <span class='ocrx_word' id='word_1_14' title='bbox 128 288 153 336; x_wconf 89' lang='lat' dir='ltr'><strong>ut</strong></span> <span class='ocrx_word' id='word_1_15' title='bbox 167 285 252 338; x_wconf 85' lang='lat' dir='ltr'><strong>dietum</strong></span> <span class='ocrx_word' id='word_1_16' title='bbox 270 287 318 348; x_wconf 79' lang='lat' dir='ltr'><strong>est3</strong></span> <span class='ocrx_word' id='word_1_17' title='bbox 334 298 380 336; x_wconf 87' lang='lat' dir='ltr'><strong>uon</strong></span> <span class='ocrx_word' id='word_1_18' title='bbox 391 285 452 336; x_wconf 87' lang='lat' dir='ltr'><strong>eninr</strong></span> <span class='ocrx_word' id='word_1_19' title='bbox 469 289 506 336; x_wconf 87' lang='lat' dir='ltr'><strong>est</strong></span> <span class='ocrx_word' id='word_1_20' title='bbox 518 285 613 337; x_wconf 90' lang='lat' dir='ltr'><strong>omissio</strong></span> <span class='ocrx_word' id='word_1_21' title='bbox 626 286 680 336; x_wconf 83' lang='lat' dir='ltr'><strong>boni</strong></span> <span class='ocrx_word' id='word_1_22' title='bbox 692 287 788 353; x_wconf 70' lang='lat' dir='ltr'><strong>alieuius</strong></span> <span class='ocrx_word' id='word_1_23' title='bbox 797 288 844 338; x_wconf 83' lang='lat' dir='ltr'><strong>rir-</strong></span> 
     </span>
     <span class='ocr_line' id='line_1_4' title="bbox 44 355 844 422; baseline 0.003 -13"><span class='ocrx_word' id='word_1_24' title='bbox 44 359 113 420; x_wconf 90' lang='lat' dir='ltr'><strong>tutis,</strong></span> <span class='ocrx_word' id='word_1_25' title='bbox 127 355 172 407; x_wconf 91' lang='lat' dir='ltr'><strong>nisi</strong></span> <span class='ocrx_word' id='word_1_26' title='bbox 184 356 226 407; x_wconf 90' lang='lat' dir='ltr'><strong>snb</strong></span> <span class='ocrx_word' id='word_1_27' title='bbox 239 357 327 407; x_wconf 85' lang='lat' dir='ltr'><strong>ratione</strong></span> <span class='ocrx_word' id='word_1_28' title='bbox 339 355 419 418; x_wconf 90' lang='lat' dir='ltr'><strong>debiti,</strong></span> <span class='ocrx_word' id='word_1_29' title='bbox 427 358 486 421; x_wconf 85' lang='lat' dir='ltr'><strong>quod</strong></span> <span class='ocrx_word' id='word_1_30' title='bbox 495 357 596 421; x_wconf 76' lang='lat' dir='ltr'>pertinet</span> <span class='ocrx_word' id='word_1_31' title='bbox 609 359 638 408; x_wconf 93' lang='lat' dir='ltr'><strong>ad</strong></span> <span class='ocrx_word' id='word_1_32' title='bbox 650 357 774 422; x_wconf 83' lang='lat' dir='ltr'><strong>justitiam.</strong></span> <span class='ocrx_word' id='word_1_33' title='bbox 786 361 844 420; x_wconf 83' lang='lat' dir='ltr'><strong>Plus</strong></span> 
     </span>
     <span class='ocr_line' id='line_1_5' title="bbox 45 427 845 494; baseline 0.004 -13"><span class='ocrx_word' id='word_1_34' title='bbox 45 435 118 482; x_wconf 87' lang='lat' dir='ltr'><strong>autem</strong></span> <span class='ocrx_word' id='word_1_35' title='bbox 131 428 251 493; x_wconf 76' lang='lat' dir='ltr'>requiritur</span> <span class='ocrx_word' id='word_1_36' title='bbox 262 429 291 480; x_wconf 88' lang='lat' dir='ltr'><strong>ad</strong></span> <span class='ocrx_word' id='word_1_37' title='bbox 303 431 378 480; x_wconf 86' lang='lat' dir='ltr'><strong>sotum</strong></span> <span class='ocrx_word' id='word_1_38' title='bbox 387 427 479 480; x_wconf 86' lang='lat' dir='ltr'><strong>uirtutis</strong></span> <span class='ocrx_word' id='word_1_39' title='bbox 492 429 717 494; x_wconf 81' lang='lat' dir='ltr'><strong>meritorium,qutsn</strong></span> <span class='ocrx_word' id='word_1_40' title='bbox 730 431 759 482; x_wconf 92' lang='lat' dir='ltr'><strong>ad</strong></span> <span class='ocrx_word' id='word_1_41' title='bbox 769 433 845 484; x_wconf 74' lang='lat' dir='ltr'><strong>dono</strong></span> 
     </span>
     <span class='ocr_line' id='line_1_6' title="bbox 45 499 843 564; baseline 0.003 -12"><span class='ocrx_word' id='word_1_42' title='bbox 45 501 112 552; x_wconf 86' lang='lat' dir='ltr'><strong>ritum</strong></span> <span class='ocrx_word' id='word_1_43' title='bbox 122 501 205 564; x_wconf 78' lang='lat' dir='ltr'><strong>eulpa,</strong></span> <span class='ocrx_word' id='word_1_44' title='bbox 216 499 270 563; x_wconf 81' lang='lat' dir='ltr'><strong>quia</strong></span> <span class='ocrx_word' id='word_1_45' title='bbox 280 517 294 548; x_wconf 82' lang='grc' dir='ltr'><strong>(ι</strong></span> <span class='ocrx_word' id='word_1_46' title='bbox 303 500 388 552; x_wconf 83' lang='lat' dir='ltr'><strong>bouum</strong></span> <span class='ocrx_word' id='word_1_47' title='bbox 395 504 431 552; x_wconf 89' lang='lat' dir='ltr'><strong>est</strong></span> <span class='ocrx_word' id='word_1_48' title='bbox 442 513 471 552; x_wconf 82' lang='lat' dir='ltr'><strong>er</strong></span> <span class='ocrx_word' id='word_1_49' title='bbox 480 499 569 564; x_wconf 87' lang='lat' dir='ltr'><strong>integra</strong></span> <span class='ocrx_word' id='word_1_50' title='bbox 579 513 663 563; x_wconf 70' lang='lat' dir='ltr'><strong>musa,</strong></span> <span class='ocrx_word' id='word_1_51' title='bbox 673 502 758 552; x_wconf 87' lang='lat' dir='ltr'><strong>malurn</strong></span> <span class='ocrx_word' id='word_1_52' title='bbox 765 506 843 554; x_wconf 83' lang='lat' dir='ltr'><strong>autern</strong></span> 
     </span>
     <span class='ocr_line' id='line_1_7' title="bbox 44 571 844 641; baseline 0 -17"><span class='ocrx_word' id='word_1_53' title='bbox 44 587 70 624; x_wconf 88' lang='lat' dir='ltr'><strong>er</strong></span> <span class='ocrx_word' id='word_1_54' title='bbox 84 571 181 636; x_wconf 88' lang='lat' dir='ltr'><strong>singulis</strong></span> <span class='ocrx_word' id='word_1_55' title='bbox 193 571 326 622; x_wconf 65' lang='lat' dir='ltr'><strong>dedentibus.</strong></span> <span class='ocrx_word' id='word_1_56' title='bbox 344 573 401 624; x_wconf 77' lang='lat' dir='ltr'><strong>»Et</strong></span> <span class='ocrx_word' id='word_1_57' title='bbox 417 571 469 622; x_wconf 89' lang='lat' dir='ltr'><strong>ideo</strong></span> <span class='ocrx_word' id='word_1_58' title='bbox 482 572 512 622; x_wconf 90' lang='lat' dir='ltr'><strong>ad</strong></span> <span class='ocrx_word' id='word_1_59' title='bbox 525 571 622 636; x_wconf 80' lang='lat' dir='ltr'><strong>justitia</strong></span> <span class='ocrx_word' id='word_1_60' title='bbox 638 571 744 624; x_wconf 82' lang='lat' dir='ltr'><strong>meritura</strong></span> <span class='ocrx_word' id='word_1_61' title='bbox 764 574 844 641; x_wconf 82' lang='lat' dir='ltr'><strong>requi·</strong></span> 
     </span>
     <span class='ocr_line' id='line_1_8' title="bbox 44 643 547 707; baseline -0.008 -11"><span class='ocrx_word' id='word_1_62' title='bbox 44 646 100 696; x_wconf 92' lang='lat' dir='ltr'><strong>ritnr</strong></span> <span class='ocrx_word' id='word_1_63' title='bbox 116 647 179 694; x_wconf 78' lang='lat' dir='ltr'><strong>udus</strong></span> <span class='ocrx_word' id='word_1_64' title='bbox 189 681 196 707; x_wconf 92' lang='lat'><strong>,</strong></span> <span class='ocrx_word' id='word_1_65' title='bbox 207 657 253 696; x_wconf 88' lang='lat' dir='ltr'><strong>non</strong></span> <span class='ocrx_word' id='word_1_66' title='bbox 264 645 340 696; x_wconf 87' lang='lat' dir='ltr'><strong>auteur</strong></span> <span class='ocrx_word' id='word_1_67' title='bbox 351 644 380 694; x_wconf 88' lang='lat' dir='ltr'><strong>ad</strong></span> <span class='ocrx_word' id='word_1_68' title='bbox 388 643 547 695; x_wconf 82' lang='lat' dir='ltr'><strong>omissionem.</strong></span> 
     </span>
    </p>
   </div>
   <div class='ocr_carea' id='block_1_3' title="bbox 333 821 549 874">
    <p class='ocr_par' dir='ltr' id='par_1_3' title="bbox 333 821 549 874">
     <span class='ocr_line' id='line_1_9' title="bbox 333 821 549 874; baseline 0 0"><span class='ocrx_word' id='word_1_69' title='bbox 333 823 494 874; x_wconf 72' lang='lat' dir='ltr'><strong>iuuentus</strong></span> <span class='ocrx_word' id='word_1_70' title='bbox 509 821 549 874; x_wconf 74' lang='lat' dir='ltr'><strong>tt.</strong></span> 
     </span>
    </p>
   </div>
   <div class='ocr_carea' id='block_1_4' title="bbox 76 947 818 1070">
    <p class='ocr_par' dir='ltr' id='par_1_4' title="bbox 76 947 818 1070">
     <span class='ocr_line' id='line_1_10' title="bbox 76 947 818 1007; baseline 0.001 -12"><span class='ocrx_word' id='word_1_71' title='bbox 76 948 163 996; x_wconf 76' lang='lat' dir='ltr'><strong>Uirium</strong></span> <span class='ocrx_word' id='word_1_72' title='bbox 175 951 297 1005; x_wconf 64' lang='lat' dir='ltr'><strong>prenomen</strong></span> <span class='ocrx_word' id='word_1_73' title='bbox 306 949 439 994; x_wconf 68' lang='lat' dir='ltr'><strong>montonis</strong></span> <span class='ocrx_word' id='word_1_74' title='bbox 452 949 484 994; x_wconf 81' lang='grc' dir='ltr'><strong>ιιι</strong></span> <span class='ocrx_word' id='word_1_75' title='bbox 497 949 598 1006; x_wconf 74' lang='lat' dir='ltr'><strong>gravius</strong></span> <span class='ocrx_word' id='word_1_76' title='bbox 609 947 683 1006; x_wconf 79' lang='lat' dir='ltr'><strong>parim</strong></span> <span class='ocrx_word' id='word_1_77' title='bbox 695 953 818 1007; x_wconf 65' lang='lat' dir='ltr'><strong>mentam</strong></span> 
     </span>
     <span class='ocr_line' id='line_1_11' title="bbox 346 1012 551 1070; baseline 0.01 -14"><span class='ocrx_word' id='word_1_78' title='bbox 346 1012 551 1070; x_wconf 71' lang='lat' dir='ltr'><strong>transgressionis.</strong></span> 
     </span>
    </p>
   </div>
   <div class='ocr_carea' id='block_1_5' title="bbox 34 1137 849 2776">
    <p class='ocr_par' dir='ltr' id='par_1_5' title="bbox 40 1137 846 1634">
     <span class='ocr_line' id='line_1_12' title="bbox 75 1137 846 1203; baseline 0 -12"><span class='ocrx_word' id='word_1_79' title='bbox 75 1139 109 1191; x_wconf 77' lang='lat' dir='ltr'><strong>td</strong></span> <span class='ocrx_word' id='word_1_80' title='bbox 116 1141 220 1203; x_wconf 71' lang='grc' dir='ltr'>ιιιιιιιιιιιι</span> <span class='ocrx_word' id='word_1_81' title='bbox 231 1137 264 1188; x_wconf 86' lang='lat' dir='ltr'><strong>sio</strong></span> <span class='ocrx_word' id='word_1_82' title='bbox 272 1138 409 1202; x_wconf 79' lang='lat' dir='ltr'><strong>proceditur.</strong></span> <span class='ocrx_word' id='word_1_83' title='bbox 417 1137 511 1188; x_wconf 87' lang='lat' dir='ltr'><strong>Videtur</strong></span> <span class='ocrx_word' id='word_1_84' title='bbox 517 1137 578 1201; x_wconf 78' lang='lat' dir='ltr'><strong>quod</strong></span> <span class='ocrx_word' id='word_1_85' title='bbox 587 1141 707 1202; x_wconf 64' lang='lat' dir='ltr'><strong>peccaturo</strong></span> <span class='ocrx_word' id='word_1_86' title='bbox 715 1137 846 1191; x_wconf 87' lang='lat' dir='ltr'><strong>omissionis</strong></span> 
     </span>
     <span class='ocr_line' id='line_1_13' title="bbox 41 1209 845 1280; baseline -0.002 -16"><span class='ocrx_word' id='word_1_87' title='bbox 41 1215 71 1264; x_wconf 88' lang='lat' dir='ltr'><strong>sit</strong></span> <span class='ocrx_word' id='word_1_88' title='bbox 83 1211 176 1278; x_wconf 76' lang='lat' dir='ltr'><strong>gravius</strong></span> <span class='ocrx_word' id='word_1_89' title='bbox 188 1209 257 1274; x_wconf 79' lang='lat' dir='ltr'><strong>quim</strong></span> <span class='ocrx_word' id='word_1_90' title='bbox 269 1213 388 1276; x_wconf 71' lang='lat' dir='ltr'><strong>pensatum</strong></span> <span class='ocrx_word' id='word_1_91' title='bbox 401 1209 596 1280; x_wconf 70' lang='lat' dir='ltr'><strong>transgressionis.</strong></span> <span class='ocrx_word' id='word_1_92' title='bbox 611 1210 723 1262; x_wconf 74' lang='lat' dir='ltr'><strong>Italidum</strong></span> <span class='ocrx_word' id='word_1_93' title='bbox 735 1211 797 1262; x_wconf 87' lang='lat' dir='ltr'><strong>eninr</strong></span> <span class='ocrx_word' id='word_1_94' title='bbox 809 1212 845 1262; x_wconf 85' lang='lat' dir='ltr'><strong>ri-</strong></span> 
     </span>
     <span class='ocr_line' id='line_1_14' title="bbox 43 1279 845 1346; baseline -0.002 -10"><span class='ocrx_word' id='word_1_95' title='bbox 43 1287 110 1336; x_wconf 88' lang='lat' dir='ltr'><strong>detur</strong></span> <span class='ocrx_word' id='word_1_96' title='bbox 128 1283 190 1334; x_wconf 89' lang='lat' dir='ltr'><strong>idern</strong></span> <span class='ocrx_word' id='word_1_97' title='bbox 204 1295 254 1333; x_wconf 84' lang='lat' dir='ltr'><strong>esse</strong></span> <span class='ocrx_word' id='word_1_98' title='bbox 268 1282 329 1346; x_wconf 87' lang='lat' dir='ltr'><strong>quod</strong></span> <span class='ocrx_word' id='word_1_99' title='bbox 345 1279 498 1332; x_wconf 80' lang='lat' dir='ltr'><strong>derelictum</strong></span> <span class='ocrx_word' id='word_1_100' title='bbox 507 1281 554 1346; x_wconf 82' lang='lat'><strong>(1);</strong></span> <span class='ocrx_word' id='word_1_101' title='bbox 572 1285 596 1332; x_wconf 92' lang='lat' dir='ltr'><strong>et</strong></span> <span class='ocrx_word' id='word_1_102' title='bbox 609 1281 643 1332; x_wconf 85' lang='lat' dir='ltr'><strong>sio</strong></span> <span class='ocrx_word' id='word_1_103' title='bbox 653 1295 694 1346; x_wconf 89' lang='lat' dir='ltr'><strong>per</strong></span> <span class='ocrx_word' id='word_1_104' title='bbox 704 1295 845 1346; x_wconf 76' lang='lat' dir='ltr'><strong>wusequens</strong></span> 
     </span>
     <span class='ocr_line' id='line_1_15' title="bbox 43 1353 845 1418; baseline 0 -14"><span class='ocrx_word' id='word_1_105' title='bbox 43 1355 134 1406; x_wconf 89' lang='lat' dir='ltr'><strong>videtur</strong></span> <span class='ocrx_word' id='word_1_106' title='bbox 153 1353 214 1404; x_wconf 88' lang='lat' dir='ltr'><strong>idem</strong></span> <span class='ocrx_word' id='word_1_107' title='bbox 227 1365 278 1404; x_wconf 85' lang='lat' dir='ltr'><strong>esse</strong></span> <span class='ocrx_word' id='word_1_108' title='bbox 291 1353 418 1405; x_wconf 89' lang='lat' dir='ltr'><strong>omissioui.</strong></span> <span class='ocrx_word' id='word_1_109' title='bbox 432 1353 476 1404; x_wconf 85' lang='lat' dir='ltr'><strong>Sed</strong></span> <span class='ocrx_word' id='word_1_110' title='bbox 494 1353 603 1404; x_wconf 88' lang='lat' dir='ltr'><strong>delictum</strong></span> <span class='ocrx_word' id='word_1_111' title='bbox 622 1357 658 1405; x_wconf 88' lang='lat' dir='ltr'><strong>est</strong></span> <span class='ocrx_word' id='word_1_112' title='bbox 670 1354 762 1418; x_wconf 83' lang='lat' dir='ltr'><strong>grauius</strong></span> <span class='ocrx_word' id='word_1_113' title='bbox 775 1354 845 1418; x_wconf 79' lang='lat' dir='ltr'><strong>quini</strong></span> 
     </span>
     <span class='ocr_line' id='line_1_16' title="bbox 41 1424 846 1494; baseline -0.001 -16"><span class='ocrx_word' id='word_1_114' title='bbox 41 1429 163 1491; x_wconf 86' lang='lat' dir='ltr'><strong>peecatum</strong></span> <span class='ocrx_word' id='word_1_115' title='bbox 176 1424 378 1494; x_wconf 77' lang='lat' dir='ltr'><strong>transgressionis,</strong></span> <span class='ocrx_word' id='word_1_116' title='bbox 389 1424 443 1488; x_wconf 89' lang='lat' dir='ltr'><strong>quia</strong></span> <span class='ocrx_word' id='word_1_117' title='bbox 454 1425 536 1489; x_wconf 86' lang='lat' dir='ltr'><strong>majori</strong></span> <span class='ocrx_word' id='word_1_118' title='bbox 545 1425 676 1489; x_wconf 74' lang='lat' dir='ltr'><strong>expiatione</strong></span> <span class='ocrx_word' id='word_1_119' title='bbox 683 1424 808 1490; x_wconf 52' lang='lat' dir='ltr'><strong>induebat,</strong></span> <span class='ocrx_word' id='word_1_120' title='bbox 820 1429 846 1477; x_wconf 84' lang='lat' dir='ltr'><strong>ut</strong></span> 
     </span>
     <span class='ocr_line' id='line_1_17' title="bbox 40 1494 846 1563; baseline -0.001 -13"><span class='ocrx_word' id='word_1_121' title='bbox 40 1501 106 1563; x_wconf 84' lang='lat' dir='ltr'><strong>patet</strong></span> <span class='ocrx_word' id='word_1_122' title='bbox 122 1499 215 1554; x_wconf 75' lang='lat' dir='ltr'><strong>desit..</strong></span> <span class='ocrx_word' id='word_1_123' title='bbox 231 1497 258 1547; x_wconf 90' lang='lat' dir='ltr'><strong>V.</strong></span> <span class='ocrx_word' id='word_1_124' title='bbox 268 1499 332 1561; x_wconf 75' lang='lat' dir='ltr'><strong>uirgo</strong></span> <span class='ocrx_word' id='word_1_125' title='bbox 345 1501 463 1563; x_wconf 83' lang='lat' dir='ltr'><strong>peecatum</strong></span> <span class='ocrx_word' id='word_1_126' title='bbox 476 1496 608 1548; x_wconf 87' lang='lat' dir='ltr'><strong>omissionis</strong></span> <span class='ocrx_word' id='word_1_127' title='bbox 624 1500 661 1550; x_wconf 91' lang='lat' dir='ltr'><strong>est</strong></span> <span class='ocrx_word' id='word_1_128' title='bbox 672 1498 764 1561; x_wconf 83' lang='lat' dir='ltr'><strong>grauius</strong></span> <span class='ocrx_word' id='word_1_129' title='bbox 777 1494 846 1562; x_wconf 78' lang='lat' dir='ltr'><strong>quon</strong></span> 
     </span>
     <span class='ocr_line' id='line_1_18' title="bbox 41 1568 370 1634; baseline -0.009 -13"><span class='ocrx_word' id='word_1_130' title='bbox 41 1571 164 1634; x_wconf 85' lang='lat' dir='ltr'><strong>peecatum</strong></span> <span class='ocrx_word' id='word_1_131' title='bbox 175 1568 370 1632; x_wconf 88' lang='lat' dir='ltr'><strong>transgressionis.</strong></span> 
     </span>
    </p>

    <p class='ocr_par' dir='ltr' id='par_1_6' title="bbox 38 1634 848 2062">
     <span class='ocr_line' id='line_1_19' title="bbox 72 1634 847 1705; baseline 0.001 -15"><span class='ocrx_word' id='word_1_132' title='bbox 72 1647 96 1690; x_wconf 71' lang='lat' dir='ltr'><strong>a.</strong></span> <span class='ocrx_word' id='word_1_133' title='bbox 114 1643 242 1704; x_wconf 83' lang='lat' dir='ltr'><strong>Praeterea,</strong></span> <span class='ocrx_word' id='word_1_134' title='bbox 258 1639 339 1704; x_wconf 87' lang='lat' dir='ltr'><strong>majori</strong></span> <span class='ocrx_word' id='word_1_135' title='bbox 350 1640 409 1690; x_wconf 88' lang='lat' dir='ltr'><strong>bono</strong></span> <span class='ocrx_word' id='word_1_136' title='bbox 423 1640 497 1704; x_wconf 84' lang='lat' dir='ltr'><strong>majus</strong></span> <span class='ocrx_word' id='word_1_137' title='bbox 509 1639 593 1691; x_wconf 81' lang='lat' dir='ltr'><strong>ndum</strong></span> <span class='ocrx_word' id='word_1_138' title='bbox 606 1640 738 1704; x_wconf 89' lang='lat' dir='ltr'><strong>opponitur,</strong></span> <span class='ocrx_word' id='word_1_139' title='bbox 747 1641 774 1690; x_wconf 92' lang='lat' dir='ltr'><strong>ut</strong></span> <span class='ocrx_word' id='word_1_140' title='bbox 783 1634 847 1705; x_wconf 71' lang='lat' dir='ltr'><strong>petit</strong></span> 
     </span>
     <span class='ocr_line' id='line_1_20' title="bbox 39 1710 847 1777; baseline -0.002 -13"><span class='ocrx_word' id='word_1_141' title='bbox 39 1727 82 1777; x_wconf 87' lang='lat' dir='ltr'><strong>per</strong></span> <span class='ocrx_word' id='word_1_142' title='bbox 91 1713 256 1776; x_wconf 83' lang='lat' dir='ltr'><strong>Philosophum</strong></span> <span class='ocrx_word' id='word_1_143' title='bbox 268 1712 292 1761; x_wconf 92' lang='lat' dir='ltr'><strong>in</strong></span> <span class='ocrx_word' id='word_1_144' title='bbox 302 1712 355 1762; x_wconf 77' lang='lat' dir='ltr'><strong>&#39;Vttt</strong></span> <span class='ocrx_word' id='word_1_145' title='bbox 365 1712 448 1762; x_wconf 76' lang='lat' dir='ltr'><strong>ntro.</strong></span> <span class='ocrx_word' id='word_1_146' title='bbox 460 1711 507 1762; x_wconf 87' lang='lat' dir='ltr'><strong>Sed</strong></span> <span class='ocrx_word' id='word_1_147' title='bbox 519 1712 602 1773; x_wconf 72' lang='lat' dir='ltr'><strong>soem</strong></span> <span class='ocrx_word' id='word_1_148' title='bbox 613 1710 714 1768; x_wconf 73' lang='grc' dir='ltr'>ὸοιιιιιιι,</span> <span class='ocrx_word' id='word_1_149' title='bbox 726 1711 765 1761; x_wconf 86' lang='lat' dir='ltr'><strong>edi</strong></span> <span class='ocrx_word' id='word_1_150' title='bbox 774 1724 847 1777; x_wconf 79' lang='lat' dir='ltr'><strong>oppo-</strong></span> 
     </span>
     <span class='ocr_line' id='line_1_21' title="bbox 38 1780 847 1847; baseline -0.001 -12"><span class='ocrx_word' id='word_1_151' title='bbox 38 1787 103 1835; x_wconf 90' lang='lat' dir='ltr'><strong>nitur</strong></span> <span class='ocrx_word' id='word_1_152' title='bbox 120 1782 217 1836; x_wconf 88' lang='lat' dir='ltr'><strong>omissio</strong></span> <span class='ocrx_word' id='word_1_153' title='bbox 228 1821 235 1845; x_wconf 95' lang='lat'><strong>,</strong></span> <span class='ocrx_word' id='word_1_154' title='bbox 248 1787 282 1834; x_wconf 88' lang='lat' dir='ltr'><strong>est</strong></span> <span class='ocrx_word' id='word_1_155' title='bbox 298 1782 395 1834; x_wconf 83' lang='lat' dir='ltr'><strong>nobilior</strong></span> <span class='ocrx_word' id='word_1_156' title='bbox 414 1795 467 1847; x_wconf 88' lang='lat' dir='ltr'><strong>pars</strong></span> <span class='ocrx_word' id='word_1_157' title='bbox 483 1781 582 1845; x_wconf 76' lang='lat' dir='ltr'><strong>justitie</strong></span> <span class='ocrx_word' id='word_1_158' title='bbox 602 1780 669 1846; x_wconf 79' lang='lat' dir='ltr'><strong>quim</strong></span> <span class='ocrx_word' id='word_1_159' title='bbox 689 1782 847 1834; x_wconf 74' lang='lat' dir='ltr'><strong>declinaret</strong></span> 
     </span>
     <span class='ocr_line' id='line_1_22' title="bbox 41 1849 848 1921; baseline 0 -16"><span class='ocrx_word' id='word_1_160' title='bbox 41 1855 113 1906; x_wconf 83' lang='lat' dir='ltr'><strong>modo</strong></span> <span class='ocrx_word' id='word_1_161' title='bbox 122 1849 134 1912; x_wconf 89' lang='lat'><strong>,&#39;</strong></span> <span class='ocrx_word' id='word_1_162' title='bbox 146 1855 183 1906; x_wconf 89' lang='lat' dir='ltr'><strong>oui</strong></span> <span class='ocrx_word' id='word_1_163' title='bbox 202 1854 325 1921; x_wconf 88' lang='lat' dir='ltr'><strong>opponitur</strong></span> <span class='ocrx_word' id='word_1_164' title='bbox 339 1852 505 1918; x_wconf 74' lang='lat' dir='ltr'><strong>transgressio,</strong></span> <span class='ocrx_word' id='word_1_165' title='bbox 520 1856 548 1902; x_wconf 89' lang='lat' dir='ltr'><strong>ut</strong></span> <span class='ocrx_word' id='word_1_166' title='bbox 566 1866 596 1904; x_wconf 88' lang='lat' dir='ltr'><strong>ex</strong></span> <span class='ocrx_word' id='word_1_167' title='bbox 617 1851 685 1917; x_wconf 81' lang='lat' dir='ltr'><strong>sopri</strong></span> <span class='ocrx_word' id='word_1_168' title='bbox 701 1853 768 1904; x_wconf 86' lang='lat' dir='ltr'><strong>dietis</strong></span> <span class='ocrx_word' id='word_1_169' title='bbox 784 1858 848 1918; x_wconf 81' lang='lat' dir='ltr'><strong>patet</strong></span> 
     </span>
     <span class='ocr_line' id='line_1_23' title="bbox 42 1923 847 1992; baseline -0.005 -14"><span class='ocrx_word' id='word_1_170' title='bbox 42 1929 107 1992; x_wconf 86' lang='lat' dir='ltr'><strong>(art.</strong></span> <span class='ocrx_word' id='word_1_171' title='bbox 127 1931 157 1990; x_wconf 83' lang='lat'><strong>1,</strong></span> <span class='ocrx_word' id='word_1_172' title='bbox 176 1928 205 1979; x_wconf 90' lang='lat' dir='ltr'><strong>ad</strong></span> <span class='ocrx_word' id='word_1_173' title='bbox 224 1925 264 1989; x_wconf 78' lang='lat' dir='ltr'><strong>t).</strong></span> <span class='ocrx_word' id='word_1_174' title='bbox 280 1925 339 1990; x_wconf 82' lang='lat' dir='ltr'><strong>tingo</strong></span> <span class='ocrx_word' id='word_1_175' title='bbox 358 1923 452 1976; x_wconf 89' lang='lat' dir='ltr'><strong>omissio</strong></span> <span class='ocrx_word' id='word_1_176' title='bbox 470 1928 507 1976; x_wconf 89' lang='lat' dir='ltr'><strong>est</strong></span> <span class='ocrx_word' id='word_1_177' title='bbox 528 1923 757 1989; x_wconf 79' lang='lat' dir='ltr'><strong>grauiuspeeuatum</strong></span> <span class='ocrx_word' id='word_1_178' title='bbox 779 1924 847 1988; x_wconf 77' lang='lat' dir='ltr'><strong>quam</strong></span> 
     </span>
     <span class='ocr_line' id='line_1_24' title="bbox 39 1997 205 2062; baseline -0.006 -14"><span class='ocrx_word' id='word_1_179' title='bbox 39 1997 205 2062; x_wconf 89' lang='lat' dir='ltr'><strong>transgressio.</strong></span> 
     </span>
    </p>

    <p class='ocr_par' dir='ltr' id='par_1_7' title="bbox 35 2066 848 2349">
     <span class='ocr_line' id='line_1_25' title="bbox 76 2066 847 2133; baseline -0.001 -13"><span class='ocrx_word' id='word_1_180' title='bbox 76 2074 100 2120; x_wconf 80' lang='lat'><strong>3.</strong></span> <span class='ocrx_word' id='word_1_181' title='bbox 116 2071 240 2132; x_wconf 78' lang='lat' dir='ltr'><strong>Praeterea,</strong></span> <span class='ocrx_word' id='word_1_182' title='bbox 252 2072 369 2133; x_wconf 80' lang='lat' dir='ltr'><strong>peecatum</strong></span> <span class='ocrx_word' id='word_1_183' title='bbox 379 2066 567 2132; x_wconf 74' lang='lat' dir='ltr'><strong>transgressionis</strong></span> <span class='ocrx_word' id='word_1_184' title='bbox 576 2071 654 2132; x_wconf 88' lang='lat' dir='ltr'><strong>potest</strong></span> <span class='ocrx_word' id='word_1_185' title='bbox 663 2079 715 2117; x_wconf 89' lang='lat' dir='ltr'><strong>esse</strong></span> <span class='ocrx_word' id='word_1_186' title='bbox 724 2070 748 2116; x_wconf 90' lang='lat' dir='ltr'><strong>et</strong></span> <span class='ocrx_word' id='word_1_187' title='bbox 756 2067 847 2119; x_wconf 81' lang='lat' dir='ltr'><strong>rosido</strong></span> 
     </span>
     <span class='ocr_line' id='line_1_26' title="bbox 36 2138 848 2206; baseline -0.009 -11"><span class='ocrx_word' id='word_1_188' title='bbox 36 2147 65 2195; x_wconf 89' lang='lat' dir='ltr'><strong>et</strong></span> <span class='ocrx_word' id='word_1_189' title='bbox 76 2143 233 2193; x_wconf 85' lang='lat' dir='ltr'><strong>mortale.Sed</strong></span> <span class='ocrx_word' id='word_1_190' title='bbox 247 2145 365 2206; x_wconf 86' lang='lat' dir='ltr'><strong>peccatum</strong></span> <span class='ocrx_word' id='word_1_191' title='bbox 376 2140 506 2192; x_wconf 88' lang='lat' dir='ltr'><strong>omissionis</strong></span> <span class='ocrx_word' id='word_1_192' title='bbox 518 2138 609 2190; x_wconf 76' lang='lat' dir='ltr'><strong>ridetur</strong></span> <span class='ocrx_word' id='word_1_193' title='bbox 624 2152 674 2190; x_wconf 89' lang='lat' dir='ltr'><strong>esse</strong></span> <span class='ocrx_word' id='word_1_194' title='bbox 683 2151 773 2203; x_wconf 86' lang='lat' dir='ltr'><strong>semper</strong></span> <span class='ocrx_word' id='word_1_195' title='bbox 787 2152 848 2193; x_wconf 85' lang='lat' dir='ltr'><strong>mor·</strong></span> 
     </span>
     <span class='ocr_line' id='line_1_27' title="bbox 35 2209 848 2278; baseline -0.005 -12"><span class='ocrx_word' id='word_1_196' title='bbox 35 2215 101 2277; x_wconf 86' lang='lat' dir='ltr'><strong>tale,</strong></span> <span class='ocrx_word' id='word_1_197' title='bbox 117 2212 172 2278; x_wconf 86' lang='lat' dir='ltr'><strong>quia</strong></span> <span class='ocrx_word' id='word_1_198' title='bbox 185 2212 307 2278; x_wconf 91' lang='lat' dir='ltr'><strong>opponitur</strong></span> <span class='ocrx_word' id='word_1_199' title='bbox 317 2215 429 2277; x_wconf 77' lang='lat' dir='ltr'><strong>praecepto</strong></span> <span class='ocrx_word' id='word_1_200' title='bbox 448 2210 593 2262; x_wconf 78' lang='lat' dir='ltr'><strong>affirmativo.</strong></span> <span class='ocrx_word' id='word_1_201' title='bbox 607 2211 667 2275; x_wconf 82' lang='lat' dir='ltr'><strong>Ergo</strong></span> <span class='ocrx_word' id='word_1_202' title='bbox 678 2209 772 2262; x_wconf 88' lang='lat' dir='ltr'><strong>omissio</strong></span> <span class='ocrx_word' id='word_1_203' title='bbox 784 2211 848 2262; x_wconf 81' lang='lat' dir='ltr'><strong>uide·</strong></span> 
     </span>
     <span class='ocr_line' id='line_1_28' title="bbox 35 2282 822 2349; baseline -0.004 -13"><span class='ocrx_word' id='word_1_204' title='bbox 35 2291 79 2336; x_wconf 89' lang='lat' dir='ltr'><strong>tur</strong></span> <span class='ocrx_word' id='word_1_205' title='bbox 94 2299 149 2338; x_wconf 86' lang='lat' dir='ltr'><strong>esse</strong></span> <span class='ocrx_word' id='word_1_206' title='bbox 164 2285 254 2349; x_wconf 85' lang='lat' dir='ltr'><strong>gravius</strong></span> <span class='ocrx_word' id='word_1_207' title='bbox 267 2291 385 2348; x_wconf 82' lang='lat' dir='ltr'><strong>peecatum</strong></span> <span class='ocrx_word' id='word_1_208' title='bbox 399 2282 467 2347; x_wconf 78' lang='lat' dir='ltr'><strong>quarn</strong></span> <span class='ocrx_word' id='word_1_209' title='bbox 480 2283 510 2333; x_wconf 90' lang='lat' dir='ltr'><strong>sit</strong></span> <span class='ocrx_word' id='word_1_210' title='bbox 524 2283 680 2347; x_wconf 71' lang='lat' dir='ltr'><strong>transgressio.</strong></span> <span class='ocrx_word' id='word_1_211' title='bbox 759 2321 763 2328; x_wconf 91' lang='lat'><strong>.</strong></span> <span class='ocrx_word' id='word_1_212' title='bbox 813 2293 822 2316; x_wconf 90' lang='lat'><strong>·</strong></span> 
     </span>
    </p>

    <p class='ocr_par' dir='ltr' id='par_1_8' title="bbox 34 2352 849 2707">
     <span class='ocr_line' id='line_1_29' title="bbox 74 2352 849 2420; baseline -0.005 -11"><span class='ocrx_word' id='word_1_213' title='bbox 74 2361 98 2408; x_wconf 82' lang='lat' dir='ltr'><strong>t.</strong></span> <span class='ocrx_word' id='word_1_214' title='bbox 115 2359 245 2420; x_wconf 74' lang='lat' dir='ltr'><strong>Fraterno,</strong></span> <span class='ocrx_word' id='word_1_215' title='bbox 259 2355 330 2419; x_wconf 85' lang='lat' dir='ltr'><strong>major</strong></span> <span class='ocrx_word' id='word_1_216' title='bbox 343 2367 410 2420; x_wconf 83' lang='lat' dir='ltr'><strong>poeua</strong></span> <span class='ocrx_word' id='word_1_217' title='bbox 423 2358 459 2406; x_wconf 86' lang='lat' dir='ltr'><strong>est</strong></span> <span class='ocrx_word' id='word_1_218' title='bbox 472 2366 540 2417; x_wconf 79' lang='lat' dir='ltr'><strong>prena</strong></span> <span class='ocrx_word' id='word_1_219' title='bbox 547 2352 638 2417; x_wconf 85' lang='lat' dir='ltr'><strong>damni,</strong></span> <span class='ocrx_word' id='word_1_220' title='bbox 651 2353 739 2405; x_wconf 80' lang='lat' dir='ltr'><strong>scitiust</strong></span> <span class='ocrx_word' id='word_1_221' title='bbox 748 2353 849 2405; x_wconf 83' lang='lat' dir='ltr'><strong>osrontia</strong></span> 
     </span>
     <span class='ocr_line' id='line_1_30' title="bbox 35 2423 848 2490; baseline -0.006 -11"><span class='ocrx_word' id='word_1_222' title='bbox 35 2428 142 2480; x_wconf 88' lang='lat' dir='ltr'><strong>visionis</strong></span> <span class='ocrx_word' id='word_1_223' title='bbox 155 2427 256 2489; x_wconf 78' lang='lat' dir='ltr'><strong>divine,</strong></span> <span class='ocrx_word' id='word_1_224' title='bbox 270 2439 322 2490; x_wconf 76' lang='lat' dir='ltr'><strong>que</strong></span> <span class='ocrx_word' id='word_1_225' title='bbox 335 2426 429 2477; x_wconf 85' lang='lat' dir='ltr'><strong>debetur</strong></span> <span class='ocrx_word' id='word_1_226' title='bbox 438 2428 531 2490; x_wconf 81' lang='lat' dir='ltr'><strong>peceato</strong></span> <span class='ocrx_word' id='word_1_227' title='bbox 545 2424 688 2487; x_wconf 89' lang='lat' dir='ltr'><strong>omissionis,</strong></span> <span class='ocrx_word' id='word_1_228' title='bbox 697 2423 767 2488; x_wconf 82' lang='lat' dir='ltr'><strong>quarn</strong></span> <span class='ocrx_word' id='word_1_229' title='bbox 780 2437 848 2488; x_wconf 73' lang='lat' dir='ltr'><strong>paena</strong></span> 
     </span>
     <span class='ocr_line' id='line_1_31' title="bbox 35 2495 848 2564; baseline -0.009 -12"><span class='ocrx_word' id='word_1_230' title='bbox 35 2500 143 2562; x_wconf 78' lang='lat' dir='ltr'><strong>sensus,</strong></span> <span class='ocrx_word' id='word_1_231' title='bbox 163 2513 213 2564; x_wconf 79' lang='lat' dir='ltr'><strong>qua</strong></span> <span class='ocrx_word' id='word_1_232' title='bbox 229 2498 325 2549; x_wconf 85' lang='lat' dir='ltr'><strong>debetur</strong></span> <span class='ocrx_word' id='word_1_233' title='bbox 345 2501 439 2562; x_wconf 85' lang='lat' dir='ltr'><strong>peceato</strong></span> <span class='ocrx_word' id='word_1_234' title='bbox 461 2495 661 2561; x_wconf 75' lang='lat' dir='ltr'><strong>transgressionis,</strong></span> <span class='ocrx_word' id='word_1_235' title='bbox 680 2499 707 2546; x_wconf 89' lang='lat' dir='ltr'><strong>ut</strong></span> <span class='ocrx_word' id='word_1_236' title='bbox 726 2498 790 2560; x_wconf 85' lang='lat' dir='ltr'><strong>patet</strong></span> <span class='ocrx_word' id='word_1_237' title='bbox 807 2508 848 2560; x_wconf 91' lang='lat' dir='ltr'><strong>per</strong></span> 
     </span>
     <span class='ocr_line' id='line_1_32' title="bbox 34 2566 846 2637; baseline -0.009 -13"><span class='ocrx_word' id='word_1_238' title='bbox 34 2573 234 2637; x_wconf 77' lang='lat' dir='ltr'><strong>Chrysostomunr</strong></span> <span class='ocrx_word' id='word_1_239' title='bbox 245 2582 313 2633; x_wconf 82' lang='lat' dir='ltr'><strong>super</strong></span> <span class='ocrx_word' id='word_1_240' title='bbox 326 2568 418 2619; x_wconf 77' lang='lat' dir='ltr'><strong>Metti.</strong></span> <span class='ocrx_word' id='word_1_241' title='bbox 432 2568 476 2618; x_wconf 89' lang='lat' dir='ltr'><strong>Sed</strong></span> <span class='ocrx_word' id='word_1_242' title='bbox 490 2579 557 2632; x_wconf 84' lang='lat' dir='ltr'><strong>poena</strong></span> <span class='ocrx_word' id='word_1_243' title='bbox 569 2566 752 2632; x_wconf 85' lang='lat' dir='ltr'><strong>proportionetur</strong></span> <span class='ocrx_word' id='word_1_244' title='bbox 765 2566 846 2630; x_wconf 76' lang='lat' dir='ltr'><strong>eulpa.</strong></span> 
     </span>
     <span class='ocr_line' id='line_1_33' title="bbox 34 2636 819 2707; baseline -0.01 -13"><span class='ocrx_word' id='word_1_245' title='bbox 34 2645 103 2707; x_wconf 84' lang='lat' dir='ltr'><strong>Ergo</strong></span> <span class='ocrx_word' id='word_1_246' title='bbox 118 2641 212 2706; x_wconf 86' lang='lat' dir='ltr'><strong>gravius</strong></span> <span class='ocrx_word' id='word_1_247' title='bbox 226 2643 262 2691; x_wconf 89' lang='lat' dir='ltr'><strong>est</strong></span> <span class='ocrx_word' id='word_1_248' title='bbox 277 2643 393 2704; x_wconf 81' lang='lat' dir='ltr'><strong>peceatum</strong></span> <span class='ocrx_word' id='word_1_249' title='bbox 407 2638 536 2690; x_wconf 90' lang='lat' dir='ltr'><strong>omissionis</strong></span> <span class='ocrx_word' id='word_1_250' title='bbox 547 2636 615 2702; x_wconf 79' lang='lat' dir='ltr'><strong>quau</strong></span> <span class='ocrx_word' id='word_1_251' title='bbox 625 2637 819 2701; x_wconf 85' lang='lat' dir='ltr'><strong>transgressionis.</strong></span> 
     </span>
    </p>

    <p class='ocr_par' dir='ltr' id='par_1_9' title="bbox 71 2708 849 2776">
     <span class='ocr_line' id='line_1_34' title="bbox 71 2708 849 2776; baseline -0.008 -10"><span class='ocrx_word' id='word_1_252' title='bbox 71 2715 120 2766; x_wconf 86' lang='lat' dir='ltr'><strong>Sed</strong></span> <span class='ocrx_word' id='word_1_253' title='bbox 134 2716 214 2764; x_wconf 76' lang='lat' dir='ltr'><strong>watra</strong></span> <span class='ocrx_word' id='word_1_254' title='bbox 223 2713 271 2775; x_wconf 87' lang='lat' dir='ltr'><strong>est,</strong></span> <span class='ocrx_word' id='word_1_255' title='bbox 285 2709 346 2776; x_wconf 83' lang='lat' dir='ltr'><strong>qudd</strong></span> <span class='ocrx_word' id='word_1_256' title='bbox 361 2710 496 2762; x_wconf 75' lang='lat' dir='ltr'><strong>insiliisset</strong></span> <span class='ocrx_word' id='word_1_257' title='bbox 510 2710 624 2760; x_wconf 85' lang='lat' dir='ltr'><strong>abstinere</strong></span> <span class='ocrx_word' id='word_1_258' title='bbox 638 2710 652 2760; x_wconf 79' lang='lat' dir='ltr'><strong>a</strong></span> <span class='ocrx_word' id='word_1_259' title='bbox 666 2709 725 2759; x_wconf 87' lang='lat' dir='ltr'><strong>mato</strong></span> <span class='ocrx_word' id='word_1_260' title='bbox 745 2708 849 2760; x_wconf 74' lang='lat' dir='ltr'><strong>iaciendo</strong></span> 
     </span>
    </p>
   </div>
   <div class='ocr_carea' id='block_1_6' title="bbox 71 2825 849 2932">
    <p class='ocr_par' dir='ltr' id='par_1_10' title="bbox 71 2825 849 2932">
     <span class='ocr_line' id='line_1_35' title="bbox 71 2825 849 2932; baseline -0.009 -16"><span class='ocrx_word' id='word_1_261' title='bbox 71 2866 112 2932; x_wconf 86' lang='lat' dir='ltr'><strong>(t)</strong></span> <span class='ocrx_word' id='word_1_262' title='bbox 130 2867 170 2916; x_wconf 79' lang='lat' dir='ltr'><strong>sio</strong></span> <span class='ocrx_word' id='word_1_263' title='bbox 183 2825 341 2929; x_wconf 76' lang='lat' dir='ltr'><strong>drrgsstiuns,</strong></span> <span class='ocrx_word' id='word_1_264' title='bbox 350 2871 432 2925; x_wconf 69' lang='lat' dir='ltr'><strong>guest.</strong></span> <span class='ocrx_word' id='word_1_265' title='bbox 447 2863 479 2911; x_wconf 70' lang='grc' dir='ltr'><strong>ιι</strong></span> <span class='ocrx_word' id='word_1_266' title='bbox 490 2866 516 2910; x_wconf 84' lang='lat' dir='ltr'><strong>in</strong></span> <span class='ocrx_word' id='word_1_267' title='bbox 528 2865 629 2912; x_wconf 74' lang='grc' dir='ltr'>ιιιιιιι</span> <span class='ocrx_word' id='word_1_268' title='bbox 643 2862 691 2910; x_wconf 79' lang='lat' dir='ltr'><strong>:St</strong></span> <span class='ocrx_word' id='word_1_269' title='bbox 703 2863 849 2910; x_wconf 77' lang='grc' dir='ltr'>ιιιιιιιιιιιιιι</span> 
     </span>
    </p>
   </div>
   <div class='ocr_carea' id='block_1_7' title="bbox 0 0 1000 3317">
    <p class='ocr_par' dir='ltr' id='par_1_11' title="bbox 0 0 1000 3317">
     <span class='ocr_line' id='line_1_36' title="bbox 0 0 1000 3317; baseline 0 0"><span class='ocrx_word' id='word_1_270' title='bbox 0 0 1000 3317; x_wconf 95' lang='lat' dir='ltr'><strong> </strong></span> 
     </span>
    </p>
   </div>
  </div>
 </body>
</html>
