1992 3317
283 204 313 241 ns
327 204 475 244 uniuersus
489 203 593 244 uraris.
807 198 839 250 tl

73 274 223 341 liittiintelligi
234 280 335 332 remissio
349 282 438 347 cnlpae,
449 282 470 331 si
484 294 531 332 nou
545 284 635 334 adesset
648 282 734 333 infusio
747 282 836 346 mue.

95 344 121 395 ld
133 346 215 411 numum
234 365 286 415 ergo
305 352 443 415 dioeudum,
462 352 590 417 quidplus
607 353 730 419 requiritur
749 355 779 405 ad
793 355 838 407 hos

71 416 117 493 quod
127 418 234 473 offendenti
251 424 376 475 remittatur
390 424 496 484 oflensa,
510 425 576 488 qulur
596 426 624 475 ad
642 427 686 475 hoc
702 426 763 489 quod
780 426 837 477 siru-

71 486 138 545 older
151 491 222 555 aliquis
234 508 279 545 non
290 495 408 547 offendens
423 508 471 546 uon
486 495 596 546 humatur
608 495 668 546 odio.
684 498 761 548 Potest
773 498 837 548 euius

71 558 115 635 apud
122 560 210 616 munes
221 566 360 632 wntiugere,
372 566 503 631 moduinus
510 568 579 617 homo
595 568 694 631 aliquem
711 566 779 618 alium
793 581 838 620 neo

71 626 130 693 diligo
141 646 177 685 neu
186 636 254 701 odiat;
266 641 306 691 sed
319 639 340 691 si
353 652 406 690 eum
418 638 533 702 offendat,
544 639 637 703 quodsi
652 638 752 690 dmittat
762 638 841 691 oileu-

69 711 115 764 snu,
126 704 162 755 hoe
176 720 217 758 uon
229 714 303 773 potest
318 712 453 775 contingere
467 709 552 773 abnue
564 709 657 773 speciali
668 710 837 780 benevdentia.

70 772 200 831 Benivolentia
214 786 286 834 anum
300 783 343 834 uei
358 783 386 832 ad
401 781 520 832 hominem
534 780 633 845 reparari
647 781 729 832 dieitur
740 795 782 846 per
797 783 840 834 do·

70 855 109 895 tun
125 850 210 911 mila:
228 856 250 905 et
268 854 321 907 ideo
335 853 390 905 licit
409 854 478 903 homo
495 857 617 917 antequam
631 856 725 917 penset,
740 853 840 917 potuerit

69 926 107 966 esse
117 917 156 971 sine
165 924 230 985 naria
247 930 270 977 et
284 926 335 977 sine
349 925 434 989 eulpa,
447 928 525 975 tamen
535 927 588 989 post
605 928 725 987 peecatum
738 937 784 974 uon
797 938 840 992 po·

70 988 103 1035 test
113 1001 152 1041 esse
163 992 206 1046 sine
218 996 295 1061 culpa,
312 996 359 1047 nisi
373 996 469 1059 padam
483 995 575 1045 habeat.

91 1059 116 1108 ld
125 1066 233 1117 senodum
244 1068 381 1130 dicendum,
398 1066 458 1130 quod
470 1065 529 1117 sieut
539 1066 629 1117 dileetio
639 1066 689 1128 liei,
704 1078 752 1116 nou
764 1066 840 1121 solinu

68 1130 148 1184 cunuti
159 1136 181 1185 iu
191 1142 240 1189 actu
250 1138 378 1191 vomentis
393 1138 495 1200 divine,
511 1138 552 1188 sed
565 1136 634 1187 etiam
646 1136 840 1202 irupurtatquem·

67 1200 104 1250 dau
114 1206 179 1266 gradu
191 1210 294 1261 ellectum
309 1211 352 1275 (ut
363 1210 432 1274 supr'a
445 1208 575 1261 dictumest
588 1223 628 1273 qn.
640 1212 695 1269 lle,
706 1208 797 1273 autel),
807 1208 840 1261 ita

65 1272 116 1324 alirn
126 1281 146 1327 et
157 1280 208 1345 doe,
221 1284 281 1347 quod
303 1286 338 1334 est
352 1299 367 1330 «
380 1283 453 1333 Deum
465 1294 513 1333 nou
526 1281 641 1345 imputare
655 1284 776 1346 penatum
796 1282 839 1336 lio-

66 1346 117 1423 niu‚
130 1352 250 1419 riumrtat
263 1356 388 1421 quemdam
401 1353 508 1405 effectum
517 1352 542 1403 in
554 1353 605 1419 ipso
615 1353 652 1405 oui
662 1358 783 1419 peecatum
791 1367 839 1407 nou

66 1423 171 1488 lmlittatun
183 1426 240 1489 quod
254 1427 319 1479 euim
332 1425 403 1479 alicui
417 1438 463 1477 uon
479 1425 604 1489 inputatur
621 1429 740 1493 peceatum
752 1425 767 1475 a
780 1423 837 1486 lieo}

67 1499 86 1537 u
96 1490 159 1545 deira
171 1496 289 1550 dilectione
304 1496 417 1561 procedit.
830 1544 835 1551 ,

67 1560 71 1569 ’
87 1562 112 1612 ld
127 1567 209 1618 tertium
227 1568 364 1632 dicendum,
383 1567 445 1631 quod
463 1565 522 1617 siout
535 1568 674 1632 Augustinus
689 1567 744 1619 dicit
758 1567 782 1617 in
797 1566 838 1620 lio.

65 1630 92 1679 lie
101 1640 184 1701 nuptiis
196 1642 221 1690 et
233 1641 439 1705 coucupiscentia
452 1638 506 1704 (lib.
523 1643 547 1703 l,
557 1654 607 1704 sap.
623 1640 679 1703 26),
696 1656 709 1686 ι
720 1640 745 1689 Si
759 1641 840 1702 duee·

64 1706 100 1753 rato
110 1706 203 1763 desistere
213 1714 256 1764 hoe
270 1715 335 1764 esset
350 1726 397 1762 non
409 1712 493 1762 habero
505 1716 621 1775 pecuum
633 1711 750 1761 suilloeret
761 1713 786 1759 ut
797 1710 840 1760 hon

65 1784 142 1829 insueret
155 1781 280 1849 Scriptura,
302 1782 364 1840 Fili,
386 1782 514 1847 peccasti,
531 1797 579 1831 uon
600 1781 714 1845 adjicias
734 1781 838 1830 iterum.

64 1842 98 1894 tlon
108 1854 173 1903 auum
181 1868 226 1905 non
238 1854 335 1918 suffieit,
350 1855 390 1905 sed
401 1852 491 1904 additur
502 1868 508 1901 :
519 1855 580 1905 etde
592 1852 696 1917 pristinis
707 1852 838 1915 deprecare,

64 1918 304 1979 internuntiando.»
318 1926 410 1977 transii
423 1924 486 1976 eninr
498 1929 615 1990 perminor
629 1928 679 1975 aeto
688 1962 695 1985 ,
704 1926 728 1975 et
737 1929 840 1974 remanet

64 1992 118 2045 filiu.
130 1998 152 2043 ut
162 1997 225 2061 sopri
238 1999 328 2049 dietum
342 2002 378 2049 est
389 1998 448 2060 (qu.
462 1998 502 2057 87,
513 1998 556 2045 art.
568 1994 613 2059 o).
625 1996 655 2045 st
664 1994 717 2046 ideo
733 2007 786 2045 enm
796 1993 840 2044 ali-

63 2057 101 2118 llis
113 2061 124 2113 i
134 2072 218 2129 uocato
230 2070 300 2121 nnius
314 2067 367 2120 vitii
378 2068 461 2119 transit
473 2066 497 2117 in
510 2070 631 2130 peecatum
648 2064 754 2119 contrarii
771 2064 837 2126 vitii,

64 2127 127 2205 iuuit
137 2138 219 2199 quidem
234 2142 322 2193 nabere
342 2142 417 2191 actoru
437 2136 548 2203 preteriti
563 2137 668 2202 oecon,
682 2137 723 2188 sed
738 2148 785 2187 uon
798 2134 839 2187 de·

64 2201 105 2251 sinit
114 2204 185 2261 heure
198 2217 294 2264 reatum.
303 2212 369 2265 Unde
382 2208 453 2263 simul
465 2208 534 2261 habet
549 2214 636 2259 reatum
652 2208 771 2273 utriusque
784 2220 839 2273 pec-

64 2272 108 2347 nti,
116 2289 154 2331 ron
167 2282 224 2334 euim
236 2286 332 2349 peceati
346 2284 402 2337 sunt
413 2280 459 2331 sibi
472 2280 584 2331 nonnanis
593 2294 621 2331 ex
634 2283 698 2344 parte
711 2278 836 2355 avenionis

65 2343 128 2411 ³⁰0⁰,
139 2364 164 2402 ex
173 2368 214 2417 qna
229 2360 295 2420 parte
309 2357 429 2421 perustum
442 2354 530 2403 reatum
546 2350 625 2402 trehet.
