1992 3317
116 139 161 188 Its
234 147 342 188 mensus
356 145 484 200 secunus,
502 146 593 194 oense.
609 149 682 197 xm,
698 148 753 186 aaa,
770 151 788 187 1.

112 225 192 277 sensio
204 241 210 275 ι
223 225 284 276 uude
292 223 373 276 dieitur
384 227 402 276 I.
418 227 451 276 od
466 226 536 278 Cor..
549 224 607 276 xiv.
625 242 639 274 α
651 227 704 276 Non
717 229 752 276 ost
762 223 911 281 dissensionis

115 299 182 356 Dens,
198 298 237 348 sed
251 296 323 362 panis.
334 313 347 344 n
358 297 416 360 Ergo
429 307 474 362 pax
483 298 518 347 est
531 295 593 347 idem
606 298 667 360 quod
676 297 805 348 eoncordia.

146 370 189 420 Sed
207 373 287 420 eontua
300 373 347 432 est,
361 367 422 433 quod
438 367 559 420 concordia
571 371 648 432 potest
661 381 713 420 esse
728 369 856 432 aliquorum
865 369 911 425 ,im-

114 439 204 505 piomm
218 439 243 490 in
262 440 329 491 mato.
344 441 411 491 «Sed
424 453 471 491 nou
487 445 522 490 est
533 454 577 505 pax
590 439 681 504 impiis,
695 443 746 490 »n
757 440 908 508 eicientem,

115 512 213 562 XLVIII.
229 513 289 576 Ergo
302 526 347 576 pax
360 525 406 563 non
419 515 455 563 est
464 511 526 562 idem
538 513 597 578 quod
614 511 742 564 concordia.

146 585 348 648 (cmcnns10.-
362 583 409 634 Pax
421 596 468 634 non
486 583 552 634 modo
563 583 671 633 unionem
688 584 810 634 multorum
826 585 916 648 appeti·

115 659 179 706 tunm
192 654 332 705 diuersorum
346 655 502 720 appetentium
511 654 631 718 importat,
646 655 707 717 quod
719 653 846 708 coneordie
860 669 912 706 oon·

115 725 194 788 venit,
218 727 257 776 sed
277 725 346 776 ettam
368 726 507 778 diuersorum
527 724 670 790 appetituum
689 725 757 775 ninius
781 727 913 790 appetentis

116 797 224 848 antonem
237 797 323 852 ueniat

147 869 281 932 Respondes
295 869 433 932 dicendum,
444 869 506 935 quod
516 881 561 932 pax
571 867 829 932 inuludiIooumsdiam‚
840 873 865 920 et
874 869 914 920 ali-

116 939 170 1004 quid
184 940 254 990 addit.
268 941 332 992 Unde
346 941 480 1005 ubteumque
494 943 531 990 est
547 951 605 1004 pax,
620 938 653 989 iii
668 942 704 990 eet
715 939 849 1004 coneordia3
867 953 913 992 non

116 1015 192 1062 umen
206 1011 341 1076 ubicumque
356 1016 392 1063 est
408 1012 544 1070 concordia,
555 1011 589 1061 toi
603 1013 639 1061 est
651 1011 740 1074 pax,si
754 1024 837 1062 nomen
851 1013 915 1076 pacis

116 1081 207 1148 proprie
220 1089 329 1134 sumatur.
341 1083 467 1135 Concordia
482 1083 544 1134 enim
555 1081 647 1147 proprie
657 1086 750 1146 sumpta
762 1086 799 1133 est
811 1083 840 1133 ad
855 1085 914 1136 atte-

117 1169 176 1216 mm,
188 1156 212 1206 in
228 1159 337 1219 qnantum
349 1156 435 1207 seilicet
444 1155 584 1206 diuersomm
595 1153 696 1204 madium
705 1155 836 1205 uoluntates
848 1155 916 1206 sImul

116 1225 140 1275 in
148 1241 218 1276 unum
227 1239 365 1276 consensum
376 1227 524 1276 conueniant.
532 1226 648 1290 matingo
656 1226 725 1276 etiam
734 1225 803 1277 nnius
814 1227 915 1278 hominis

116 1309 157 1348 oon.
172 1298 264 1348 teudone
278 1297 302 1347 tn
312 1297 410 1348 diversa.
430 1300 463 1348 m·
472 1299 517 1348 hoe
531 1297 651 1362 duptieIter
664 1309 729 1346 anno
742 1296 835 1360 quidem
848 1300 915 1350 nodo

115 1369 237 1420 smmum
249 1367 350 1424 disemos
362 1370 475 1432 missine
488 1369 643 1436 umidius,
659 1369 718 1419 siem
730 1367 846 1433 appetitus
861 1382 915 1420 sen·

116 1437 198 1489 sitiuns
211 1439 345 1504 plemmqno
365 1441 441 1492 eonon
456 1440 480 1492 in
497 1441 636 1492 contraitum
649 1439 767 1491 mtionaIIs
785 1441 915 1506 appetitus,

116 1509 240 1560 seeundum
258 1510 311 1561 itinn
332 1512 367 1562 od
383 1512 448 1567 cod..
470 1513 489 1562 V
513 1529 551 1563 :n
570 1513 628 1563 Cam
646 1510 786 1575 mempiseit
805 1511 914 1562 adversus

116 1580 237 1646 spiritum
250 1597 263 1628 n
276 1582 320 1633 atio
331 1585 398 1634 modo
408 1583 432 1634 iu
446 1586 557 1648 quantum
566 1596 613 1635 una
621 1587 645 1634 et
654 1584 733 1634 eadem
741 1581 777 1633 uis
789 1580 915 1647 appetitiva

116 1651 141 1703 in
156 1651 244 1702 diuersa
257 1653 390 1718 appetibilia
410 1653 500 1719 tendit,
514 1668 564 1720 qua
578 1653 645 1704 simut
663 1654 753 1718 assequi
768 1667 814 1704 non
829 1657 914 1718 potest.

117 1725 180 1776 Unde
194 1737 286 1776 neeesse
300 1729 335 1776 est
351 1739 403 1776 esse
414 1726 586 1791 repugnantiam
600 1727 703 1776 motuum
716 1725 840 1790 appetitus.
856 1725 916 1780 unio

116 1800 193 1846 autem
206 1799 287 1848 horum
300 1801 401 1848 motuum
415 1798 551 1862 estquidam
567 1798 595 1848 de
605 1797 694 1851 natione
702 1798 777 1863 ‚pasis
785 1798 836 1848 Nou
849 1796 914 1848 enim

113 1863 183 1918 homo
196 1869 264 1918 habet
277 1872 383 1931 pacatum
397 1883 451 1930 nor,
465 1868 574 1934 quamdiu
588 1869 716 1920 nonhabet
730 1869 754 1919 id
772 1867 833 1931 qood
845 1869 913 1932 uuit,

92 1966 95 1972 ·
114 1941 137 1988 et
153 1937 173 1988 si
187 1937 270 1990 haheat
283 1939 367 2002 aliquid
379 1941 514 2004 quodvult,
530 1946 607 1994 temen
620 1941 694 1990 adhuc
708 1940 813 2005 nestatei
826 1938 913 2004 aliquid

115 2009 249 2070 uoiendum,
260 2011 319 2072 quod
338 2010 405 2060 simul
423 2011 505 2062 habene
522 2024 568 2067 non
586 2014 671 2077 potest.
685 2011 740 2062 ileo
759 2014 837 2062 autem
857 2011 917 2064 uuio

116 2091 162 2130 non
176 2084 210 2130 est
228 2080 355 2131 donatione
368 2081 501 2132 eoncordia.
515 2082 581 2133 Unde
593 2081 714 2132 eoncordia
726 2083 834 2146 importat
847 2083 917 2137 unio

116 2164 170 2203 nem
184 2150 325 2216 appetituum
346 2151 485 2206 diversorum
503 2154 670 2220 appetentium.
684 2155 733 2204 Pax
747 2158 825 2205 autem
845 2169 916 2219 supra

115 2223 176 2272 nano
195 2221 302 2274 unionem
319 2223 427 2289 importat
446 2225 516 2276 etiam
536 2227 677 2291 appetimnm
697 2223 766 2276 nnius
787 2226 919 2290 appetentis

114 2307 230 2346 unionem.

148 2366 180 2416 td
191 2367 288 2430 primum
299 2379 355 2430 engo
366 2366 492 2432 dicendum,
508 2365 569 2432 qnid
580 2368 721 2432 Augustiana
730 2366 829 2434 loquitur
841 2369 874 2420 itui
885 2371 916 2426 de

114 2450 187 2502 paee,
200 2451 250 2502 quae
267 2443 302 2488 est
315 2439 382 2490 nnius
394 2439 494 2490 hominis
509 2440 537 2489 ad
551 2439 636 2503 alium,
650 2444 674 2492 et
691 2441 751 2490 hano
761 2454 858 2509 paoem
859 2441 918 2494 dieit

116 2521 166 2560 esse
175 2511 330 2574 concordiam
340 2525 386 2562 non
397 2510 535 2576 quamlibet
545 2513 584 2562 sed
595 2508 735 2572 ordinatam
747 2526 777 2565 ex
787 2525 815 2564 eo
823 2513 917 2567 scinne

116 2579 174 2646 pndd
189 2595 247 2632 unns
256 2583 324 2634 homo
335 2583 455 2634 coneordat
467 2597 518 2632 oum
530 2582 575 2632 alio
587 2584 710 2633 secundum
722 2583 777 2635 iltnd
788 2586 847 2647 quod
859 2584 919 2635 utri·

116 2665 161 2714 pue
173 2653 288 2704 eonvenit.
296 2654 321 2703 Si
332 2654 393 2705 enim
402 2654 599 2705 homoeomeordat
611 2667 663 2703 eam
674 2640 775 2705 aiinnon
785 2658 916 2722 spontanea

116 2723 243 2784 voluntate,
259 2726 299 2775 sed
314 2725 378 2787 quasi
393 2727 484 2776 coaetus
498 2724 578 2774 timone
595 2723 693 2789 atienjas
710 2726 763 2775 nati
778 2726 823 2776 sibi
840 2725 920 2778 inmt-

116 2793 208 2853 nontis,
218 2793 271 2844 talis
285 2795 406 2846 eoncordia
425 2799 522 2846 nonest
538 2795 592 2846 vos
609 2807 671 2860 pn13
686 2798 739 2860 qnia
753 2805 799 2849 non
813 2803 920 2850 servatus

116 2865 171 2916 ordo
179 2864 295 2930 simusque
302 2863 459 2918 concomites
462 2901 472 2930 ,
484 2868 523 2918 sed
530 2866 677 2931 perturbatur
684 2867 800 2934 ab‘aiiqno
809 2868 918 2922 timorem
