1992 3317
352 165 386 216 on
401 166 547 216 centonio.
802 161 849 218 ooo

46 249 156 316 opinatur
169 251 198 304 ab
210 251 248 304 his
260 265 312 316 que
333 254 442 306 cothotica
455 255 528 305 medii
540 252 737 318 Ecetemccttngo
749 256 848 308 echome

46 336 96 374 non
109 327 147 374 ost
161 325 267 386 generale
278 327 406 388 peccatum.

81 397 244 460 (Goncnnsno.
263 423 294 436 -·
308 397 438 448 &immotis
457 402 576 462 peccatum
597 398 694 463 spectate
713 399 796 449 vitium
810 403 847 450 est

46 467 155 518 charitati
166 469 313 532 oppositum,
323 483 363 533 pen
373 471 432 534 qnod
446 471 536 534 qnidam
545 471 649 530 Christo,
660 483 687 520 ac
697 471 748 534 ejus
762 470 847 522 vicario

46 540 144 592 subesse
156 543 269 602 renuunt,
283 543 307 590 et
322 541 428 592 meminis
441 541 547 593 Ecctcsie
560 542 582 592 ei
596 541 706 605 subjectis
715 543 840 593 communi-

47 622 102 660 care
116 612 251 673 recusent.)

79 682 218 746 Respondeo
239 683 371 746 timonium,
394 683 455 747 quod
477 682 654 734 sicnttsidoms
675 683 731 734 dicit
747 684 772 734 tn
792 685 849 737 linco

48 754 165 816 Etyma
186 770 200 800 o
217 755 305 805 Nomen
323 754 450 805 schismatis
467 753 591 804 iscissum
604 754 729 804 animorum
743 760 849 806 comtum

48 829 92 876 est.
111 842 125 871 »
140 824 317 876 Scissiosutem
331 826 411 876 unitati
422 826 553 890 opponitur.
568 826 632 876 Unde
641 830 759 889 peccatum
775 829 849 878 soliis·

48 895 119 945 matis
135 895 226 957 dicitur,
242 897 301 960 quod
316 896 399 948 directi
414 901 438 946 et
453 911 494 960 per
507 909 533 946 se
544 896 667 960 opponitur
681 896 769 948 unitati.
787 898 849 948 Siout

48 967 110 1016 enim
122 967 147 1018 in
162 969 229 1018 nebus
244 969 382 1019 nstmnlibns
396 969 419 1019 it
430 969 490 1032 qnod
506 971 542 1018 est
552 981 593 1032 pen
606 969 727 1031 occidens,
739 983 785 1020 non
794 985 847 1021 oon·

49 1037 246 1102 stitnitspecicroc
256 1039 287 1089 ita
301 1040 369 1090 etiem
379 1053 420 1090 nec
435 1039 460 1088 in
473 1040 542 1090 reios
554 1037 686 1100 moratione,
696 1041 719 1088 in
733 1040 814 1103 quibus
825 1042 849 1092 it

49 1111 111 1173 quod
125 1111 293 1175 ostimentum,
308 1115 344 1162 est
356 1111 596 1174 persequutionem
608 1110 800 1175 seqnitmpreter
814 1113 851 1162 in·

48 1181 190 1243 tentionem,
205 1182 322 1245 estqooni
339 1196 380 1246 per
392 1183 505 1234 occidens.
519 1183 549 1231 Et
567 1182 618 1232 ideo
636 1187 755 1246 peccatum
775 1176 850 1234 schio'ss

49 1252 119 1305 motis
134 1251 225 1318 proprio
239 1257 274 1303 est
287 1253 386 1317 speciale
402 1258 532 1318 peccatum,
548 1267 578 1304 cx
593 1267 620 1304 eo
633 1252 693 1316 quot
713 1253 813 1304 intendit
825 1267 851 1305 se

49 1325 78 1374 ab
90 1323 179 1374 onitate
190 1337 294 1388 ceperano
303 1359 309 1384 ,
319 1335 387 1387 quom
401 1325 498 1374 charitas
507 1324 574 1387 tecit3
584 1339 636 1388 qne
653 1337 698 1374 non
707 1325 782 1374 cotom
793 1326 851 1375 otte·

49 1407 98 1444 nam
116 1408 236 1458 personam
255 1395 320 1445 ottoni
342 1395 392 1446 unit
412 1395 522 1459 spirituaii
543 1395 672 1446 dilectionis
688 1394 794 1459 vinculo,
809 1397 848 1446 sed

49 1465 120 1516 etiam
127 1469 199 1516 totam
206 1465 333 1516 Ecclesiam
341 1466 366 1516 in
376 1467 462 1519 concie
471 1466 571 1529 spirituo.
582 1467 610 1515 nt
621 1466 672 1516 ideo
679 1459 769 1530 proprie
777 1467 852 1518 sonis·

50 1537 130 1586 matici
140 1537 254 1599 dicuntur,
268 1537 307 1600 qui
317 1539 408 1602 proprio
424 1542 504 1601 sponte
514 1542 538 1588 et
546 1537 672 1588 intentione
683 1551 708 1588 se
721 1538 749 1589 ab
763 1539 849 1588 onitate

51 1609 160 1660 Ecclesiae
173 1613 287 1672 sommant,
300 1623 350 1672 qnae
359 1614 394 1659 cot
407 1610 481 1660 unitos
491 1608 629 1673 principalis.
637 1609 695 1657 Nom
706 1608 784 1658 unitas
796 1621 851 1672 pnr-

51 1682 154 1732 ticuloris
170 1682 295 1744 aliquosum
311 1682 337 1731 nd
355 1680 453 1736 invicem
467 1680 584 1731 ordinatur
604 1682 631 1730 nd
647 1680 756 1729 unitatem
772 1681 851 1730 Eccle-

51 1755 107 1817 siae3
125 1753 184 1802 sicot
198 1751 332 1816 compositio
343 1753 485 1816 singulorum
498 1751 650 1802 membrorum
666 1750 691 1799 in
703 1762 797 1814 corpore
809 1763 849 1801 ne·

51 1823 121 1876 totali
135 1823 251 1873 ordinetur
268 1823 294 1872 ad
311 1824 382 1874 totins
397 1823 497 1887 corporis
516 1823 634 1872 unitatem.
654 1820 758 1871 Ecclesiae
775 1826 851 1872 antem

50 1895 128 1944 unitas
148 1893 174 1943 in
188 1894 275 1943 duobus
287 1895 408 1944 attenditur
423 1908 428 1944 :
444 1894 533 1946 scilicet
543 1894 567 1942 in
582 1893 723 1944 connexione
738 1893 850 1943 membro·

51 1981 103 2016 rum
119 1965 227 2016 Ecctesiae
242 1966 393 2030 adinvicem,
409 1979 449 2017 seu
461 1966 682 2028 communicatione,
697 1969 720 2015 et
735 1965 815 2015 iterum
827 1966 850 2014 in

53 2039 133 2090 ordine
146 2037 246 2088 omnium
263 2039 413 2090 membrorum
431 2037 538 2089 Ecotcsiae
555 2039 583 2087 ad
597 2051 666 2087 onom
678 2041 759 2102 ceput,
771 2049 851 2087 cecon-

52 2111 108 2160 dum
122 2109 178 2159 iliud
196 2109 231 2158 od
247 2109 307 2163 Col„
326 2111 345 2158 tt
364 2125 369 2158 :
386 2126 400 2157 n
412 2109 504 2158 tntlotns
518 2122 586 2158 sensu
605 2107 679 2158 carnis
698 2121 759 2168 sne,
772 2112 795 2158 et
807 2122 851 2158 non

52 2185 135 2232 tenens
147 2184 216 2244 capnt
228 2193 257 2230 en
271 2194 316 2242 quo
329 2184 401 2230 totum
410 2193 492 2244 corpus
502 2193 544 2244 ner
555 2191 628 2230 nexos
638 2183 663 2230 et
676 2179 848 2243 conjunctiones

53 2252 250 2304 subministratum
263 2254 287 2302 et
296 2255 458 2312 constructum,
471 2252 553 2301 crescit
567 2249 591 2300 in
606 2253 752 2313 augmentum
765 2250 818 2300 Dei.
835 2267 848 2296 c

53 2326 102 2374 Hoc
118 2327 194 2374 autem
210 2325 278 2386 capnt
291 2326 325 2372 est
343 2322 393 2385 ipsc
407 2323 522 2381 Christos,
533 2323 599 2385 cnjus
617 2321 690 2371 vicem
707 2321 731 2370 in
751 2321 852 2372 Ecclesia

53 2395 216 2460 geritsnmmns
231 2394 343 2444 Pontifex.
359 2395 387 2444 m
404 2395 454 2444 ideo
473 2393 612 2443 schismatici
634 2394 740 2443 dicemur
756 2393 796 2455 qni
811 2406 850 2442 sn·

53 2469 121 2520 hesso
136 2470 238 2518 nennnnt
254 2479 343 2517 summo
359 2465 477 2529 Pontifici,
495 2464 536 2529 qni
550 2463 657 2515 membris
672 2462 778 2515 mctcsiae
796 2463 851 2513 snb-

52 2539 122 2603 jectis
134 2539 299 2592 communicare
313 2540 426 2588 recusant.

88 2612 119 2661 Ad
133 2611 230 2675 pnmcm
243 2608 439 2673 crotoniensium,
451 2608 511 2672 qnod
525 2607 605 2657 divisio
616 2605 714 2656 hominis
727 2606 795 2657 titeo
809 2618 853 2669 per

55 2686 183 2747 peccatum,
197 2687 290 2732 nonest
303 2682 388 2732 intenta
402 2679 546 2744 ipecconte3
558 2680 596 2728 seo
611 2682 693 2741 preter
700 2677 851 2729 intentionem

55 2754 107 2816 ejus
119 2753 200 2804 accidit
214 2765 242 2802 ex
255 2751 382 2802 inordinate
395 2751 544 2802 conversione
559 2749 634 2812 ipsius
647 2749 675 2798 ad
693 2747 855 2800 commutabile

54 2826 148 2876 bonnm.
161 2826 190 2874 Et
200 2824 250 2876 ideo
263 2837 308 2874 non
320 2828 356 2875 est
364 2823 460 2874 schisma
475 2835 515 2886 pen
528 2835 553 2871 se
564 2822 685 2884 innuendo.

87 2897 121 2952 oo
139 2897 263 2949 secundum
276 2895 409 2958 dicentum,
422 2894 481 2959 quod
500 2908 547 2946 non
560 2894 650 2946 obedire
660 2892 781 2956 preceptis
797 2903 841 2942 cm
