<?xml version="1.0" encoding="UTF-8"?>
<!DOCTYPE html PUBLIC "-//W3C//DTD XHTML 1.0 Transitional//EN"
    "http://www.w3.org/TR/xhtml1/DTD/xhtml1-transitional.dtd">
<html xmlns="http://www.w3.org/1999/xhtml" xml:lang="en" lang="en">
 <head>
  <title>
</title>
<meta http-equiv="Content-Type" content="text/html;charset=utf-8" />
  <meta name='ocr-system' content='tesseract 3.04.00' />
  <meta name='ocr-capabilities' content='ocr_page ocr_carea ocr_par ocr_line ocrx_word'/>
</head>
<body>
  <div class='ocr_page' id='page_1' title='image "./summatheologica03nicogoog_0119.png"; bbox 0 0 1992 3317; ppageno 0'>
   <div class='ocr_carea' id='block_1_1' title="bbox 154 156 813 217">
    <p class='ocr_par' dir='ltr' id='par_1_1' title="bbox 154 156 813 217">
     <span class='ocr_line' id='line_1_1' title="bbox 154 156 813 217; baseline 0 -12"><span class='ocrx_word' id='word_1_1' title='bbox 154 156 200 205; x_wconf 82' lang='lat' dir='ltr'>att</span> <span class='ocrx_word' id='word_1_2' title='bbox 287 167 396 205; x_wconf 79' lang='lat' dir='ltr'>sncuuuu</span> <span class='ocrx_word' id='word_1_3' title='bbox 410 166 539 216; x_wconf 75' lang='lat' dir='ltr'>secunus,</span> <span class='ocrx_word' id='word_1_4' title='bbox 557 166 647 211; x_wconf 73' lang='lat' dir='ltr'>suasu.</span> <span class='ocrx_word' id='word_1_5' title='bbox 665 168 687 217; x_wconf 82' lang='grc' dir='ltr'>ι,</span> <span class='ocrx_word' id='word_1_6' title='bbox 705 168 757 205; x_wconf 83' lang='lat' dir='ltr'>aaa.</span> <span class='ocrx_word' id='word_1_7' title='bbox 777 168 813 205; x_wconf 86' lang='lat' dir='ltr'>au.</span> 
     </span>
    </p>
   </div>
   <div class='ocr_carea' id='block_1_2' title="bbox 130 240 976 2745">
    <p class='ocr_par' dir='ltr' id='par_1_2' title="bbox 130 240 976 2745">
     <span class='ocr_line' id='line_1_2' title="bbox 154 240 951 309; baseline 0.003 -16"><span class='ocrx_word' id='word_1_8' title='bbox 154 244 249 304; x_wconf 67' lang='lat' dir='ltr'>lalana,</span> <span class='ocrx_word' id='word_1_9' title='bbox 269 242 395 293; x_wconf 77' lang='lat' dir='ltr'>mannaan</span> <span class='ocrx_word' id='word_1_10' title='bbox 409 241 471 306; x_wconf 81' lang='lat' dir='ltr'>quta</span> <span class='ocrx_word' id='word_1_11' title='bbox 482 245 519 293; x_wconf 87' lang='lat' dir='ltr'>eat</span> <span class='ocrx_word' id='word_1_12' title='bbox 535 240 619 291; x_wconf 68' lang='lat' dir='ltr'>munna</span> <span class='ocrx_word' id='word_1_13' title='bbox 630 241 771 304; x_wconf 73' lang='lat' dir='ltr'>ululatatus,</span> <span class='ocrx_word' id='word_1_14' title='bbox 789 248 815 294; x_wconf 87' lang='lat' dir='ltr'>ut</span> <span class='ocrx_word' id='word_1_15' title='bbox 831 246 896 309; x_wconf 87' lang='lat' dir='ltr'>patet</span> <span class='ocrx_word' id='word_1_16' title='bbox 910 248 951 309; x_wconf 84' lang='lat' dir='ltr'>pel</span> 
     </span>
     <span class='ocr_line' id='line_1_3' title="bbox 154 312 952 380; baseline 0.003 -17"><span class='ocrx_word' id='word_1_17' title='bbox 154 315 315 379; x_wconf 78' lang='lat' dir='ltr'>Philosophum</span> <span class='ocrx_word' id='word_1_18' title='bbox 323 314 349 363; x_wconf 89' lang='lat' dir='ltr'>in</span> <span class='ocrx_word' id='word_1_19' title='bbox 359 314 399 363; x_wconf 85' lang='lat' dir='ltr'>Vl.</span> <span class='ocrx_word' id='word_1_20' title='bbox 414 314 495 363; x_wconf 77' lang='lat' dir='ltr'>Ellis.</span> <span class='ocrx_word' id='word_1_21' title='bbox 514 312 558 363; x_wconf 85' lang='lat' dir='ltr'>Sed</span> <span class='ocrx_word' id='word_1_22' title='bbox 573 314 629 363; x_wconf 82' lang='lat' dir='ltr'>lidus</span> <span class='ocrx_word' id='word_1_23' title='bbox 642 316 679 363; x_wconf 86' lang='lat' dir='ltr'>esi</span> <span class='ocrx_word' id='word_1_24' title='bbox 692 315 883 377; x_wconf 73' lang='lat' dir='ltr'>quammultas</span> <span class='ocrx_word' id='word_1_25' title='bbox 901 330 952 380; x_wconf 64' lang='lat' dir='ltr'>peno</span> 
     </span>
     <span class='ocr_line' id='line_1_4' title="bbox 154 384 953 451; baseline 0.005 -19"><span class='ocrx_word' id='word_1_26' title='bbox 154 386 231 436; x_wconf 75' lang='lat' dir='ltr'>sameas</span> <span class='ocrx_word' id='word_1_27' title='bbox 246 386 401 448; x_wconf 71' lang='lat' dir='ltr'>inmissum,</span> <span class='ocrx_word' id='word_1_28' title='bbox 416 388 441 435; x_wconf 85' lang='lat' dir='ltr'>ut</span> <span class='ocrx_word' id='word_1_29' title='bbox 458 384 517 435; x_wconf 74' lang='lat' dir='ltr'>iulii</span> <span class='ocrx_word' id='word_1_30' title='bbox 533 385 627 449; x_wconf 82' lang='lat' dir='ltr'>patebit.</span> <span class='ocrx_word' id='word_1_31' title='bbox 642 386 701 448; x_wconf 71' lang='lat' dir='ltr'>argo</span> <span class='ocrx_word' id='word_1_32' title='bbox 719 385 741 435; x_wconf 87' lang='lat' dir='ltr'>ei</span> <span class='ocrx_word' id='word_1_33' title='bbox 759 398 805 436; x_wconf 87' lang='lat' dir='ltr'>nun</span> <span class='ocrx_word' id='word_1_34' title='bbox 820 390 900 451; x_wconf 85' lang='lat' dir='ltr'>potest</span> <span class='ocrx_word' id='word_1_35' title='bbox 919 402 953 436; x_wconf 85' lang='lat' dir='ltr'>sn-</span> 
     </span>
     <span class='ocr_line' id='line_1_5' title="bbox 153 458 320 509; baseline -0.012 -2"><span class='ocrx_word' id='word_1_36' title='bbox 153 458 217 507; x_wconf 84' lang='lat' dir='ltr'>besse</span> <span class='ocrx_word' id='word_1_37' title='bbox 228 458 320 509; x_wconf 82' lang='lat' dir='ltr'>rusum.</span> 
     </span>
     <span class='ocr_line' id='line_1_6' title="bbox 183 530 976 609; baseline 0.005 -28"><span class='ocrx_word' id='word_1_38' title='bbox 183 530 340 594; x_wconf 60' lang='lat' dir='ltr'>(mansio.</span> <span class='ocrx_word' id='word_1_39' title='bbox 355 557 386 567; x_wconf 88' lang='lat'>-</span> <span class='ocrx_word' id='word_1_40' title='bbox 402 530 459 580; x_wconf 81' lang='lat' dir='ltr'>Cina</span> <span class='ocrx_word' id='word_1_41' title='bbox 483 530 535 581; x_wconf 77' lang='lat' dir='ltr'>aaut</span> <span class='ocrx_word' id='word_1_42' title='bbox 559 530 673 594; x_wconf 78' lang='lat' dir='ltr'>abjectum</span> <span class='ocrx_word' id='word_1_43' title='bbox 697 531 790 581; x_wconf 86' lang='lat' dir='ltr'>turmale</span> <span class='ocrx_word' id='word_1_44' title='bbox 816 532 845 580; x_wconf 88' lang='lat' dir='ltr'>sit</span> <span class='ocrx_word' id='word_1_45' title='bbox 870 534 976 609; x_wconf 48' lang='lat' dir='ltr'>ueritasp</span> 
     </span>
     <span class='ocr_line' id='line_1_7' title="bbox 152 600 976 703; baseline 0.001 -52"><span class='ocrx_word' id='word_1_46' title='bbox 152 601 232 665; x_wconf 74' lang='lat' dir='ltr'>prima,</span> <span class='ocrx_word' id='word_1_47' title='bbox 247 600 270 651; x_wconf 89' lang='lat' dir='ltr'>ei</span> <span class='ocrx_word' id='word_1_48' title='bbox 282 601 370 650; x_wconf 85' lang='lat' dir='ltr'>nullum</span> <span class='ocrx_word' id='word_1_49' title='bbox 383 605 460 664; x_wconf 80' lang='lat' dir='ltr'>puteat</span> <span class='ocrx_word' id='word_1_50' title='bbox 470 603 563 652; x_wconf 78' lang='lat' dir='ltr'>subesse</span> <span class='ocrx_word' id='word_1_51' title='bbox 577 601 685 663; x_wconf 86' lang='lat' dir='ltr'>laisum.)</span> <span class='ocrx_word' id='word_1_52' title='bbox 975 616 976 703; x_wconf 47' lang='lat' dir='ltr'>p</span> 
     </span>
     <span class='ocr_line' id='line_1_8' title="bbox 182 670 976 739; baseline 0.004 -16"><span class='ocrx_word' id='word_1_53' title='bbox 182 673 317 737; x_wconf 81' lang='lat' dir='ltr'>ltespuniea</span> <span class='ocrx_word' id='word_1_54' title='bbox 330 674 460 735; x_wconf 61' lang='lat' dir='ltr'>madum,</span> <span class='ocrx_word' id='word_1_55' title='bbox 477 673 540 737; x_wconf 80' lang='lat' dir='ltr'>quta</span> <span class='ocrx_word' id='word_1_56' title='bbox 552 674 610 724; x_wconf 88' lang='lat' dir='ltr'>nilail</span> <span class='ocrx_word' id='word_1_57' title='bbox 624 670 701 725; x_wconf 86' lang='lat' dir='ltr'>subesi</span> <span class='ocrx_word' id='word_1_58' title='bbox 713 674 781 724; x_wconf 88' lang='lat' dir='ltr'>alieni</span> <span class='ocrx_word' id='word_1_59' title='bbox 795 676 905 739; x_wconf 74' lang='lat' dir='ltr'>potentiae</span> <span class='ocrx_word' id='word_1_60' title='bbox 917 679 952 727; x_wconf 83' lang='lat' dir='ltr'>vel</span> <span class='ocrx_word' id='word_1_61' title='bbox 975 704 976 737; x_wconf 57' lang='lat' dir='ltr'>l</span> 
     </span>
     <span class='ocr_line' id='line_1_9' title="bbox 151 746 949 813; baseline 0.002 -17"><span class='ocrx_word' id='word_1_62' title='bbox 151 746 252 806; x_wconf 79' lang='lat' dir='ltr'>habitan,</span> <span class='ocrx_word' id='word_1_63' title='bbox 264 749 303 795; x_wconf 90' lang='lat' dir='ltr'>aut</span> <span class='ocrx_word' id='word_1_64' title='bbox 313 746 382 797; x_wconf 84' lang='lat' dir='ltr'>etiam</span> <span class='ocrx_word' id='word_1_65' title='bbox 390 746 463 808; x_wconf 78' lang='lat' dir='ltr'>actui,</span> <span class='ocrx_word' id='word_1_66' title='bbox 477 746 521 796; x_wconf 88' lang='lat' dir='ltr'>nisi</span> <span class='ocrx_word' id='word_1_67' title='bbox 532 746 645 796; x_wconf 75' lang='lat' dir='ltr'>mediante</span> <span class='ocrx_word' id='word_1_68' title='bbox 654 748 742 795; x_wconf 82' lang='lat' dir='ltr'>natione</span> <span class='ocrx_word' id='word_1_69' title='bbox 751 747 840 797; x_wconf 84' lang='lat' dir='ltr'>turmali</span> <span class='ocrx_word' id='word_1_70' title='bbox 848 749 933 813; x_wconf 82' lang='lat' dir='ltr'>objecti</span> <span class='ocrx_word' id='word_1_71' title='bbox 945 768 949 798; x_wconf 90' lang='lat'>:</span> 
     </span>
     <span class='ocr_line' id='line_1_10' title="bbox 149 816 949 881; baseline 0.006 -16"><span class='ocrx_word' id='word_1_72' title='bbox 149 818 209 867; x_wconf 78' lang='lat' dir='ltr'>sieut</span> <span class='ocrx_word' id='word_1_73' title='bbox 222 817 284 868; x_wconf 80' lang='lat' dir='ltr'>enlm</span> <span class='ocrx_word' id='word_1_74' title='bbox 298 817 371 868; x_wconf 84' lang='lat' dir='ltr'>videri</span> <span class='ocrx_word' id='word_1_75' title='bbox 383 831 430 867; x_wconf 85' lang='lat' dir='ltr'>nun</span> <span class='ocrx_word' id='word_1_76' title='bbox 439 820 515 881; x_wconf 80' lang='lat' dir='ltr'>potest</span> <span class='ocrx_word' id='word_1_77' title='bbox 529 816 575 867; x_wconf 88' lang='lat' dir='ltr'>nisi</span> <span class='ocrx_word' id='word_1_78' title='bbox 589 830 629 881; x_wconf 86' lang='lat' dir='ltr'>pen</span> <span class='ocrx_word' id='word_1_79' title='bbox 642 818 724 879; x_wconf 78' lang='lat' dir='ltr'>lucen,</span> <span class='ocrx_word' id='word_1_80' title='bbox 736 822 759 867; x_wconf 87' lang='lat' dir='ltr'>et</span> <span class='ocrx_word' id='word_1_81' title='bbox 769 818 887 869; x_wconf 81' lang='lat' dir='ltr'><strong>conclusio</strong></span> <span class='ocrx_word' id='word_1_82' title='bbox 902 821 949 870; x_wconf 85' lang='lat' dir='ltr'>lieni</span> 
     </span>
     <span class='ocr_line' id='line_1_11' title="bbox 149 864 976 953; baseline 0.007 -16"><span class='ocrx_word' id='word_1_83' title='bbox 149 902 195 939; x_wconf 85' lang='lat' dir='ltr'>unu</span> <span class='ocrx_word' id='word_1_84' title='bbox 208 892 293 953; x_wconf 85' lang='lat' dir='ltr'>puteat·</span> <span class='ocrx_word' id='word_1_85' title='bbox 299 888 345 939; x_wconf 90' lang='lat' dir='ltr'>nisi</span> <span class='ocrx_word' id='word_1_86' title='bbox 360 903 401 952; x_wconf 85' lang='lat' dir='ltr'>pen</span> <span class='ocrx_word' id='word_1_87' title='bbox 417 890 517 939; x_wconf 88' lang='lat' dir='ltr'>medium</span> <span class='ocrx_word' id='word_1_88' title='bbox 534 888 742 939; x_wconf 78' lang='lat' dir='ltr'><strong>demonstrationis.</strong></span> <span class='ocrx_word' id='word_1_89' title='bbox 753 890 844 940; x_wconf 77' lang='lat' dir='ltr'>Dictum</span> <span class='ocrx_word' id='word_1_90' title='bbox 858 896 895 943; x_wconf 87' lang='lat' dir='ltr'>est</span> <span class='ocrx_word' id='word_1_91' title='bbox 909 906 952 943; x_wconf 82' lang='lat' dir='ltr'>au·</span> <span class='ocrx_word' id='word_1_92' title='bbox 975 864 976 943; x_wconf 69' lang='lat' dir='ltr'>i</span> 
     </span>
     <span class='ocr_line' id='line_1_12' title="bbox 151 944 976 1026; baseline 0.001 -16"><span class='ocrx_word' id='word_1_93' title='bbox 151 965 195 1011; x_wconf 87' lang='lat' dir='ltr'>tem</span> <span class='ocrx_word' id='word_1_94' title='bbox 206 963 261 1022; x_wconf 84' lang='lat' dir='ltr'>(art.</span> <span class='ocrx_word' id='word_1_95' title='bbox 274 961 313 1025; x_wconf 79' lang='lat' dir='ltr'>ll,</span> <span class='ocrx_word' id='word_1_96' title='bbox 322 960 383 1024; x_wconf 83' lang='lat' dir='ltr'>quta</span> <span class='ocrx_word' id='word_1_97' title='bbox 389 960 448 1010; x_wconf 84' lang='lat' dir='ltr'>natio</span> <span class='ocrx_word' id='word_1_98' title='bbox 458 959 560 1013; x_wconf 72' lang='lat' dir='ltr'>manaim</span> <span class='ocrx_word' id='word_1_99' title='bbox 568 959 652 1024; x_wconf 75' lang='lat' dir='ltr'>objemi</span> <span class='ocrx_word' id='word_1_100' title='bbox 659 960 711 1010; x_wconf 83' lang='lat' dir='ltr'>fidei</span> <span class='ocrx_word' id='word_1_101' title='bbox 723 964 758 1009; x_wconf 89' lang='lat' dir='ltr'>est</span> <span class='ocrx_word' id='word_1_102' title='bbox 765 961 851 1012; x_wconf 82' lang='lat' dir='ltr'>veritas</span> <span class='ocrx_word' id='word_1_103' title='bbox 859 963 949 1026; x_wconf 80' lang='lat' dir='ltr'>prima:</span> <span class='ocrx_word' id='word_1_104' title='bbox 975 944 976 1023; x_wconf 68' lang='lat' dir='ltr'>i</span> 
     </span>
     <span class='ocr_line' id='line_1_13' title="bbox 130 1030 952 1097; baseline 0.009 -17"><span class='ocrx_word' id='word_1_105' title='bbox 130 1030 208 1083; x_wconf 78' lang='lat' dir='ltr'>&#39;tande</span> <span class='ocrx_word' id='word_1_106' title='bbox 222 1032 278 1083; x_wconf 85' lang='lat' dir='ltr'>nihil</span> <span class='ocrx_word' id='word_1_107' title='bbox 295 1037 370 1097; x_wconf 85' lang='lat' dir='ltr'>potest</span> <span class='ocrx_word' id='word_1_108' title='bbox 386 1033 466 1082; x_wconf 84' lang='lat' dir='ltr'>eadere</span> <span class='ocrx_word' id='word_1_109' title='bbox 486 1033 529 1082; x_wconf 90' lang='lat' dir='ltr'>suh</span> <span class='ocrx_word' id='word_1_110' title='bbox 545 1031 602 1095; x_wconf 88' lang='lat' dir='ltr'>lide,</span> <span class='ocrx_word' id='word_1_111' title='bbox 620 1031 665 1081; x_wconf 88' lang='lat' dir='ltr'>nisi</span> <span class='ocrx_word' id='word_1_112' title='bbox 679 1031 703 1081; x_wconf 92' lang='lat' dir='ltr'>iu</span> <span class='ocrx_word' id='word_1_113' title='bbox 721 1036 831 1095; x_wconf 85' lang='lat' dir='ltr'>quantum</span> <span class='ocrx_word' id='word_1_114' title='bbox 850 1039 897 1085; x_wconf 86' lang='lat' dir='ltr'>stat</span> <span class='ocrx_word' id='word_1_115' title='bbox 911 1038 952 1088; x_wconf 87' lang='lat' dir='ltr'>sub</span> 
     </span>
     <span class='ocr_line' id='line_1_14' title="bbox 147 1102 976 1171; baseline 0.006 -19"><span class='ocrx_word' id='word_1_116' title='bbox 147 1104 243 1156; x_wconf 72' lang='lat' dir='ltr'>vertute</span> <span class='ocrx_word' id='word_1_117' title='bbox 261 1105 347 1169; x_wconf 83' lang='lat' dir='ltr'>prima,</span> <span class='ocrx_word' id='word_1_118' title='bbox 367 1104 409 1154; x_wconf 87' lang='lat' dir='ltr'>snb</span> <span class='ocrx_word' id='word_1_119' title='bbox 428 1115 474 1167; x_wconf 83' lang='lat' dir='ltr'>qna</span> <span class='ocrx_word' id='word_1_120' title='bbox 493 1102 581 1153; x_wconf 87' lang='lat' dir='ltr'>nullam</span> <span class='ocrx_word' id='word_1_121' title='bbox 600 1102 682 1153; x_wconf 82' lang='lat' dir='ltr'>falsum</span> <span class='ocrx_word' id='word_1_122' title='bbox 701 1106 759 1153; x_wconf 87' lang='lat' dir='ltr'>stare</span> <span class='ocrx_word' id='word_1_123' title='bbox 782 1108 874 1168; x_wconf 85' lang='lat' dir='ltr'>petest,</span> <span class='ocrx_word' id='word_1_124' title='bbox 895 1108 954 1167; x_wconf 86' lang='lat' dir='ltr'>sicut</span> <span class='ocrx_word' id='word_1_125' title='bbox 975 1138 976 1171; x_wconf 29' lang='grc' dir='ltr'>ἒ</span> 
     </span>
     <span class='ocr_line' id='line_1_15' title="bbox 148 1175 976 1237; baseline 0.011 -13"><span class='ocrx_word' id='word_1_126' title='bbox 148 1189 190 1227; x_wconf 87' lang='lat' dir='ltr'>uec</span> <span class='ocrx_word' id='word_1_127' title='bbox 200 1190 247 1227; x_wconf 72' lang='lat' dir='ltr'>saun</span> <span class='ocrx_word' id='word_1_128' title='bbox 260 1191 303 1236; x_wconf 74' lang='lat' dir='ltr'>ens</span> <span class='ocrx_word' id='word_1_129' title='bbox 315 1176 358 1227; x_wconf 83' lang='lat' dir='ltr'>sut</span> <span class='ocrx_word' id='word_1_130' title='bbox 371 1179 440 1237; x_wconf 84' lang='lat' dir='ltr'>ente,</span> <span class='ocrx_word' id='word_1_131' title='bbox 454 1188 498 1226; x_wconf 85' lang='lat' dir='ltr'>nec</span> <span class='ocrx_word' id='word_1_132' title='bbox 511 1175 610 1225; x_wconf 83' lang='lat' dir='ltr'>mulum</span> <span class='ocrx_word' id='word_1_133' title='bbox 626 1175 668 1225; x_wconf 82' lang='lat' dir='ltr'>sub</span> <span class='ocrx_word' id='word_1_134' title='bbox 684 1175 793 1229; x_wconf 82' lang='lat' dir='ltr'>leuitate.</span> <span class='ocrx_word' id='word_1_135' title='bbox 804 1177 871 1227; x_wconf 83' lang='lat' dir='ltr'>Unde</span> <span class='ocrx_word' id='word_1_136' title='bbox 880 1179 954 1231; x_wconf 70' lang='lat' dir='ltr'>aelim*</span> <span class='ocrx_word' id='word_1_137' title='bbox 975 1184 976 1233; x_wconf 90' lang='lat' dir='ltr'>l</span> 
     </span>
     <span class='ocr_line' id='line_1_16' title="bbox 146 1237 976 1312; baseline 0.001 -16"><span class='ocrx_word' id='word_1_138' title='bbox 146 1248 222 1310; x_wconf 80' lang='lat' dir='ltr'>quitur</span> <span class='ocrx_word' id='word_1_139' title='bbox 231 1237 293 1312; x_wconf 74' lang='lat' dir='ltr'>quii</span> <span class='ocrx_word' id='word_1_140' title='bbox 305 1247 358 1297; x_wconf 88' lang='lat' dir='ltr'>lidei</span> <span class='ocrx_word' id='word_1_141' title='bbox 374 1260 421 1297; x_wconf 84' lang='lat' dir='ltr'>nun</span> <span class='ocrx_word' id='word_1_142' title='bbox 437 1250 514 1311; x_wconf 82' lang='lat' dir='ltr'>potest</span> <span class='ocrx_word' id='word_1_143' title='bbox 524 1247 617 1297; x_wconf 83' lang='lat' dir='ltr'>subesse</span> <span class='ocrx_word' id='word_1_144' title='bbox 631 1246 722 1309; x_wconf 81' lang='lat' dir='ltr'>aliquod</span> <span class='ocrx_word' id='word_1_145' title='bbox 736 1246 825 1299; x_wconf 85' lang='lat' dir='ltr'>laisum.</span> <span class='ocrx_word' id='word_1_146' title='bbox 975 1240 976 1249; x_wconf 72' lang='grc'>’</span> 
     </span>
     <span class='ocr_line' id='line_1_17' title="bbox 176 1317 950 1383; baseline 0.008 -15"><span class='ocrx_word' id='word_1_147' title='bbox 176 1319 324 1383; x_wconf 75' lang='lat' dir='ltr'>ltprimum</span> <span class='ocrx_word' id='word_1_148' title='bbox 341 1317 543 1383; x_wconf 69' lang='lat' dir='ltr'>amplicandam,</span> <span class='ocrx_word' id='word_1_149' title='bbox 560 1317 621 1381; x_wconf 78' lang='lat' dir='ltr'>quid</span> <span class='ocrx_word' id='word_1_150' title='bbox 638 1318 794 1381; x_wconf 77' lang='lat' dir='ltr'>quieveram</span> <span class='ocrx_word' id='word_1_151' title='bbox 811 1322 848 1371; x_wconf 89' lang='lat' dir='ltr'>est</span> <span class='ocrx_word' id='word_1_152' title='bbox 861 1320 950 1374; x_wconf 82' lang='lat' dir='ltr'>hunnum</span> 
     </span>
     <span class='ocr_line' id='line_1_18' title="bbox 146 1386 976 1457; baseline 0.002 -18"><span class='ocrx_word' id='word_1_153' title='bbox 146 1390 289 1454; x_wconf 82' lang='lat' dir='ltr'>intellectis,</span> <span class='ocrx_word' id='word_1_154' title='bbox 306 1404 352 1441; x_wconf 88' lang='lat' dir='ltr'>nnn</span> <span class='ocrx_word' id='word_1_155' title='bbox 368 1393 443 1440; x_wconf 85' lang='lat' dir='ltr'>autem</span> <span class='ocrx_word' id='word_1_156' title='bbox 462 1393 498 1440; x_wconf 88' lang='lat' dir='ltr'>est</span> <span class='ocrx_word' id='word_1_157' title='bbox 515 1390 601 1443; x_wconf 85' lang='lat' dir='ltr'>hunum</span> <span class='ocrx_word' id='word_1_158' title='bbox 616 1389 748 1455; x_wconf 76' lang='lat' dir='ltr'>appetitiva</span> <span class='ocrx_word' id='word_1_159' title='bbox 763 1391 870 1457; x_wconf 76' lang='lat' dir='ltr'>intutis,</span> <span class='ocrx_word' id='word_1_160' title='bbox 895 1394 948 1446; x_wconf 86' lang='lat' dir='ltr'>ideo</span> <span class='ocrx_word' id='word_1_161' title='bbox 975 1386 976 1441; x_wconf 89' lang='lat' dir='ltr'>l</span> 
     </span>
     <span class='ocr_line' id='line_1_19' title="bbox 145 1461 976 1527; baseline 0.004 -14"><span class='ocrx_word' id='word_1_162' title='bbox 145 1476 224 1514; x_wconf 82' lang='lat' dir='ltr'>omnes</span> <span class='ocrx_word' id='word_1_163' title='bbox 240 1462 335 1513; x_wconf 78' lang='lat' dir='ltr'>unates</span> <span class='ocrx_word' id='word_1_164' title='bbox 348 1476 400 1527; x_wconf 82' lang='lat' dir='ltr'>qne</span> <span class='ocrx_word' id='word_1_165' title='bbox 412 1461 533 1525; x_wconf 83' lang='lat' dir='ltr'>perficiunt</span> <span class='ocrx_word' id='word_1_166' title='bbox 543 1461 694 1525; x_wconf 84' lang='lat' dir='ltr'>intellectum,</span> <span class='ocrx_word' id='word_1_167' title='bbox 710 1462 837 1513; x_wconf 82' lang='lat' dir='ltr'>excludunt</span> <span class='ocrx_word' id='word_1_168' title='bbox 847 1466 951 1517; x_wconf 74' lang='lat' dir='ltr'>totaliter</span> <span class='ocrx_word' id='word_1_169' title='bbox 975 1464 976 1525; x_wconf 72' lang='grc' dir='ltr'>Ῑ</span> 
     </span>
     <span class='ocr_line' id='line_1_20' title="bbox 144 1532 976 1599; baseline 0.005 -16"><span class='ocrx_word' id='word_1_170' title='bbox 144 1535 238 1598; x_wconf 79' lang='lat' dir='ltr'>falsum,</span> <span class='ocrx_word' id='word_1_171' title='bbox 253 1534 306 1599; x_wconf 83' lang='lat' dir='ltr'>quia</span> <span class='ocrx_word' id='word_1_172' title='bbox 321 1532 445 1585; x_wconf 81' lang='lat' dir='ltr'>damtione</span> <span class='ocrx_word' id='word_1_173' title='bbox 457 1532 547 1585; x_wconf 80' lang='lat' dir='ltr'>virtutis</span> <span class='ocrx_word' id='word_1_174' title='bbox 562 1537 596 1585; x_wconf 83' lang='lat' dir='ltr'>est</span> <span class='ocrx_word' id='word_1_175' title='bbox 608 1533 668 1598; x_wconf 77' lang='lat' dir='ltr'>quid</span> <span class='ocrx_word' id='word_1_176' title='bbox 686 1546 711 1583; x_wconf 85' lang='lat' dir='ltr'>se</span> <span class='ocrx_word' id='word_1_177' title='bbox 726 1533 809 1584; x_wconf 83' lang='lat' dir='ltr'>habeat</span> <span class='ocrx_word' id='word_1_178' title='bbox 825 1536 903 1589; x_wconf 83' lang='lat' dir='ltr'>sullam</span> <span class='ocrx_word' id='word_1_179' title='bbox 921 1540 949 1588; x_wconf 73' lang='lat' dir='ltr'>alt</span> <span class='ocrx_word' id='word_1_180' title='bbox 975 1542 976 1599; x_wconf 55' lang='grc' dir='ltr'>ζ</span> 
     </span>
     <span class='ocr_line' id='line_1_21' title="bbox 143 1600 976 1671; baseline 0.005 -15"><span class='ocrx_word' id='word_1_181' title='bbox 143 1605 236 1657; x_wconf 86' lang='lat' dir='ltr'>bunum.</span> <span class='ocrx_word' id='word_1_182' title='bbox 249 1606 348 1656; x_wconf 82' lang='lat' dir='ltr'>Virtutes</span> <span class='ocrx_word' id='word_1_183' title='bbox 362 1609 438 1657; x_wconf 88' lang='lat' dir='ltr'>autem</span> <span class='ocrx_word' id='word_1_184' title='bbox 452 1605 595 1669; x_wconf 82' lang='lat' dir='ltr'>perficientes</span> <span class='ocrx_word' id='word_1_185' title='bbox 610 1608 699 1669; x_wconf 79' lang='lat' dir='ltr'>pantenu</span> <span class='ocrx_word' id='word_1_186' title='bbox 718 1604 884 1671; x_wconf 70' lang='lat' dir='ltr'>appetitivam,</span> <span class='ocrx_word' id='word_1_187' title='bbox 902 1622 949 1659; x_wconf 87' lang='lat' dir='ltr'>non</span> <span class='ocrx_word' id='word_1_188' title='bbox 975 1600 976 1631; x_wconf 33' lang='grc' dir='ltr'><strong>ἶ</strong></span> 
     </span>
     <span class='ocr_line' id='line_1_22' title="bbox 143 1674 949 1743; baseline 0.002 -15"><span class='ocrx_word' id='word_1_189' title='bbox 143 1678 265 1729; x_wconf 79' lang='lat' dir='ltr'>excludunt</span> <span class='ocrx_word' id='word_1_190' title='bbox 274 1678 375 1729; x_wconf 84' lang='lat' dir='ltr'>totaliter</span> <span class='ocrx_word' id='word_1_191' title='bbox 393 1677 487 1740; x_wconf 78' lang='lat' dir='ltr'>lalsnm3</span> <span class='ocrx_word' id='word_1_192' title='bbox 500 1679 576 1741; x_wconf 86' lang='lat' dir='ltr'>potest</span> <span class='ocrx_word' id='word_1_193' title='bbox 587 1676 648 1727; x_wconf 88' lang='lat' dir='ltr'>enim</span> <span class='ocrx_word' id='word_1_194' title='bbox 658 1674 741 1739; x_wconf 76' lang='lat' dir='ltr'>aliquis</span> <span class='ocrx_word' id='word_1_195' title='bbox 758 1676 887 1729; x_wconf 76' lang='lat' dir='ltr'>secundini</span> <span class='ocrx_word' id='word_1_196' title='bbox 899 1680 949 1743; x_wconf 84' lang='lat' dir='ltr'>jus-</span> 
     </span>
     <span class='ocr_line' id='line_1_23' title="bbox 144 1744 949 1815; baseline 0.002 -16"><span class='ocrx_word' id='word_1_197' title='bbox 144 1748 217 1800; x_wconf 88' lang='lat' dir='ltr'>titiam</span> <span class='ocrx_word' id='word_1_198' title='bbox 229 1753 268 1799; x_wconf 89' lang='lat' dir='ltr'>aut</span> <span class='ocrx_word' id='word_1_199' title='bbox 276 1749 449 1813; x_wconf 82' lang='lat' dir='ltr'>temperantiam</span> <span class='ocrx_word' id='word_1_200' title='bbox 460 1761 537 1810; x_wconf 78' lang='lat' dir='ltr'>agene,</span> <span class='ocrx_word' id='word_1_201' title='bbox 551 1748 638 1799; x_wconf 84' lang='lat' dir='ltr'>labans</span> <span class='ocrx_word' id='word_1_202' title='bbox 647 1745 745 1810; x_wconf 83' lang='lat' dir='ltr'>aliquam</span> <span class='ocrx_word' id='word_1_203' title='bbox 761 1744 843 1800; x_wconf 85' lang='lat' dir='ltr'>falsam</span> <span class='ocrx_word' id='word_1_204' title='bbox 857 1751 949 1815; x_wconf 85' lang='lat' dir='ltr'>opiniu-</span> 
     </span>
     <span class='ocr_line' id='line_1_24' title="bbox 143 1818 948 1884; baseline 0.005 -14"><span class='ocrx_word' id='word_1_205' title='bbox 143 1835 194 1873; x_wconf 90' lang='lat' dir='ltr'>nem</span> <span class='ocrx_word' id='word_1_206' title='bbox 212 1823 240 1872; x_wconf 88' lang='lat' dir='ltr'>de</span> <span class='ocrx_word' id='word_1_207' title='bbox 258 1835 286 1872; x_wconf 88' lang='lat' dir='ltr'>eu</span> <span class='ocrx_word' id='word_1_208' title='bbox 297 1821 356 1873; x_wconf 81' lang='lat' dir='ltr'>eirca</span> <span class='ocrx_word' id='word_1_209' title='bbox 368 1821 428 1884; x_wconf 78' lang='lat' dir='ltr'>unul</span> <span class='ocrx_word' id='word_1_210' title='bbox 444 1820 501 1883; x_wconf 80' lang='lat' dir='ltr'>agit.</span> <span class='ocrx_word' id='word_1_211' title='bbox 515 1820 543 1869; x_wconf 80' lang='lat' dir='ltr'>lit</span> <span class='ocrx_word' id='word_1_212' title='bbox 559 1819 605 1883; x_wconf 86' lang='lat' dir='ltr'>ita,</span> <span class='ocrx_word' id='word_1_213' title='bbox 619 1818 671 1869; x_wconf 82' lang='lat' dir='ltr'>cim</span> <span class='ocrx_word' id='word_1_214' title='bbox 690 1819 747 1870; x_wconf 84' lang='lat' dir='ltr'>fides</span> <span class='ocrx_word' id='word_1_215' title='bbox 760 1818 864 1882; x_wconf 81' lang='lat' dir='ltr'>perficiat</span> <span class='ocrx_word' id='word_1_216' title='bbox 876 1821 948 1874; x_wconf 85' lang='lat' dir='ltr'>intel·</span> 
     </span>
     <span class='ocr_line' id='line_1_25' title="bbox 142 1890 948 1958; baseline 0.005 -17"><span class='ocrx_word' id='word_1_217' title='bbox 142 1894 240 1954; x_wconf 84' lang='lat' dir='ltr'>lentum,</span> <span class='ocrx_word' id='word_1_218' title='bbox 257 1906 311 1958; x_wconf 86' lang='lat' dir='ltr'>spes</span> <span class='ocrx_word' id='word_1_219' title='bbox 327 1896 404 1943; x_wconf 89' lang='lat' dir='ltr'>autem</span> <span class='ocrx_word' id='word_1_220' title='bbox 417 1895 440 1942; x_wconf 88' lang='lat' dir='ltr'>et</span> <span class='ocrx_word' id='word_1_221' title='bbox 454 1891 552 1941; x_wconf 69' lang='lat' dir='ltr'>ananius</span> <span class='ocrx_word' id='word_1_222' title='bbox 565 1890 713 1955; x_wconf 78' lang='lat' dir='ltr'>appetitivam</span> <span class='ocrx_word' id='word_1_223' title='bbox 728 1893 833 1954; x_wconf 73' lang='lat' dir='ltr'>putem,</span> <span class='ocrx_word' id='word_1_224' title='bbox 849 1906 899 1944; x_wconf 92' lang='lat' dir='ltr'>nun</span> <span class='ocrx_word' id='word_1_225' title='bbox 910 1900 948 1945; x_wconf 86' lang='lat' dir='ltr'>est</span> 
     </span>
     <span class='ocr_line' id='line_1_26' title="bbox 142 1962 943 2030; baseline 0.001 -15"><span class='ocrx_word' id='word_1_226' title='bbox 142 1964 222 2015; x_wconf 91' lang='lat' dir='ltr'>similis</span> <span class='ocrx_word' id='word_1_227' title='bbox 236 1963 293 2015; x_wconf 85' lang='lat' dir='ltr'>natio</span> <span class='ocrx_word' id='word_1_228' title='bbox 307 1964 335 2013; x_wconf 88' lang='lat' dir='ltr'>de</span> <span class='ocrx_word' id='word_1_229' title='bbox 346 1964 389 2013; x_wconf 88' lang='lat' dir='ltr'>eis.</span> <span class='ocrx_word' id='word_1_230' title='bbox 403 1963 434 2013; x_wconf 85' lang='lat' dir='ltr'>lit</span> <span class='ocrx_word' id='word_1_231' title='bbox 444 1966 521 2014; x_wconf 88' lang='lat' dir='ltr'>tamen</span> <span class='ocrx_word' id='word_1_232' title='bbox 532 1976 606 2030; x_wconf 83' lang='lat' dir='ltr'>neque</span> <span class='ocrx_word' id='word_1_233' title='bbox 616 1962 684 2015; x_wconf 87' lang='lat' dir='ltr'>etiam</span> <span class='ocrx_word' id='word_1_234' title='bbox 695 1962 745 2027; x_wconf 89' lang='lat' dir='ltr'>spei</span> <span class='ocrx_word' id='word_1_235' title='bbox 756 1962 836 2013; x_wconf 84' lang='lat' dir='ltr'>subest</span> <span class='ocrx_word' id='word_1_236' title='bbox 846 1964 943 2017; x_wconf 85' lang='lat' dir='ltr'>salsum.</span> 
     </span>
     <span class='ocr_line' id='line_1_27' title="bbox 141 2033 946 2098; baseline 0 -13"><span class='ocrx_word' id='word_1_237' title='bbox 141 2038 192 2087; x_wconf 85' lang='lat' dir='ltr'>Nun</span> <span class='ocrx_word' id='word_1_238' title='bbox 205 2036 265 2087; x_wconf 87' lang='lat' dir='ltr'>enim</span> <span class='ocrx_word' id='word_1_239' title='bbox 279 2033 360 2097; x_wconf 73' lang='lat' dir='ltr'>aliquis</span> <span class='ocrx_word' id='word_1_240' title='bbox 376 2038 454 2098; x_wconf 83' lang='lat' dir='ltr'>sperat</span> <span class='ocrx_word' id='word_1_241' title='bbox 467 2048 492 2085; x_wconf 88' lang='lat' dir='ltr'>se</span> <span class='ocrx_word' id='word_1_242' title='bbox 507 2034 636 2085; x_wconf 80' lang='lat' dir='ltr'>habiturum</span> <span class='ocrx_word' id='word_1_243' title='bbox 650 2034 721 2085; x_wconf 85' lang='lat' dir='ltr'>vitam</span> <span class='ocrx_word' id='word_1_244' title='bbox 736 2038 845 2085; x_wconf 82' lang='lat' dir='ltr'>eternam</span> <span class='ocrx_word' id='word_1_245' title='bbox 858 2049 946 2087; x_wconf 78' lang='lat' dir='ltr'>secun</span> 
     </span>
     <span class='ocr_line' id='line_1_28' title="bbox 140 2104 976 2171; baseline 0.001 -14"><span class='ocrx_word' id='word_1_246' title='bbox 140 2107 193 2157; x_wconf 83' lang='lat' dir='ltr'>dim</span> <span class='ocrx_word' id='word_1_247' title='bbox 205 2106 318 2171; x_wconf 82' lang='lat' dir='ltr'>propriam</span> <span class='ocrx_word' id='word_1_248' title='bbox 327 2108 478 2170; x_wconf 79' lang='lat' dir='ltr'>patestatem3</span> <span class='ocrx_word' id='word_1_249' title='bbox 488 2107 533 2157; x_wconf 82' lang='lat' dir='ltr'>hue</span> <span class='ocrx_word' id='word_1_250' title='bbox 545 2104 606 2155; x_wconf 88' lang='lat' dir='ltr'>euim</span> <span class='ocrx_word' id='word_1_251' title='bbox 615 2108 675 2157; x_wconf 84' lang='lat' dir='ltr'>esset</span> <span class='ocrx_word' id='word_1_252' title='bbox 684 2105 887 2171; x_wconf 78' lang='lat' dir='ltr'>presumptionis,</span> <span class='ocrx_word' id='word_1_253' title='bbox 904 2108 946 2158; x_wconf 89' lang='lat' dir='ltr'>sed</span> <span class='ocrx_word' id='word_1_254' title='bbox 975 2114 976 2163; x_wconf 87' lang='lat' dir='ltr'>l</span> 
     </span>
     <span class='ocr_line' id='line_1_29' title="bbox 139 2176 946 2241; baseline 0 -11"><span class='ocrx_word' id='word_1_255' title='bbox 139 2178 262 2230; x_wconf 79' lang='lat' dir='ltr'>seeundum</span> <span class='ocrx_word' id='word_1_256' title='bbox 273 2176 382 2230; x_wconf 80' lang='lat' dir='ltr'>auxilium</span> <span class='ocrx_word' id='word_1_257' title='bbox 396 2176 487 2241; x_wconf 73' lang='lat' dir='ltr'>gratie,</span> <span class='ocrx_word' id='word_1_258' title='bbox 503 2177 528 2229; x_wconf 90' lang='lat' dir='ltr'>iu</span> <span class='ocrx_word' id='word_1_259' title='bbox 541 2190 587 2240; x_wconf 84' lang='lat' dir='ltr'>qua</span> <span class='ocrx_word' id='word_1_260' title='bbox 604 2176 625 2227; x_wconf 89' lang='lat' dir='ltr'>si</span> <span class='ocrx_word' id='word_1_261' title='bbox 639 2176 831 2239; x_wconf 79' lang='lat' dir='ltr'>perseveraverit,</span> <span class='ocrx_word' id='word_1_262' title='bbox 846 2179 946 2230; x_wconf 84' lang='lat' dir='ltr'>omnino</span> 
     </span>
     <span class='ocr_line' id='line_1_30' title="bbox 139 2246 945 2311; baseline 0 -10"><span class='ocrx_word' id='word_1_263' title='bbox 139 2255 163 2301; x_wconf 87' lang='lat' dir='ltr'>et</span> <span class='ocrx_word' id='word_1_264' title='bbox 185 2249 331 2299; x_wconf 78' lang='lat' dir='ltr'>infallibiliter</span> <span class='ocrx_word' id='word_1_265' title='bbox 347 2248 417 2299; x_wconf 86' lang='lat' dir='ltr'>uitam</span> <span class='ocrx_word' id='word_1_266' title='bbox 431 2253 538 2300; x_wconf 70' lang='lat' dir='ltr'>umanum</span> <span class='ocrx_word' id='word_1_267' title='bbox 557 2251 716 2311; x_wconf 81' lang='lat' dir='ltr'>consequetur.</span> <span class='ocrx_word' id='word_1_268' title='bbox 736 2246 847 2299; x_wconf 81' lang='lat' dir='ltr'>Similiter</span> <span class='ocrx_word' id='word_1_269' title='bbox 870 2252 945 2301; x_wconf 89' lang='lat' dir='ltr'>eliam</span> 
     </span>
     <span class='ocr_line' id='line_1_31' title="bbox 139 2306 976 2385; baseline 0 -12"><span class='ocrx_word' id='word_1_270' title='bbox 139 2322 167 2373; x_wconf 86' lang='lat' dir='ltr'>nd</span> <span class='ocrx_word' id='word_1_271' title='bbox 181 2321 313 2371; x_wconf 82' lang='lat' dir='ltr'>charitatem</span> <span class='ocrx_word' id='word_1_272' title='bbox 332 2320 430 2385; x_wconf 83' lang='lat' dir='ltr'>pertinet</span> <span class='ocrx_word' id='word_1_273' title='bbox 445 2319 538 2384; x_wconf 81' lang='lat' dir='ltr'>diligere</span> <span class='ocrx_word' id='word_1_274' title='bbox 556 2320 627 2369; x_wconf 82' lang='lat' dir='ltr'>Deum</span> <span class='ocrx_word' id='word_1_275' title='bbox 645 2318 668 2367; x_wconf 90' lang='lat' dir='ltr'>in</span> <span class='ocrx_word' id='word_1_276' title='bbox 683 2332 826 2382; x_wconf 83' lang='lat' dir='ltr'>quocumque</span> <span class='ocrx_word' id='word_1_277' title='bbox 846 2320 943 2373; x_wconf 77' lang='lat' dir='ltr'>luerit:</span> <span class='ocrx_word' id='word_1_278' title='bbox 975 2306 976 2373; x_wconf 59' lang='lat' dir='ltr'>i</span> 
     </span>
     <span class='ocr_line' id='line_1_32' title="bbox 139 2388 976 2457; baseline 0.005 -17"><span class='ocrx_word' id='word_1_279' title='bbox 139 2394 198 2443; x_wconf 85' lang='lat' dir='ltr'>unde</span> <span class='ocrx_word' id='word_1_280' title='bbox 215 2406 260 2442; x_wconf 89' lang='lat' dir='ltr'>non</span> <span class='ocrx_word' id='word_1_281' title='bbox 271 2393 342 2443; x_wconf 68' lang='lat' dir='ltr'>vatellani</span> <span class='ocrx_word' id='word_1_282' title='bbox 356 2393 384 2443; x_wconf 88' lang='lat' dir='ltr'>ad</span> <span class='ocrx_word' id='word_1_283' title='bbox 402 2388 680 2454; x_wconf 84' lang='lat' dir='ltr'>eharitatem‚ut1·i1miu</span> <span class='ocrx_word' id='word_1_284' title='bbox 697 2390 741 2441; x_wconf 88' lang='lat' dir='ltr'>isto</span> <span class='ocrx_word' id='word_1_285' title='bbox 760 2388 789 2441; x_wconf 89' lang='lat' dir='ltr'>sit</span> <span class='ocrx_word' id='word_1_286' title='bbox 802 2391 881 2455; x_wconf 81' lang='lat' dir='ltr'>Deus,</span> <span class='ocrx_word' id='word_1_287' title='bbox 903 2393 945 2457; x_wconf 84' lang='lat' dir='ltr'>qui</span> <span class='ocrx_word' id='word_1_288' title='bbox 975 2398 976 2407; x_wconf 58' lang='lat'><em>³</em></span> 
     </span>
     <span class='ocr_line' id='line_1_33' title="bbox 138 2463 976 2528; baseline 0.007 -15"><span class='ocrx_word' id='word_1_289' title='bbox 138 2468 230 2527; x_wconf 85' lang='lat' dir='ltr'>propter</span> <span class='ocrx_word' id='word_1_290' title='bbox 241 2465 314 2514; x_wconf 85' lang='lat' dir='ltr'>Deum</span> <span class='ocrx_word' id='word_1_291' title='bbox 327 2463 435 2528; x_wconf 80' lang='lat' dir='ltr'>diligitur.</span> <span class='ocrx_word' id='word_1_292' title='bbox 975 2516 976 2527; x_wconf 37' lang='lat'>2</span> 
     </span>
     <span class='ocr_line' id='line_1_34' title="bbox 167 2532 976 2605; baseline 0.006 -20"><span class='ocrx_word' id='word_1_293' title='bbox 167 2536 201 2585; x_wconf 80' lang='lat' dir='ltr'>ml</span> <span class='ocrx_word' id='word_1_294' title='bbox 214 2537 337 2586; x_wconf 87' lang='lat' dir='ltr'>seeundum</span> <span class='ocrx_word' id='word_1_295' title='bbox 351 2536 486 2596; x_wconf 81' lang='lat' dir='ltr'>dicendum,</span> <span class='ocrx_word' id='word_1_296' title='bbox 505 2533 566 2599; x_wconf 75' lang='lat' dir='ltr'>quid</span> <span class='ocrx_word' id='word_1_297' title='bbox 583 2553 595 2584; x_wconf 83' lang='lat' dir='ltr'>u</span> <span class='ocrx_word' id='word_1_298' title='bbox 608 2536 678 2586; x_wconf 84' lang='lat' dir='ltr'>iteum</span> <span class='ocrx_word' id='word_1_299' title='bbox 692 2548 737 2586; x_wconf 88' lang='lat' dir='ltr'>nun</span> <span class='ocrx_word' id='word_1_300' title='bbox 748 2534 860 2589; x_wconf 74' lang='lat' dir='ltr'>lucarnam</span> <span class='ocrx_word' id='word_1_301' title='bbox 874 2553 889 2585; x_wconf 86' lang='lat' dir='ltr'>u</span> <span class='ocrx_word' id='word_1_302' title='bbox 904 2552 943 2589; x_wconf 86' lang='lat' dir='ltr'>se·</span> <span class='ocrx_word' id='word_1_303' title='bbox 975 2532 976 2605; x_wconf 64' lang='lat' dir='ltr'>l</span> 
     </span>
     <span class='ocr_line' id='line_1_35' title="bbox 137 2604 976 2675; baseline 0.006 -21"><span class='ocrx_word' id='word_1_304' title='bbox 137 2604 235 2655; x_wconf 82' lang='lat' dir='ltr'>uantum</span> <span class='ocrx_word' id='word_1_305' title='bbox 253 2621 280 2658; x_wconf 89' lang='lat' dir='ltr'>se</span> <span class='ocrx_word' id='word_1_306' title='bbox 295 2608 475 2667; x_wconf 82' lang='lat' dir='ltr'>consideratum,</span> <span class='ocrx_word' id='word_1_307' title='bbox 488 2607 531 2657; x_wconf 89' lang='lat' dir='ltr'>luit</span> <span class='ocrx_word' id='word_1_308' title='bbox 547 2607 671 2671; x_wconf 85' lang='lat' dir='ltr'>possibile,</span> <span class='ocrx_word' id='word_1_309' title='bbox 687 2606 756 2671; x_wconf 85' lang='lat' dir='ltr'>etiam</span> <span class='ocrx_word' id='word_1_310' title='bbox 775 2610 830 2671; x_wconf 90' lang='lat' dir='ltr'>pust</span> <span class='ocrx_word' id='word_1_311' title='bbox 846 2610 943 2675; x_wconf 78' lang='lat' dir='ltr'>tempus</span> <span class='ocrx_word' id='word_1_312' title='bbox 975 2612 976 2623; x_wconf 62' lang='lat'>¹</span> 
     </span>
     <span class='ocr_line' id='line_1_36' title="bbox 137 2672 976 2745; baseline 0.007 -20"><span class='ocrx_word' id='word_1_313' title='bbox 137 2677 243 2740; x_wconf 77' lang='lat' dir='ltr'>lbrahae3</span> <span class='ocrx_word' id='word_1_314' title='bbox 252 2678 291 2728; x_wconf 86' lang='lat' dir='ltr'>ssd</span> <span class='ocrx_word' id='word_1_315' title='bbox 304 2678 427 2729; x_wconf 78' lang='lat' dir='ltr'>meandum</span> <span class='ocrx_word' id='word_1_316' title='bbox 437 2677 496 2742; x_wconf 83' lang='lat' dir='ltr'>quta</span> <span class='ocrx_word' id='word_1_317' title='bbox 506 2692 563 2743; x_wconf 85' lang='lat' dir='ltr'>uuus</span> <span class='ocrx_word' id='word_1_318' title='bbox 572 2678 632 2731; x_wconf 78' lang='lat' dir='ltr'>caalil</span> <span class='ocrx_word' id='word_1_319' title='bbox 643 2679 685 2729; x_wconf 86' lang='lat' dir='ltr'>sub</span> <span class='ocrx_word' id='word_1_320' title='bbox 696 2678 837 2743; x_wconf 78' lang='lat' dir='ltr'>prescientia</span> <span class='ocrx_word' id='word_1_321' title='bbox 848 2680 941 2745; x_wconf 86' lang='lat' dir='ltr'>divina,</span> <span class='ocrx_word' id='word_1_322' title='bbox 975 2672 976 2731; x_wconf 69' lang='lat' dir='ltr'>l</span> 
     </span>
    </p>
   </div>
   <div class='ocr_carea' id='block_1_3' title="bbox 135 2823 976 2947">
    <p class='ocr_par' dir='ltr' id='par_1_3' title="bbox 135 2796 976 2947">
     <span class='ocr_line' id='line_1_37' title="bbox 135 2823 931 2889; baseline 0.014 -23"><span class='ocrx_word' id='word_1_323' title='bbox 135 2823 217 2873; x_wconf 69' lang='lat' dir='ltr'>Saul„</span> <span class='ocrx_word' id='word_1_324' title='bbox 227 2824 281 2870; x_wconf 84' lang='lat' dir='ltr'>(list.</span> <span class='ocrx_word' id='word_1_325' title='bbox 301 2825 345 2883; x_wconf 68' lang='grc'>24,</span> <span class='ocrx_word' id='word_1_326' title='bbox 359 2832 403 2870; x_wconf 85' lang='lat' dir='ltr'>art.</span> <span class='ocrx_word' id='word_1_327' title='bbox 424 2824 454 2883; x_wconf 87' lang='lat' dir='ltr'>l,</span> <span class='ocrx_word' id='word_1_328' title='bbox 468 2828 605 2883; x_wconf 79' lang='lat' dir='ltr'>uuaestiune.</span> <span class='ocrx_word' id='word_1_329' title='bbox 625 2827 651 2883; x_wconf 81' lang='lat'>3;</span> <span class='ocrx_word' id='word_1_330' title='bbox 669 2834 693 2875; x_wconf 85' lang='lat' dir='ltr'>et</span> <span class='ocrx_word' id='word_1_331' title='bbox 707 2830 730 2874; x_wconf 91' lang='lat' dir='ltr'>in</span> <span class='ocrx_word' id='word_1_332' title='bbox 744 2835 825 2886; x_wconf 82' lang='lat' dir='ltr'>qumst.</span> <span class='ocrx_word' id='word_1_333' title='bbox 839 2830 931 2889; x_wconf 85' lang='lat' dir='ltr'>disput.</span> 
     </span>
     <span class='ocr_line' id='line_1_38' title="bbox 136 2884 976 2947; baseline 0.007 -18"><span class='ocrx_word' id='word_1_334' title='bbox 136 2884 275 2947; x_wconf 78' lang='lat' dir='ltr'>nepotem,</span> <span class='ocrx_word' id='word_1_335' title='bbox 291 2900 331 2943; x_wconf 76' lang='lat' dir='ltr'>qa,</span> <span class='ocrx_word' id='word_1_336' title='bbox 344 2885 372 2946; x_wconf 75' lang='lat' dir='ltr'>l,</span> <span class='ocrx_word' id='word_1_337' title='bbox 384 2892 430 2933; x_wconf 79' lang='lat' dir='ltr'>ant.</span> <span class='ocrx_word' id='word_1_338' title='bbox 443 2887 466 2933; x_wconf 88' lang='grc'>1.</span> <span class='ocrx_word' id='word_1_339' title='bbox 573 2892 575 2897; x_wconf 88' lang='grc'><strong>“</strong></span> <span class='ocrx_word' id='word_1_340' title='bbox 975 2912 976 2917; x_wconf 63' lang='lat'>=</span> 
     </span>
    </p>
   </div>
   <div class='ocr_carea' id='block_1_4' title="bbox 0 0 1000 3317">
    <p class='ocr_par' dir='ltr' id='par_1_4' title="bbox 0 0 1000 3317">
     <span class='ocr_line' id='line_1_39' title="bbox 0 0 1000 3317; baseline 0 6"><span class='ocrx_word' id='word_1_341' title='bbox 0 0 1000 3317; x_wconf 95' lang='lat' dir='ltr'> </span> 
     </span>
    </p>
   </div>
  </div>
 </body>
</html>
