1992 3317
167 147 170 154 ·
221 123 223 128 '
271 122 682 170 on-vrrronsunommnnrum.
805 123 879 175 'tuot

65 209 137 256 runt.
156 205 299 258 Pronnittttur
314 219 367 271 ergo
385 206 410 256 in
426 207 549 271 premium
567 207 652 259 iudeis
670 208 807 261 chunorum
819 211 879 262 niui-
979 192 980 195 Ἴ

64 277 157 328 tiurum
164 312 174 340 ,
190 289 220 328 ex
235 289 281 342 qun
301 279 414 342 contingit
429 279 490 343 quun
503 279 556 329 otiis
567 283 671 331 mutuurc
683 280 784 344 possint.

98 351 137 400 hd
154 349 247 400 tertium
261 350 395 413 dicentium,
405 350 465 414 qnod
479 352 542 414 leges
555 353 661 403 humouo
675 352 797 404 dimittunt
806 353 882 419 alienu

63 423 164 486 peccota
173 420 295 486 impunito,
304 426 397 488 propter
405 422 551 473 conditiones
557 423 675 473 hominum
683 422 878 488 imperfectorum,

63 494 91 543 in
113 493 200 556 quihus
213 493 290 544 muftu
301 491 412 545 utilitates
423 493 597 558 impedirentur,
605 494 626 544 si
635 493 712 545 omnia
720 499 814 560 peccate
828 495 876 546 dis·

63 563 140 616 triete
156 564 329 627 prohiberentur
345 565 420 630 poenis
435 563 549 616 adhibitis.
566 566 595 615 iit
608 564 661 616 ineo
682 579 764 616 usuras
778 566 816 617 lex
830 569 879 617 hn-

63 645 140 684 muns
151 635 284 697 concessit,
298 649 345 688 non
356 636 420 700 qnasi
429 636 544 688 sstimnm
554 649 594 686 eus
607 649 657 688 esso
668 637 796 691 secundum
808 637 879 702 justi·

64 705 146 765 tiam,
160 705 201 756 sen
213 719 243 756 no
253 707 416 772 impedirentur
429 707 540 758 utilitates
555 708 688 758 multorom.
702 709 767 759 Unde
787 708 812 758 in
828 709 878 773 ipso

62 777 120 840 jure
131 776 198 826 ciuili
209 777 291 828 dicitur
301 779 345 843 (t),
359 779 492 843 subderes
505 793 557 842 quor
570 793 612 830 usu
625 783 798 841 consumuntur,
804 793 879 844 norme

62 848 161 900 rationo
172 849 270 900 nnthrsli
282 863 356 914 neque
369 849 433 900 cirili
444 851 559 915 rccipiunt
570 851 771 914 usumfructum»
782 855 807 902 st
814 852 876 916 quon

65 937 80 968 rr
93 922 194 971 senatus
209 933 256 970 non
269 920 322 972 iecit
339 933 418 972 serum
432 935 508 972 rorum
516 922 694 986 usumfructum,
705 936 749 973 noc
762 923 825 973 onim
837 937 879 989 po-

62 996 143 1055 terut,
156 994 196 1043 sed
215 995 280 1057 quusi
292 994 458 1044 usumfructum
474 993 608 1054 constiterit,
624 995 774 1044 »concodeus
789 994 880 1046 scilicet

62 1075 162 1115 usuras.
174 1065 204 1114 Et
214 1064 368 1130 Philosophus
378 1065 476 1116 naturali
487 1065 576 1115 rationo
584 1066 675 1128 ductus,
681 1064 736 1116 dicit
743 1065 768 1115 in
780 1066 877 1117 {Potiu

64 1135 125 1198 (uhi
141 1134 239 1198 sopri),
253 1136 312 1200 quod
327 1152 341 1184 n
355 1136 459 1186 usuraria
476 1136 597 1200 acquisitio
615 1135 764 1200 pecuniarum
783 1139 819 1187 ost
832 1149 880 1186 ms·

65 1205 136 1258 ximh
149 1211 237 1270 preter
251 1212 390 1260 usturam.»

98 1279 134 1329 hd
151 1282 257 1342 manum
272 1279 410 1341 dicundum,
422 1279 483 1344 quon
496 1281 551 1330 dare
563 1283 670 1329 mutuum
683 1292 731 1330 nou
744 1284 879 1343 sempertc·

63 1355 137 1404 netur
147 1352 230 1414 homo;
246 1356 271 1402 ct
282 1351 345 1417 ideo,
356 1356 467 1416 quantum
478 1353 508 1402 nrt
519 1353 579 1412 hoo,
590 1350 685 1416 ponitur
701 1352 761 1402 inter
771 1351 878 1415 concilim

62 1423 108 1474 sed
127 1420 191 1486 quod
204 1425 274 1474 homo
287 1423 376 1474 tucrum
389 1425 418 1474 dc
435 1427 516 1474 mutuo
530 1436 576 1473 non
589 1426 692 1486 qoem,
707 1424 752 1474 hoc
764 1422 825 1473 canit
837 1425 880 1474 suh
927 1461 935 1484 ,

62 1493 159 1545 rationo
179 1495 299 1558 praecepti.
315 1497 395 1546 Potest
411 1498 489 1544 tomen
502 1493 550 1544 dici
565 1493 688 1543 consitium
706 1507 749 1556 per
761 1507 879 1559 comparu-

61 1565 155 1616 tionem
171 1567 200 1616 od
217 1564 277 1616 ficto
297 1566 475 1628 Pharisaeorum,
487 1564 528 1628 qui
540 1563 651 1628 pntuhcut
672 1577 764 1613 usuram
781 1565 879 1629 utiquam

61 1649 118 1688 csse
133 1636 236 1700 licitam,
253 1638 312 1688 sicut
331 1640 355 1688 ct
367 1637 460 1688 dilectio
476 1634 622 1686 inimicorum
638 1636 674 1684 cst
689 1634 822 1685 ouumiium.
837 1637 879 1688 Vei

61 1707 172 1772 loquitur
182 1707 216 1759 ihi
227 1721 273 1759 non
289 1709 317 1760 ie
328 1721 369 1774 sps
380 1707 477 1759 usurarii
491 1706 567 1768 tucn,
577 1705 616 1756 sei
626 1706 655 1756 fs
669 1717 711 1769 spe
723 1719 774 1768 ouo
787 1705 879 1770 pontrm

62 1779 90 1830 in
110 1781 222 1844 homine;
236 1782 359 1832 nonenim
373 1781 481 1831 dehemus
495 1781 600 1827 mutuum
613 1777 684 1838 fore,
698 1775 735 1826 uei
751 1777 879 1840 quonoum-

62 1865 112 1916 quc
127 1852 215 1904 bonnm
237 1851 314 1904 tacere
331 1856 424 1918 propter
436 1865 502 1916 spem
518 1848 633 1912 hominis,
645 1848 687 1898 seri
707 1851 799 1912 propter
812 1862 877 1914 spem

62 1924 119 1976 lici.

98 1996 135 2046 hd
152 1994 261 2058 quintum
275 1993 396 2045 dicendum
403 2031 413 2058 ,
423 1992 484 2058 quid
497 1993 537 2042 ifle
546 1991 587 2056 qni
600 1993 705 2041 mutuare
717 2002 766 2040 non
778 1991 877 2057 moretm,

61 2065 308 2130 recompensationem
318 2069 395 2130 potest
403 2065 506 2130 occipere
515 2064 567 2128 cjns
578 2063 640 2127 quoi
651 2060 714 2124 fouit,
724 2061 765 2111 ssd
772 2073 818 2111 uon
829 2074 878 2112 am·

61 2139 131 2203 phos
140 2137 212 2188 dehet
220 2137 321 2201 erigere.
330 2138 609 2201 itccompensutursntom
617 2131 793 2184 sihisecnndhm
801 2145 879 2197 squu-

61 2209 158 2261 titutom
166 2207 274 2272 justifico,
284 2207 304 2257 si
318 2211 404 2258 tuntum
414 2208 436 2258 ci
447 2207 552 2258 reddatur
562 2208 673 2270 qnantum
682 2204 804 2254 mutuavit.
813 2204 879 2257 huuc

62 2280 88 2332 si
97 2280 200 2344 emplius
208 2279 286 2342 erigut
298 2291 341 2343 pro
349 2280 467 2330 usufructu
476 2278 512 2330 rei
524 2291 576 2342 quo
587 2277 658 2328 utinm
668 2288 736 2326 usum
746 2288 793 2326 non
806 2275 878 2326 hshst

62 2352 114 2404 nisi
136 2351 337 2415 consumptionem
361 2351 509 2411 substantioe,
529 2348 601 2413 exigit
623 2348 722 2412 pretium
735 2347 799 2411 ,eius
817 2347 878 2410 quod

62 2437 115 2475 non
124 2428 176 2487 ost;
191 2426 216 2474 et
225 2423 258 2473 ita
271 2426 309 2473 cst
321 2422 410 2488 injusto
419 2423 519 2475 exuuio.

100 2495 137 2546 nh
145 2498 237 2545 sontum
248 2493 385 2555 dicendum,
397 2493 457 2558 qnhd
468 2507 526 2544 usus
537 2491 670 2557 principalis
677 2501 783 2541 rusorum
793 2499 876 2553 urgen-

63 2571 160 2618 tcornm
179 2578 226 2615 non
238 2569 274 2616 est
286 2565 336 2629 ipsu
354 2577 432 2616 corum
446 2564 600 2627 consumptio.
618 2561 648 2613 ut
662 2562 714 2615 ideo
726 2573 781 2611 usu
798 2572 878 2611 eorum

61 2641 149 2703 potest
161 2637 235 2687 uendi
246 2635 325 2699 liciti,
339 2637 430 2686 cerroto
448 2634 550 2687 dominio
564 2633 606 2684 rci.
622 2633 682 2685 Usus
700 2635 777 2684 nutem
788 2629 876 2696 priuci-

101 2789 135 2853 (ί)
151 2793 241 2848 ntsnpe
254 2791 280 2836 in
294 2789 412 2836 voiunhne
425 2790 518 2848 mum,
531 2788 575 2834 ti),
593 2787 616 2832 11
629 2788 739 2834 fuum.
754 2786 876 2845 inporte-

63 2859 146 2907 trun,
159 2854 198 2900 tit.
210 2851 241 2915 t,
253 2853 422 2914 nudum,
433 2850 459 2914 ᾖ.
473 2851 650 2900 omnim.
