1992 3317
312 149 342 184 nn
358 149 537 187 nesnrnunnone.
779 142 824 188 85³

49 223 119 288 aliquid
134 222 231 274 Ecclesia
242 223 360 288 subtraxit,
375 227 398 275 et
413 225 434 275 ei
443 225 564 290 restituet,
583 225 611 275 ad
624 237 705 276 manns
715 226 766 292 ejus
784 229 825 279 de-

48 296 122 359 veniet,
137 295 184 359 puta
201 294 248 360 ipse
268 299 305 345 est
322 308 397 346 nerum
414 297 518 347 Ecclesiae
536 301 688 349 conservator.
700 298 760 363 Ergo
779 313 826 351 non

47 369 103 417 delict
116 367 226 417 restituere
242 367 350 418 Ecclesiae
366 367 436 432 aqua
454 367 545 420 abstulit
560 385 565 418 :
582 372 605 419 et
617 368 650 420 sic
669 383 717 422 uon
735 384 825 436 semper

45 439 188 489 restituendum
205 441 240 488 est
256 437 278 488 ei
291 437 304 487 i
316 451 360 502 quo
374 442 409 489 est
422 439 529 490 ablatum.

69 511 109 560 Sed
126 511 257 572 conlucet,
272 507 331 572 quod
348 509 429 560 dicitnr
449 513 529 567 item„
546 511 616 562 lilll:
637 513 758 564 «Reddite
771 527 824 566 om·

44 583 101 632 nibus
122 581 204 644 detrita3
228 581 265 631 cni
288 579 411 645 tributum,
431 581 558 646 tributum
581 584 619 633 cni
636 585 747 651 uectigal,
774 599 827 637 uec-

44 655 120 716 tigal.»

69 727 221 790 (Conclusio.
237 753 269 763 -
281 725 309 775 lli
328 737 418 789 semper
438 723 542 776 iacienda
556 729 590 776 est
610 726 737 793 restitutio,
754 729 825 795 aquo

40 801 146 861 arreptum
162 802 207 858 est,
223 795 290 848 uodo
306 796 365 860 quod
382 795 434 860 quis
448 800 543 861 accepit,
559 797 589 847 sit
599 797 686 859 illius.)

66 870 193 934 Respondeo
201 869 329 928 dicendum,
340 867 398 932 qndd
409 883 450 933 per
459 869 624 920 restitutionem
638 870 668 920 sit
679 872 781 924 reductio
793 875 823 926 ed

39 941 181 1004 equalitatem
203 940 370 992 commutatiuae
387 941 495 1006 justitiae,
513 956 563 1005 qum
580 942 685 992 consistit
704 944 727 993 in
750 959 825 997 rerum

38 1012 197 1076 rrrlapuatione,
212 1011 271 1062 sicut
283 1011 369 1062 dictum
383 1012 418 1062 est
431 1025 470 1076 qu¹
487 1010 527 1075 58,
541 1016 583 1062 art.
600 1015 644 1077 (uo
658 1015 676 1075 ).
692 1013 826 1078 liujusmodi

37 1089 105 1134 autern
118 1097 190 1136 renum
208 1082 333 1147 adaequatio
348 1083 397 1136 fieri
419 1097 465 1133 non
481 1090 573 1147 posset,
593 1083 639 1134 nisi
655 1085 677 1135 ei
689 1085 729 1150 qui
750 1087 827 1138 minus

36 1157 97 1206 liniet
107 1169 173 1220 pram
184 1157 242 1218 quod
252 1169 318 1204 sunm
326 1160 370 1218 cst,
383 1156 525 1219 suppleretur
534 1155 595 1218 quod
604 1156 669 1206 deest
679 1172 685 1206 ε
696 1160 719 1206 et
730 1158 758 1207 ad
766 1155 826 1208 hanc

34 1226 194 1291 suppletionem
208 1227 343 1290 taciendam,
353 1239 446 1278 necesse
460 1230 531 1277 estut
543 1226 565 1276 ei
577 1227 616 1277 liat
632 1227 746 1280 restitutio
757 1229 826 1294 aquo

33 1302 144 1362 acceptum
157 1301 202 1350 est.
351 1351 355 1355 ,

62 1371 204 1436 ltprimum
224 1381 277 1432 ergo
294 1369 428 1430 dicendum,
444 1369 504 1433 quod
521 1371 611 1433 qnando
631 1384 668 1420 res
687 1371 829 1423 restituenda

31 1446 120 1505 rppnret
133 1455 185 1491 esse
202 1441 300 1506 grauiter
312 1440 392 1490 nociva
405 1441 427 1490 ei
438 1441 476 1490 cui
489 1441 603 1492 restitutio
614 1442 716 1493 faciende
729 1447 779 1508 cst,
789 1445 829 1495 uel

30 1514 103 1577 silleri,
119 1525 167 1563 non
181 1512 202 1562 ei
215 1512 282 1562 debet
292 1515 348 1562 tunc
361 1511 466 1575 restitui3
478 1511 530 1576 qnia
541 1512 656 1563 restitutio
673 1514 788 1564 ordinatur
799 1515 828 1566 ad

30 1585 149 1634 utilitatem
172 1583 223 1647 ejus
242 1582 279 1632 cni
294 1581 436 1644 restituitur,
454 1581 530 1633 omnia
543 1583 604 1632 euim
619 1597 670 1646 qum
684 1584 830 1647 possidentur

28 1656 67 1702 sule
81 1653 169 1705 ratione
178 1655 242 1704 utilis
253 1655 344 1703 cadunt.
357 1654 403 1703 llec
417 1658 494 1704 tamen
508 1654 575 1704 dener
585 1653 623 1703 ille
635 1653 674 1717 qui
685 1654 772 1704 detinet
781 1668 829 1706 rem

28 1727 121 1775 elieuarn
138 1725 183 1776 sihi
197 1724 355 1790 appropriare,
367 1725 407 1774 sed
421 1725 458 1774 nel
474 1737 590 1776 remerare
609 1738 709 1788 congruo
724 1729 749 1776 ut
762 1730 827 1777 tenr-

33 1811 79 1846 iore
93 1797 212 1860 restituat,
230 1796 267 1846 nel
283 1795 351 1846 etiam
372 1795 409 1846 alii
422 1797 511 1846 tradere
523 1795 594 1846 tutius
609 1797 797 1848 conservandam.

54 1870 89 1919 ed
105 1869 233 1920 secuudum
243 1867 376 1930 dicendum,
388 1867 448 1932 quid
461 1868 542 1931 aliquis
555 1867 675 1932 dupliciter
689 1867 774 1932 utquid
783 1869 827 1920 illi-

29 1941 67 1990 ute
83 1942 143 1992 det:
159 1951 208 1990 uno
222 1939 299 2000 modo,
313 1939 366 2003 quia
379 1939 428 2003 ipsa
443 1938 502 1989 datio
514 1942 549 1989 est
564 1937 644 1990 illicita
661 1942 685 1990 et
697 1944 775 1990 contra
793 1943 827 1992 le-

29 2027 88 2075 mur,
105 2011 170 2062 sicut
190 2014 253 2075 patet
266 2011 290 2060 in
310 2025 338 2062 eo
351 2009 390 2074 qui
407 2009 529 2060 simoniace
542 2010 627 2074 aliquid
646 2011 715 2061 dedit.
734 2013 761 2062 Et
773 2012 826 2063 talis

29 2087 122 2133 ureretur
135 2083 243 2133 amittere
253 2083 314 2145 qnod
324 2083 399 2146 dedit,
409 2083 469 2131 unde
483 2095 530 2132 non
543 2082 608 2132 debet
619 2082 642 2132 ci
650 2082 765 2134 restitutio
779 2084 828 2135 lieri

29 2169 45 2203 e
66 2155 121 2218 his3
144 2158 168 2204 ct
183 2152 237 2216 quia
252 2153 320 2204 etiam
337 2153 375 2202 ille
388 2153 427 2218 qui
441 2152 542 2216 accepit,
554 2155 632 2202 cornua
644 2147 718 2216 legem
730 2154 828 2218 accepit,

33 2241 64 2276 on
83 2227 157 2277 debet
171 2225 215 2275 sibi
231 2223 343 2287 retinere,
355 2226 394 2274 sed
416 2225 483 2275 dehet
503 2224 594 2288 inpios
612 2237 669 2273 usus
688 2230 830 2277 conuertere.

29 2301 66 2349 lio
90 2299 163 2348 modo
179 2296 262 2359 aliquis
275 2295 354 2346 illicite
374 2297 413 2346 dat
425 2295 478 2359 quia
491 2298 585 2359 pmpter
596 2307 645 2344 nem
658 2294 763 2345 illicitam
776 2297 829 2360 dat,

30 2374 70 2418 rot
84 2369 138 2434 ipsa
159 2367 225 2418 datio
238 2379 285 2417 non
302 2366 332 2416 sit
345 2365 437 2432 illicita;
454 2367 514 2417 sicut
527 2379 579 2414 cum
592 2365 644 2430 quis
657 2366 695 2416 dat
716 2368 832 2418 meretrici

29 2444 114 2505 ropter
131 2437 329 2500 fornicationem,
345 2437 404 2488 uude
428 2443 453 2506 et
469 2437 551 2487 mulier
571 2440 648 2501 potest
667 2437 711 2488 sibi
732 2437 832 2488 retinere

29 2514 73 2561 uod
98 2511 123 2562 ci
138 2510 222 2560 delum
242 2511 284 2560 est
300 2508 345 2558 Sed
361 2507 380 2558 si
394 2506 507 2572 superflue
523 2505 607 2570 aliquid
619 2519 662 2570 per
674 2507 776 2558 trondem
796 2508 836 2559 rel

33 2585 94 2632 rium
110 2581 259 2646 extorsisset,
275 2583 389 2630 teneretur
402 2579 476 2630 eidem
490 2579 618 2629 restituere.

39 2657 77 2705 ed
94 2651 200 2703 tertium
214 2651 346 2714 dicendum,
357 2649 418 2712 qudd
429 2650 449 2700 si
462 2650 501 2699 ille
517 2649 555 2699 cui
564 2649 632 2699 debet
645 2648 695 2700 lieri
705 2648 829 2712 restitutio,

29 2732 33 2774 t
46 2724 161 2776 omnino
178 2724 279 2788 ignotus,
293 2723 359 2774 debet
372 2725 441 2774 homo
454 2721 575 2773 restituere
586 2723 710 2772 secundnm
721 2721 781 2786 quod
791 2733 837 2784 po·

29 2803 70 2860 st,
86 2795 190 2846 scilicet
208 2794 281 2845 dando
294 2794 319 2844 in
332 2795 489 2858 eleemosynas
501 2806 542 2856 pro
555 2793 628 2844 salute
641 2792 724 2858 ipsius,
736 2792 785 2842 siue
806 2790 836 2841 sit

29 2875 131 2935 ertuuS,
147 2866 203 2919 siue
218 2866 249 2918 sit
259 2866 338 2932 uiuus3
350 2866 469 2933 premissa
476 2867 555 2917 tamen
568 2864 673 2930 diligenti
684 2861 833 2928 inquisitione

699 2960 745 3018 ati
