1992 3317
69 162 115 211 tts
182 161 435 213 sustinuerimus,
452 158 548 209 oum.
564 155 637 206 xxm,
654 152 709 193 ιιι.
727 154 754 191 ιι.

69 246 172 314 operatio
184 244 291 298 consistit
304 243 382 293 imino
395 240 457 303 quod
468 238 544 289 anima
555 234 632 285 tendit
643 234 669 282 in
679 231 742 295 ipsas
753 240 799 280 ras.
810 230 871 280 ordo

70 324 147 371 autern
160 315 308 385 principalius
319 313 435 366 invonitur
445 313 471 361 ln
480 308 538 373 ipsis
550 307 630 367 rebus,
641 307 666 356 et
674 317 703 355 on
711 302 749 352 liis
758 301 875 352 derivatur

70 394 99 443 ad
112 392 268 455 cognitionem
278 391 377 439 nostram
389 402 394 435 z
405 389 428 437 et
442 384 493 433 ideo
502 382 557 433 ordo
569 377 642 441 magis
650 374 808 442 appropriatur
816 374 872 425 oha-

69 468 133 527 rltas,
141 464 208 527 onim
223 460 349 523 fidei31ieet
359 457 426 509 edam
437 456 461 505 in
475 455 521 505 lide
532 453 563 503 sit
576 450 658 514 aliquis
670 449 733 508 ordo,
744 448 871 498 seeundum

69 536 128 601 quod
143 538 178 585 est
189 532 345 597 principaliter
359 530 386 581 de
402 530 465 589 lieo,
476 521 611 577 secundarii
624 525 699 571 autem
714 519 741 570 de
754 518 806 569 alins
816 532 870 583 qua

69 608 197 659 reseruntur
211 606 238 655 ad
252 606 332 653 Deum.
610 623 612 626 ·

101 676 235 727 intertium
246 674 382 733 dicendum,
392 670 452 735 qnid
464 670 520 720 ordo
529 666 631 731 pertinet
644 664 672 713 ad
685 662 797 713 rationem
812 661 874 713 sieut

69 750 98 801 ad
111 749 269 811 ordinantem
283 747 324 797 sed
334 746 363 797 ad
373 744 420 794 vim
434 740 583 806 appetitivam
593 736 706 802 pertinet,
718 736 779 786 siout
793 734 823 785 nd
833 747 873 786 or-

70 822 279 873 diastematum
294 818 363 871 modo
379 816 433 867 ordo
446 814 472 865 in
483 812 595 863 chanuto
604 808 705 874 ponitur.

369 983 529 1039 innodius
541 983 571 1033 ll.

141 1108 226 1155 Utrum
236 1104 342 1153 Destruit
351 1102 428 1159 osopio
438 1099 576 1157 otttqsndm
585 1096 658 1155 dudm
670 1094 802 1152 matrim.

102 1226 134 1277 nd
146 1226 270 1278 secundum
282 1224 316 1275 sie
330 1220 459 1286 proceditur
467 1219 510 1282 (l).
519 1218 615 1268 Videtur
626 1214 688 1280 qudd
705 1216 768 1265 Dens
777 1225 824 1263 non
836 1212 870 1261 sit

70 1297 143 1361 magis
154 1296 280 1359 diligendus
292 1306 359 1363 quam
370 1290 496 1355 proximus.
507 1288 595 1340 Dicitur
608 1286 669 1338 enim
687 1287 707 1335 l.
721 1286 803 1339 doum,
816 1283 847 1333 lv
861 1295 869 1331 t

71 1385 85 1415 o
98 1367 142 1425 Qui
154 1380 200 1417 uon
213 1362 287 1429 diligit
300 1366 392 1415 fratrem
407 1376 475 1413 suum
487 1374 556 1425 quem
567 1359 643 1422 vitet,
654 1360 730 1409 Deum
741 1369 811 1419 qoem
823 1367 873 1416 non

69 1438 146 1499 videt,
161 1437 273 1501 quomodo
287 1439 363 1501 polest
375 1432 485 1499 diligere?
500 1450 514 1487 u
528 1433 563 1483 Ex
575 1444 621 1495 quo
637 1429 727 1482 ridetur
742 1426 802 1491 qudd
815 1426 872 1477 illud

70 1509 101 1559 sit
116 1509 188 1573 magis
202 1508 322 1573 diligibiles,
336 1508 397 1573 quod
410 1510 445 1556 est
458 1504 532 1567 magis
545 1502 637 1552 risibile
643 1517 652 1565 3
665 1513 719 1552 nam
731 1502 755 1549 et
764 1495 823 1547 risio
833 1500 873 1547 est

69 1580 206 1646 principium
226 1579 321 1642 arnoris,
337 1581 363 1628 ut
381 1576 463 1629 dieitur
482 1576 507 1624 in
521 1574 562 1624 lll.
579 1572 665 1622 attic.
689 1570 733 1622 Sed
753 1569 812 1619 Deus
834 1570 873 1619 est

71 1652 147 1703 miinus
160 1650 257 1703 visibilis
267 1650 335 1716 quim
346 1648 472 1715 proximus.
483 1647 544 1709 Ergo
557 1644 628 1695 etiam
641 1642 763 1694 estminus
774 1653 804 1690 ex
816 1641 875 1691 eha-

71 1724 136 1775 ritaie
150 1724 274 1789 diligibilis.

103 1800 126 1847 n.
148 1796 276 1859 Praeterea,
290 1792 413 1847 similitudo
434 1794 468 1843 est
492 1802 562 1841 eausa
581 1785 723 1849 dilectionis,
746 1784 872 1836 seeundum

71 1867 127 1917 illud
140 1866 247 1927 Erotes,
258 1868 325 1918 llllI:
343 1883 356 1913 o
367 1867 439 1916 Omne
450 1861 535 1913 animal
548 1860 622 1924 diligit
635 1858 715 1925 *simile
725 1854 782 1909 sihi.
799 1871 814 1902 ι
828 1854 874 1906 Sed

71 1938 143 2002 maJor
160 1941 196 1989 est
214 1937 337 1989 similitudo
358 1935 458 1987 hominis
478 1934 507 1985 ad
522 1932 650 1997 proximum
671 1943 750 1991 muro,
764 1940 833 1992 quam
846 1928 878 1979 ad

71 2011 149 2060 Deum.
168 2009 227 2073 Ergo
238 2010 306 2060 homo
318 2022 347 2059 ex
363 2008 473 2059 charitate
487 2004 560 2069 magis
579 2001 652 2067 diligit
661 2000 793 2067 proximum
805 2012 875 2064 qnam

71 2083 153 2133 Deum.

103 2158 126 2202 3.
141 2154 266 2214 Praeteraa,
278 2151 334 2203 illud
354 2152 414 2217 quod
432 2151 457 2202 in
470 2148 574 2215 proximo
597 2145 697 2198 charitas
710 2144 800 2209 diligit,
815 2144 876 2193 lleus

71 2231 116 2286 est,
127 2227 154 2273 ut
165 2227 227 2287 potat
237 2237 278 2287 per
290 2222 441 2287 Augustinum
452 2221 478 2272 in
488 2222 508 2271 l.
523 2223 561 2270 De
571 2219 639 2269 doct.
655 2217 743 2267 christ.
755 2216 799 2266 Sed
812 2216 874 2265 deus

71 2308 118 2347 nou
134 2298 170 2345 est
188 2295 259 2359 major
281 2295 305 2344 in
323 2294 411 2359 seipso,
424 2306 493 2358 quam
513 2292 538 2342 in
559 2288 671 2354 proximo.
691 2289 751 2351 lingo
770 2299 816 2336 non
836 2288 875 2335 est

72 2366 144 2429 magis
157 2364 284 2429 diligendus
295 2365 320 2415 in
329 2365 418 2429 seipso,
430 2378 500 2428 quam
514 2363 539 2413 in
549 2361 662 2427 proximo.
673 2360 732 2424 lingo
745 2372 793 2409 non
805 2357 875 2408 dehet

71 2438 144 2501 magis
162 2436 224 2499 diligi
239 2438 303 2489 Deus
316 2450 384 2501 quam
403 2436 529 2501 proximus.

103 2510 146 2559 Sed
156 2512 241 2571 eontra,
252 2508 306 2562 illud
314 2506 387 2571 magis
396 2512 432 2558 est
441 2507 591 2570 diligendam,
598 2500 758 2569 propterquod
767 2500 812 2550 alia
821 2500 876 2552 odio

73 2583 125 2630 sont
139 2580 251 2630 habenda.
269 2580 314 2631 Sed
327 2578 425 2644 proximi
440 2582 493 2629 strui
505 2579 558 2628 odio
568 2576 669 2627 habendi
683 2573 877 2639 propterlieum,

72 2650 92 2701 si
111 2650 198 2702 scilieet
212 2651 225 2701 i
243 2653 288 2702 Deo
304 2652 430 2717 abducunt,
445 2650 570 2700 secundum
586 2648 641 2698 illud
656 2651 726 2703 Lao„
738 2646 807 2695 llll:
822 2660 836 2693 (ι
850 2644 874 2694 Si

105 2768 139 2833 (ll
155 2772 233 2818 lienis
242 2773 311 2819 etiam
321 2772 346 2816 in
357 2773 400 2829 lii,
409 2770 487 2820 Stat,
499 2769 555 2816 dist.
563 2769 604 2827 tt,
614 2774 658 2815 art.
670 2767 694 2827 ³,
704 2774 752 2813 tnm
764 2767 875 2825 inoorp„

71 2839 126 2955 ιῖιιιὲιι
133 2834 162 2943 aed
176 2833 204 2890 t;
220 2840 245 2881 ot
254 2848 294 2925 qu.
306 2835 336 2895 ἱ,
349 2834 377 2881 de
387 2835 477 2923 virtut,
495 2839 540 2879 art.
552 2832 581 2894 l,
595 2839 644 2880 tum
658 2832 682 2878 in
693 2843 769 2899 oorp,
786 2833 834 2875 tum
848 2829 878 2877 ad
