1992 3317
300 141 332 181 a!
347 140 450 183 OMOEO
463 140 615 185 culmino.
810 137 856 185 kd‘o‘

16 250 17 255 κ
65 230 94 274 2.
105 220 242 285 Praeterea,
251 218 403 287 Philosophus
416 220 471 273 dicit
483 222 510 273 iu
521 223 581 275 Vlll.
593 223 677 274 Ettic.
692 223 752 288 quod
761 237 777 272 c
785 226 857 276 amari

38 300 72 347 est
82 294 206 347 honorari
219 294 265 357 (l).
281 293 350 343 »Sed
363 292 420 344 alius
437 298 472 345 eet
489 294 565 347 honor
577 296 617 359 qui
630 296 724 347 debetur
738 298 803 363 Deo,
815 296 855 361 qui

40 372 73 418 est
86 369 172 418 horror
187 364 275 428 latrim3
291 366 314 415 et
326 363 383 414 alius
395 368 430 415 cst
439 366 513 416 honor
522 366 562 429 qui
572 367 666 417 debetur
677 371 804 432 creatura,
815 368 855 433 qui

41 446 74 491 oct
88 442 175 491 honor
185 437 262 487 dulice.
273 438 334 500 llrgo
342 436 411 487 otiam
421 438 479 488 alius
490 440 526 489 eet
539 450 603 490 amor
613 450 658 503 quo
672 440 774 505 diligitur
783 442 855 506 Deus,

43 516 64 561 et
84 510 152 561 alius
172 522 221 573 quo
233 508 334 571 diligitur
346 508 472 572 proximus.

73 588 98 632 a.
113 583 249 642 Prummu,
263 592 316 643 spes
329 582 421 642 generat
436 580 582 644 charitatem,
592 586 619 632 ut
629 582 725 634 habetur
737 584 763 634 in
778 583 858 637 Glosea

45 654 126 705 interl.
149 650 307 715 supor‘illud,
321 649 450 701 Abrohom
465 655 568 715 genuit,
582 657 639 717 etc,
655 656 758 719 Mattio„
771 658 793 706 i.
812 658 857 709 sed

46 738 101 789 spes
121 724 159 773 ita
177 722 276 773 habetur
294 722 322 771 de
338 722 385 773 lloo
405 723 465 786 quod
483 726 680 787 reprehenduntur
698 729 815 791 operantes
830 728 855 779 in

46 796 164 855 homine,
175 793 299 843 secundum
312 792 367 843 illud
382 795 444 855 dem,
462 796 524 846 llvll
537 811 568 844 z«
578 795 709 846 Maledictus
720 799 803 862 homo,
816 801 856 863 qui

47 864 152 917 confidit
165 866 192 913 in
206 864 306 915 domiue.
321 880 336 911 o
349 866 409 928 Ergo
422 864 521 917 charitas
534 866 567 915 ita
577 867 672 917 debetur
688 868 746 930 lieo,
756 869 817 932 quod
829 871 856 924 ad

48 937 191 1002 proximum
203 948 282 986 eonon
294 938 409 987 extendat.
426 954 440 984 p

85 1008 134 1058 Sed
149 1009 225 1057 contra
239 1011 290 1070 est,
306 1007 365 1072 qudd
383 1007 464 1059 dicitur
480 1010 499 1059 l.
519 1011 592 1059 Joon.
610 1009 639 1059 lV
655 1024 661 1059 :
682 1009 755 1061 «lloc
766 1012 860 1061 manda·

49 1084 103 1129 tum
118 1077 257 1129 habemuse
275 1079 336 1143 Dec,
348 1082 374 1129 ut
387 1080 426 1144 qui
444 1078 518 1143 diligit
534 1081 623 1143 ileum,
637 1080 717 1145 diligat
731 1085 755 1131 et
767 1081 859 1132 fratrem

54 1164 133 1202 auum.
151 1166 166 1198 rr
240 1180 243 1183 -
294 1154 296 1164 ’

84 1223 249 1288 (Conclusio.
261 1248 292 1260 -
302 1221 360 1272 Cim
373 1221 430 1271 ratio
446 1222 555 1287 diligendi
571 1224 668 1289 proximi
679 1225 709 1275 ait
721 1225 769 1290 ipsc
785 1226 858 1286 Deus,

57 1294 155 1345 charmes
174 1306 221 1345 non
238 1294 311 1344 colum
326 1293 354 1343 ad
371 1292 411 1343 liei
425 1294 465 1345 sed
479 1294 548 1345 etiam
563 1297 590 1347 ad
604 1296 703 1362 proximi
716 1296 860 1348 dilectionem

58 1378 107 1417 sese
121 1365 257 1426 emendo.)

85 1438 227 1508 Respopdco
237 1436 369 1499 dicendum,
386 1436 446 1499 quod
457 1437 517 1487 sicul
533 1438 601 1502 suprd
614 1437 699 1492 dictum
713 1443 757 1501 est,
769 1440 861 1491 habmus

59 1524 104 1562 nou
118 1508 302 1561 diversificantur
316 1507 362 1557 nisi
378 1520 407 1559 ex
423 1509 467 1559 hoc
484 1510 545 1573 quod
567 1508 640 1559 varim
660 1509 759 1573 speciem
780 1515 859 1576 actus3
965 1549 968 1554 ,

61 1582 135 1633 omnis
150 1582 213 1633 euim
224 1582 289 1631 actus
298 1580 366 1629 unius
379 1580 465 1643 speciei
480 1582 509 1631 ad
519 1581 624 1631 eumdem
634 1580 738 1630 habitum
752 1581 860 1644 pertinet.

62 1652 117 1703 Cium
127 1654 213 1702 autem
226 1649 315 1715 species
332 1652 396 1700 actus
412 1662 440 1699 ex
450 1651 541 1714 objecto
559 1653 660 1700 sumatur
676 1651 801 1699 secuudum
816 1650 863 1699 tor·

62 1724 143 1773 malem
152 1722 265 1772 rationem
278 1721 357 1785 ipsius,
372 1734 467 1773 necesse
481 1720 586 1785 estquod
600 1720 662 1770 idem
675 1721 752 1784 specie
760 1720 791 1769 sit
799 1723 863 1771 actm

61 1795 100 1860 qui
114 1795 185 1845 deutur
198 1793 222 1841 iu
235 1791 346 1841 rationem
359 1792 462 1855 objecti,
477 1796 502 1841 ct
517 1795 557 1855 qul
573 1792 645 1841 lertur
658 1791 683 1841 iu
691 1791 807 1855 objectum
821 1792 863 1842 suh

61 1867 101 1917 tali
110 1866 216 1915 ratione:
229 1863 288 1913 sicut
301 1864 379 1913 eedem
393 1865 430 1911 ost
442 1862 519 1925 specie
531 1862 591 1912 visio
604 1874 649 1925 qua
661 1862 752 1912 videtur
768 1862 861 1926 lumen,

62 1942 85 1989 et
100 1949 146 2001 qua
158 1935 249 1986 uidetur
263 1934 324 1985 color
336 1934 459 1985 secundum
470 1933 564 1984 luminis
577 1933 695 1985 rationem.
706 1934 773 1983 Ratio
784 1936 863 1984 autem

62 2006 170 2071 diligendi
183 2006 325 2069 proximum,
334 2006 393 2055 ocus
407 2008 457 2068 est;
470 2005 515 2055 hoc
527 2004 590 2055 enim
601 2005 710 2055 debemus
722 2004 747 2054 iu
755 2005 860 2069 proximo
873 2051 876 2056 .

63 2080 171 2143 diligere,
181 2081 206 2127 ut
216 2076 241 2125 io
255 2078 302 2127 lieo
311 2077 348 2127 sit.
360 2076 424 2127 Unde
437 2075 583 2126 manifestum
596 2075 703 2138 estquod
715 2076 776 2127 idem
787 2076 863 2140 specie

63 2154 131 2201 actus
149 2153 183 2197 est
195 2162 238 2211 quo
257 2146 356 2211 diligitur
376 2148 451 2213 Deus,
471 2150 494 2199 ot
511 2160 556 2211 quo
578 2147 678 2211 diligitur
694 2146 819 2211 proximus.
834 2148 862 2197 Et

64 2224 157 2288 propter
166 2221 208 2271 hoc
218 2218 309 2271 habitus
323 2220 437 2269 charitatis
451 2231 505 2269 ⁴mon
521 2219 593 2269 solum
604 2232 629 2269 se
642 2218 744 2269 extendit
753 2219 782 2269 ad
792 2218 863 2270 dilec-

67 2294 149 2345 tionem
157 2289 207 2353 Dei,
229 2290 346 2341 sedetiam
362 2290 390 2341 ad
403 2289 548 2341 dilectionem
560 2290 666 2353 proximi.

97 2362 131 2413 ld
150 2362 246 2429 primum
261 2374 313 2424 ergo
331 2360 466 2426 dcundum,
482 2360 542 2425 quod
559 2360 678 2425 proximus
694 2360 768 2412 timeri
785 2365 864 2425 potest

68 2433 191 2499 dupliciter,
208 2432 267 2484 sicut
280 2436 304 2483 et
317 2432 403 2482 amari:
416 2444 461 2482 uno
476 2433 543 2483 modo
557 2434 649 2497 propter
659 2431 682 2483 id
695 2434 756 2498 quod
769 2435 864 2497 estpro-

68 2506 140 2570 prium
153 2504 209 2568 eibi,
221 2506 278 2569 puta
290 2503 342 2554 cdm
352 2504 434 2569 aliquis
443 2504 640 2569 timettprannum
650 2508 743 2569 propter
753 2505 802 2568 ejus
813 2518 864 2554 cru·

71 2577 192 2641 dolitatem,
206 2577 243 2628 uel
257 2590 307 2626 cum
330 2580 390 2627 amat
411 2576 499 2640 ipsum,
516 2576 767 2641 proptercupiditatem
788 2576 865 2641 acqui-

103 2730 133 2793 (t)
147 2734 190 2779 seu
204 2733 375 2789 propinquum
392 2736 425 2778 ert
436 2732 460 2777 ei
475 2732 539 2789 good
555 2735 589 2777 ert
604 2730 724 2777 demorari
734 2729 778 2790 (ex
789 2742 864 2789 graeco

73 2794 136 2865 Eppia
156 2798 189 2863 τῷ
202 2792 340 2861 rimulam),
357 2804 409 2851 cap.
425 2793 674 2853 9,giaeco-1rr.circu
693 2793 808 2852 medium,
823 2794 864 2838 ced

74 2878 124 2925 cap.
135 2864 149 2911 8
161 2865 240 2912 rtatim
250 2866 279 2912 ult
288 2865 354 2916 tuitio
364 2865 388 2913 iu
400 2865 510 2939 antiquis,
518 2871 543 2914 et
550 2864 643 2926 oppda.
652 2865 830 2917 trememtem.
839 2862 864 2910 8.
