1992 3317
373 105 405 144 ns
420 106 553 146 SEDITIONE·
817 104 862 150 623

54 179 206 234 dissensione
228 180 395 242 multitudiuis,
409 183 462 234 dum
479 197 525 232 uua
544 196 597 248 pers
612 183 772 245 multitudiuis.
782 186 862 238 nititur

53 253 163 304 retinere
174 255 306 316 tyrannum,
315 253 360 304 ulia
370 253 425 306 vero
434 253 513 304 nititur
526 269 580 306 eom
590 255 697 319 uhiieere
708 257 767 320 drgo
781 259 861 312 seditio

54 327 139 388 potest
154 323 203 374 iteri
216 323 266 376 sine
280 328 384 387 peceato.

90 395 139 446 Sed
152 399 232 454 eontra
245 398 294 458 en,
310 395 369 458 queo
380 395 511 460 Apostolus,
524 398 544 448 li
555 397 591 447 od
604 405 672 458 com,
685 399 742 460 xit,
754 403 862 466 prohibet

54 465 189 518 seditiones
201 465 260 516 inter
275 467 319 518 atio
332 481 383 530 que
398 471 452 520 suut
465 468 559 532 peceato
579 470 690 522 mortalia.
706 472 765 534 eigo
776 473 860 526 seditio

52 543 93 590 est
107 541 226 602 poeeetum
239 539 339 590 mortale.
607 588 609 591 .

90 610 253 674 (Cnunuusm.
260 635 291 648 -
298 610 393 670 seditio,
403 609 457 660 oium
466 611 495 662 sit
505 615 582 665 mutue
589 625 710 664 commune
718 615 803 666 bonum
814 618 859 670 rei-

51 681 161 746 pubtiem
170 680 256 744 injusta
264 695 349 746 pugne,
357 695 448 747 semper
457 686 676 749 mortntepoceatom
684 698 712 736 ox
722 699 764 738 suo
772 701 859 750 genere

52 759 101 806 est.
117 753 126 818 )
660 772 663 775 ·

87 827 229 890 Respondeo
239 825 374 890 dicendum,
386 825 445 890 quod
460 827 520 878 siout
532 826 618 879 dietum
632 831 679 891 ost,
694 828 774 880 seditio
786 843 857 896 oppn

51 900 121 951 uitur
140 897 221 948 unitati
241 897 405 960 multitudinis,
418 898 441 948 id
457 902 493 948 est
514 898 607 962 populi,
622 899 721 950 ciuitatis
735 902 771 951 uei
784 903 856 966 regui.

52 971 118 1022 Dieit
132 971 211 1020 eutem
225 969 373 1034 Augustinus,
388 971 415 1020 11.
432 971 467 1020 De
482 970 557 1020 civit.
573 971 622 1019 Dei
636 971 703 1034 (eep.
723 972 782 1035 21),
796 972 857 1036 quod

53 1060 69 1091 o
78 1041 195 1110 populum
208 1040 358 1092 determinant
366 1039 493 1104 sapientes,
503 1053 550 1092 nou
561 1053 651 1092 omnem
662 1045 745 1091 emtum
756 1043 858 1094 multitu-

51 1112 133 1172 diuis,
152 1111 193 1161 sed
207 1115 289 1162 emtum
307 1112 365 1174 juris
381 1125 509 1173 consensu,
523 1111 627 1163 utilitatis
639 1112 796 1165 eommunione
817 1129 855 1166 so-

52 1182 406 1235 ciatumetindemunitestunr
416 1183 754 1248 ieiunioremonioppontmr
763 1186 855 1250 seditio,
892 1208 897 1212 »

52 1269 107 1308 esse
131 1253 243 1312 unitatem
262 1255 322 1318 juris
341 1258 364 1305 et
381 1255 508 1306 eommunis
527 1255 638 1306 utilitatis.
658 1255 802 1308 Manifestum
820 1262 857 1308 est

52 1341 111 1393 ergo
126 1325 190 1390 quid
200 1327 280 1377 seditio
292 1326 414 1391 opponitur
422 1326 519 1392 justitie
532 1333 556 1378 et
567 1328 682 1379 communi
690 1329 794 1380 bonozet
803 1329 856 1383 ideo

51 1415 82 1452 en
97 1412 142 1452 suo
152 1409 236 1462 genoe
248 1401 284 1448 est
294 1403 411 1461 pometum
423 1400 531 1462 norem,
545 1404 569 1450 et
585 1396 647 1448 muti
658 1398 761 1464 purius,
769 1401 855 1465 quanti

51 1473 141 1523 bunum
157 1482 287 1532 commuue,
304 1471 365 1534 quod
376 1470 522 1534 impugnetur
532 1484 574 1534 per
584 1469 729 1530 seditionem,
739 1476 774 1522 est
781 1472 856 1536 moins

51 1543 123 1608 quim
133 1541 342 1608 sonum-privatum
350 1577 356 1605 ,
365 1543 426 1606 quod
437 1541 583 1606 impugnetur
592 1555 633 1606 per
640 1541 723 1592 rixam
733 1544 853 1594 Peccatum

51 1618 133 1664 autem
141 1612 262 1664 seditionis
275 1613 349 1678 primo
362 1614 455 1677 quidem
465 1617 488 1664 et
499 1613 654 1678 prinoipeiiter
666 1613 764 1678 pertinet
776 1615 805 1663 ad
813 1628 853 1666 eos

50 1687 93 1751 qui
108 1685 249 1754 seditionem
261 1688 401 1750 procurent,
414 1685 454 1750 qui
472 1683 606 1748 grauissimi
621 1689 734 1749 peemnt3
754 1685 853 1735 seeundo

51 1761 132 1810 euwur
151 1757 181 1808 ud
195 1769 235 1808 eos
250 1756 290 1820 qui
311 1769 351 1808 eos
368 1759 505 1820 sequuntur,
518 1757 676 1820 perturbantes
690 1757 775 1806 bonnm
792 1769 854 1807 eenr-

51 1843 134 1880 mune.
147 1829 185 1880 iiii
193 1827 246 1879 uero
254 1827 295 1893 qui
303 1829 388 1878 bouum
399 1841 519 1878 eommune
526 1828 667 1888 defendunt,
678 1828 712 1879 eis
722 1827 855 1878 resistentes

51 1915 103 1964 nou
119 1903 175 1952 sust
188 1899 280 1951 dieendi
292 1899 406 1962 seditiosi3
419 1900 479 1952 sieut
492 1913 536 1950 nee
546 1899 634 1964 itiiqei
642 1913 668 1950 se
679 1899 805 1950 defendunt
817 1899 852 1950 di·

51 1980 140 2025 euuour
150 1971 235 2035 rixosi,
248 1973 274 2024 ut
280 1971 353 2036 sopri
368 1971 453 2020 dietum
466 1974 510 2023 est.

87 2045 122 2094 nd
135 2043 235 2108 primum
246 2056 299 2108 ergo
312 2043 445 2106 uisendum,
456 2041 518 2106 quod
532 2055 609 2106 pugne
623 2055 675 2106 que
687 2046 724 2092 eet
735 2042 813 2105 tioite,
827 2045 853 2093 tit

51 2127 97 2180 pre
105 2113 222 2166 mmmuni
234 2113 340 2177 utilitate,
354 2113 412 2164 sieut
423 2113 491 2178 supri
502 2112 587 2164 dietum
596 2117 631 2164 est
643 2114 692 2177 (qn.
706 2115 745 2175 to,
760 2117 803 2164 nrt.
816 2116 850 2178 1).

52 2187 99 2237 Sed
120 2185 203 2237 seditio
222 2185 247 2234 fit
264 2189 342 2236 eontra
359 2198 477 2238 commune
498 2185 584 2236 bonum
605 2184 756 2235 multitudinis
774 2187 853 2236 :unde

51 2269 146 2322 semper
159 2259 194 2308 est
202 2259 320 2322 peecatum
333 2257 436 2308 mortale.

87 2329 122 2380 ed
142 2329 268 2380 meuudum
286 2326 419 2392 dicendum,
438 2328 498 2392 quod
510 2327 625 2381 diseordia
639 2329 668 2379 eh
682 2341 711 2380 eo
729 2329 789 2392 qnod
806 2342 853 2382 non

53 2404 91 2452 est
107 2399 229 2451 mammete
242 2401 340 2459 meum,
351 2402 427 2464 potest
439 2413 492 2452 esse
505 2399 556 2451 siue
569 2404 672 2464 peeente.
685 2399 731 2450 Sed
743 2397 854 2451 diomedia

53 2475 83 2524 ab
100 2473 203 2537 eoquod
223 2475 257 2523 est
273 2471 391 2524 manifeste
404 2472 488 2523 bonrum
497 2485 566 2533 „non
580 2472 656 2536 potest
671 2484 722 2522 esse
736 2470 786 2522 sine
802 2485 855 2536 pee-

52 2549 120 2610 cato3
142 2547 165 2595 et
182 2543 234 2594 iulis
258 2543 370 2596 utmorem
393 2547 427 2594 est
451 2543 535 2595 seditio
541 2581 550 2608 ,
563 2557 615 2608 qum
633 2540 754 2609 opponitur
769 2541 855 2593 anitati

52 2615 224 2680 multitudinis,
236 2627 286 2680 que
298 2617 334 2666 est
344 2614 466 2667 manifesti
481 2617 575 2666 bonum.
616 2630 619 2635 ⁴

86 2687 229 2740 intertium
251 2686 383 2750 dicendum,
403 2687 462 2752 qued
476 2688 578 2751 regmen
597 2686 740 2752 tyrannicum
755 2698 801 2736 uon
820 2688 855 2736 eet

52 2761 155 2824 justum,
171 2758 224 2823 quio
241 2770 286 2808 unu
300 2755 415 2808 ordinetur
429 2757 554 2808 adiuuem
571 2769 707 2819 commune,
721 2756 761 2806 sed
773 2755 802 2806 ad
814 2754 854 2805 bo·

54 2832 234 2898 rumpendum
246 2828 353 2897 remotis,
363 2831 458 2896 utputet
470 2842 511 2897 per
520 2825 718 2900 Phitosopimmin
729 2827 761 2886 111
772 2825 851 2899 Potio.
