1992 3317
407 125 439 172 nn
454 128 523 171 euro·
818 124 866 178 m

98 205 226 270 Praeterea,
238 205 413 270 chrysostomus
429 221 548 272 exponens
562 207 617 260 illuri
631 207 734 268 unua„
747 212 782 275 V,
797 215 866 274 «Qui

59 277 157 329 soluerit
169 291 240 327 unum
256 279 283 328 de
299 277 410 330 mandatis
426 279 476 332 istis
492 279 602 344 minimis,
617 281 717 333 adicit:
734 300 748 332 u
761 285 867 338 Mandata

58 348 149 413 Moysis
166 363 172 396 :
189 349 244 399 Nea
263 349 370 413 occides,
386 363 435 399 noa
449 351 625 412 adulterabis,
641 353 667 403 in
682 356 867 409 remuneratione

59 419 227 482 medianensi,
241 419 368 488 inperante
380 425 455 472 nutem
471 435 563 488 magua.
574 423 677 480 Mandata
692 429 770 477 autem
783 427 868 479 (irrisii

58 493 67 556 (
75 491 167 543 seilicet
181 508 188 542 z
203 493 259 542 Non
279 493 413 550 irascaris,
429 508 476 544 riou
492 496 685 560 concupiscas),
697 496 722 547 iu
735 512 865 551 remunera·

58 562 124 617 iioue
139 577 222 628 magna
237 568 302 628 suut,
315 563 339 614 iu
353 568 446 630 peccate
457 569 534 617 entem
546 566 649 620 minima.
659 585 674 616 a
689 569 772 622 Οάἰηιι
789 574 865 621 numm

58 635 162 698 portium
173 636 200 686 aul
212 633 343 686 interiorem
358 639 458 700 motum,
470 635 531 688 sicut
543 641 567 688 et
582 637 616 691 ira
629 642 655 690 et
670 640 864 705 mampueenun.

59 707 121 768 Ergo
133 706 210 758 odium
229 706 328 770 pmnimi
343 709 380 758 est
394 706 468 760 minue
478 713 598 772 peceatum
608 709 676 773 quim
689 711 847 767 homicidium.

96 777 261 843 (cormesio.
270 805 302 816 -
311 779 444 842 Quanquam
456 779 477 830 si
490 783 620 843 spectemm
631 786 792 834 nocumentum
803 785 865 848 quei

61 849 150 900 homiui
168 849 278 911 infertur,
293 849 371 914 pejore
388 849 433 900 sint
453 849 565 900 exteriora
584 856 691 915 peccata,
706 851 775 916 quin
787 855 863 906 omum

60 921 172 984 interium
189 921 209 972 ei
225 925 301 972 tamen
315 925 444 987 spectemus
460 921 592 974 interiorem
607 923 730 974 veranum
745 925 864 978 deordina-

59 993 158 1055 nouem,
172 993 247 1043 eriium
258 991 355 1056 proximi
369 992 458 1044 caeteris
467 993 561 1055 grauius
571 993 632 1057 est.)

92 1063 231 1126 Respondeo
244 1063 379 1128 dicendum,
393 1062 453 1128 quod
470 1069 590 1128 peecatum
605 1063 666 1128 qnod
679 1064 826 1118 mannitur
837 1068 864 1120 in

59 1133 204 1198 proximum,
216 1134 285 1184 hahet
298 1133 410 1186 rationem
429 1133 525 1184 metten
542 1133 630 1186 dnobus
640 1134 673 1197 (i)
691 1149 697 1183 ε
712 1147 759 1186 uuo
771 1137 864 1200 quidem

59 1207 171 1258 medoen
188 1205 360 1257 inordinatione
376 1205 426 1267 eine
442 1203 481 1269 qui
498 1208 592 1269 peeoat;
608 1205 652 1258 aiio
670 1206 737 1259 modo
749 1220 778 1258 ex
793 1221 864 1260 noeu-

58 1280 138 1327 meuto
148 1277 207 1340 quod
216 1277 312 1327 iuiertnr
319 1274 342 1326 ei
351 1279 430 1327 eontra
439 1289 507 1340 quem
519 1280 633 1340 pensatur.
645 1276 720 1328 Primo
731 1290 786 1341 ergo
796 1279 864 1332 modo

58 1347 138 1400 edium
153 1351 188 1397 est
201 1347 273 1410 magis
284 1350 417 1413 peceatum,
431 1347 500 1412 quim
514 1346 638 1400 exteriores
648 1351 712 1398 actus
723 1347 765 1412 qui
773 1349 863 1400 sentin

59 1416 161 1484 proximi
181 1423 357 1486 nocumentum3
368 1419 431 1484 ,quia
449 1417 538 1469 scilieet
556 1430 597 1482 per
622 1417 699 1471 odium
719 1419 866 1472 deordinatur

59 1490 168 1540 voluutas
178 1489 287 1552 hominis,
297 1503 347 1553 quae
356 1494 392 1540 est
401 1489 545 1552 potissimum
554 1489 579 1538 in
588 1489 689 1553 neruiue,
698 1493 722 1540 et
735 1503 764 1542 en
774 1505 819 1557 que
829 1496 865 1544 en

58 1559 125 1612 radix
136 1555 231 1626 peceati.
245 1561 309 1614 Unde
318 1561 396 1625 etiam
406 1561 427 1610 si
441 1560 567 1612 exteriores
580 1564 645 1612 ectus
656 1561 778 1613 inordinati
788 1568 865 1615 esseut

59 1633 147 1696 absque
156 1631 323 1684 inordinatione
335 1631 474 1692 veluntatis,
485 1645 533 1682 nou
544 1635 624 1682 esseni
632 1636 739 1696 peecata,
749 1633 803 1696 pntt
811 1631 864 1685 con

58 1703 143 1768 aliquis
165 1702 295 1766 ignoranter
311 1704 349 1756 vel
364 1703 413 1754 zelo
433 1701 528 1768 justinia
544 1701 662 1753 homiuem
677 1702 775 1766 oceidit;
787 1707 828 1765 et,
845 1703 866 1753 si

57 1775 114 1840 quid
133 1774 206 1839 culpe
219 1773 281 1827 inest
299 1773 448 1826 exterioribus
463 1774 562 1840 pometis
574 1785 626 1837 qum
640 1776 718 1837 eontra
735 1774 863 1838 proximem

58 1845 245 1910 summittuntur,
262 1849 332 1896 totum
351 1849 428 1898 estex
445 1845 550 1896 interiori
565 1843 626 1896 edio.
644 1845 692 1894 Sed
708 1849 818 1909 numium
833 1845 864 1896 nd

50 1922 223 1970 nocumentum
237 1917 297 1981 quod
305 1917 408 1982 proximo
417 1916 522 1981 infertur,
538 1915 618 1982 pejora
626 1915 797 1968 suotexteriora
805 1928 862 1982 peo-

59 1992 110 2040 oatu
121 1988 189 2054 quim
202 1988 299 2046 ¹interius
308 1987 395 2040 odium.

91 2061 122 2112 Et
133 2073 176 2125 per
185 2061 229 2112 hnc
239 2063 303 2125 patet
314 2059 433 2126 responsio
444 2060 472 2111 ad
484 2059 584 2124 objecta.

93 2211 127 2276 (¹)
143 2213 250 2271 Dieisim,
267 2213 475 2270 ueneeujunotirm
491 2225 538 2259 non
548 2213 611 2260 enim
624 2214 792 2271 qualecumque
809 2224 864 2270 pee-

58 2283 137 2326 catum
158 2277 183 2322 in
198 2277 328 2333 proximum
345 2281 465 2334 utramque
482 2277 536 2322 maii
551 2277 665 2324 rationem
682 2276 863 2335 continenci-

60 2341 109 2386 siut
127 2339 234 2397 quedam
255 2339 310 2389 talia
329 2351 379 2396 quau
391 2344 555 2386 nocumentum
574 2339 660 2386 einen
679 2339 795 2397 inierunt,
810 2339 866 2396 poti

59 2403 139 2448 edium
146 2402 231 2459 ipsum;
245 2401 285 2447 sed
293 2401 376 2446 suffieit
384 2407 410 2446 nt
420 2413 489 2447 uuam
498 2401 581 2447 saitem
590 2401 676 2447 unbem
687 2406 711 2446 et
721 2399 865 2458 potissimum

60 2465 159 2522 primam
168 2497 174 2523 ‚
184 2477 237 2521 qnae
249 2476 323 2521 perse
335 2464 365 2509 ed
374 2470 494 2521 peecatum
508 2465 634 2524 concurrit,
642 2463 695 2510 cirin
706 2463 865 2521 perneciosae

60 2528 197 2588 contingere
207 2527 281 2586 poenit
290 2533 467 2574 mennonium.
486 2567 488 2574 .
