1992 3317
304 114 335 153 nr
349 112 413 154 noue
428 103 536 155 nucum
775 111 822 159 ein

56 192 103 239 uetus.
114 189 139 241 nt
150 190 183 241 aie
195 190 268 242 etiam
282 204 334 256 spes
343 192 532 246 certitudinaliter
540 194 614 247 tendit
624 196 649 247 in
661 208 728 247 annm
741 197 819 263 finem,

54 261 96 321 qnasi
108 262 239 329 participans
258 263 420 317 certitudinem
439 267 521 333 udde,
534 279 586 333 que
600 268 673 321 estin
686 270 711 321 ui
724 283 822 335 cognes-

54 332 106 383 iiiive.

72 404 120 457 Unde
128 410 187 471 patet
197 408 320 473 responsio
331 409 361 459 ad
374 409 481 473 primurn.

73 476 97 525 td
109 479 221 529 secundum
236 480 373 544 dicendum,
386 481 447 545 qubd
460 495 514 547 spes
530 496 578 535 nen
587 483 691 536 innititur
703 486 821 550 principa·

54 545 87 595 'iter
98 548 161 611 gratie
170 550 218 614 jam
231 551 334 617 babitae;
352 554 394 605 sed
409 552 492 605 divine
512 555 684 619 omnipotentiae
700 561 724 608 et
733 558 823 609 miseri-

55 619 162 685 cerdie,qer
170 637 236 686 quam
251 625 323 675 etiam
338 626 378 689 qui
391 625 485 689 gratiam
497 640 545 680 nen
556 628 640 691 babet,
651 642 703 679 eam
711 630 822 693 censeqai

55 691 118 753 quaest,
128 696 150 742 nt
161 695 193 745 sic
204 696 233 745 ad
248 696 323 747 vitam
340 699 448 751 aetemam
464 700 593 763 perveniat.
607 700 639 750 be
657 700 825 765 omnipotentia

55 764 109 882 Ἢ
121 765 157 815 bei
170 770 192 818 et
208 766 366 819 misericerdia
384 770 448 834 ejus,
463 774 538 823 certus
552 774 589 821 est
601 771 736 835 quicumque
754 774 822 826 fidem

55 836 64 876 b
96 836 110 882 t.

76 902 105 951 bd
111 905 189 957 tertium
198 910 336 973 dicendum,
348 912 409 975 qubd
421 914 466 963 bec
476 913 539 977 qued
552 912 624 976 aliqui
632 913 743 964 babentes
756 927 822 978 spem

56 972 140 1025 itebcieut
158 976 169 1027 b
185 984 347 1035 consecutione
365 983 531 1047 beatitudiuis,
553 983 663 1047 mutingit
686 998 715 1035 er
732 985 823 1037 detmtu

56 1042 104 1093 iberi
121 1048 195 1101 arbibai
211 1056 324 1119 ponentis
347 1056 488 1107 obstaculum
514 1055 615 1120 peceati3
635 1068 682 1105 nen
703 1059 779 1108 autern
795 1070 825 1107 ex

57 1114 201 1189 uieiectudiuiue
215 1127 391 1190 potentiensi
404 1125 623 1190 misericordique
640 1140 695 1191 spes
710 1125 824 1177 innititur.

58 1184 102 1239 inde
116 1191 152 1245 bec
167 1209 209 1249 nun
219 1198 355 1264 preindicat
365 1198 495 1249 certitudini
506 1199 562 1263 spei.

288 1517 460 1591 QUAESTIO
478 1519 561 1584 XIX.

115 1652 143 1701 Dc
152 1655 204 1705 deae
216 1662 332 1712 timoris,
346 1662 375 1705 iau
389 1658 519 1706 duedecim
531 1658 651 1705 articulet
664 1660 755 1705 divise.

80 1799 148 1855 Deinde
159 1810 345 1863 considerandum
356 1811 392 1861 est
413 1810 440 1860 de
460 1810 520 1861 dene
535 1808 632 1859 timeris.

69 1871 131 1947 'eirea
149 1892 210 1942 quen
224 1886 356 1947 queruntur
378 1878 506 1933 duedecim.
524 1884 551 1930 1⁰
564 1879 645 1931 Utrum
662 1880 722 1931 beus
745 1880 828 1934 debeat

62 1943 121 1993 tineri.
133 1950 156 1995 2⁰
168 1952 196 2002 be
209 1956 322 2005 diuisione
334 1953 423 2003 timeris
434 1952 459 2003 iu
471 1952 576 2007 timerem
589 1952 693 2016 filialem,
707 1952 825 2011 initialem,

62 2014 139 2067 servilem
153 2025 174 2071 et
185 2027 335 2077 mundanum.
347 2028 372 2073 3⁰
385 2023 465 2075 Utrbm
475 2023 545 2073 timer
557 2024 683 2075 mundanus
694 2036 784 2088 semper
798 2024 829 2075 sit

65 2082 121 2157 milit·
133 2092 156 2139 t⁰
166 2091 239 2147 Uibium
252 2098 323 2149 timor
336 2094 425 2147 seruilis
441 2095 471 2146 sit
483 2094 565 2145 benus.
583 2099 610 2143 5⁰
623 2094 703 2145 Uirium
723 2096 753 2146 sit
768 2095 829 2147 idern

65 2164 79 2197 Η]
86 2156 188 2215 substantia
204 2180 255 2219 uum
264 2167 336 2219 filiali.
353 2172 380 2217 6⁰
389 2164 469 2217 Uirium
481 2165 617 2219 adveniente
631 2167 743 2217 charitate
753 2165 830 2217 exelu-

65 2220 109 2275 daiur
122 2230 181 2285 timer
198 2241 296 2292 seruilis.
309 2244 337 2289 7⁰
349 2236 430 2289 neum
450 2236 518 2287 timer
539 2236 569 2286 sb
587 2237 677 2287 initium
697 2236 827 2301 sapientie.

66 2292 152 2351 teutria
169 2307 233 2359 timer
249 2310 345 2361 initialis
370 2309 400 2359 sit
413 2308 475 2359 idem
495 2306 521 2357 in
535 2308 661 2358 substantia
682 2323 732 2359 curn
750 2308 831 2358 timere

66 2361 115 2415 iiiaii.
126 2376 148 2420 90
160 2376 233 2431 Utrdm
250 2382 318 2431 timer
337 2381 367 2433 sit
381 2380 465 2430 denum
481 2378 579 2441 Spiritus
595 2378 675 2431 saneti.
689 2384 732 2429 10ο
749 2378 830 2458 Utrbm

66 2444 128 2489 crescat
143 2456 246 2504 crescente
271 2452 391 2502 charitate.
417 2452 459 2501 i1⁰
485 2450 566 2500 Utrbm
587 2454 678 2501 maneat
695 2452 720 2500 in
745 2453 829 2515 patna.

67 2504 97 2551 ¹²⁰
103 2508 149 2569 Quid
158 2524 287 2587 respoudeat
300 2522 323 2575 ei
339 2522 364 2575 in
380 2520 575 2585 beatitudinibus,
594 2524 620 2573 et
636 2520 753 2576 fructibus.
782 2579 784 2583 ,
