1992 3317
413 157 445 195 on
459 155 597 196 nuseonnu.
857 149 902 198 tlt

94 233 168 284 narie
181 230 281 282 indebite
301 230 447 294 adhibentur)
460 245 513 282 eum
524 231 590 283 etiam
606 233 674 297 sopri
690 233 778 285 dictum
796 235 827 285 sit
843 234 903 298 qudd

96 303 239 366 eoncordia,
251 317 303 366 qun
317 306 353 354 est
368 303 486 354 ehadtutis
499 303 607 365 edoctus,
623 308 659 355 est
671 305 727 355 nnio
742 306 901 369 voluntatum,

96 389 148 426 uon
162 375 218 424 uuio
233 375 373 438 opinionum.
386 375 421 424 lix
434 389 478 438 quio
488 378 561 438 putet,
571 374 629 439 quod
641 376 753 428 discordia
766 377 903 440 qumdoque

96 451 135 498 est
150 460 181 498 ex
194 449 288 510 perroto
302 447 481 510 minutantur,
498 447 554 511 puta
562 446 615 498 cum
625 461 687 498 unus
698 447 745 499 nult
758 448 853 511 bonum,
863 448 900 498 cui

98 518 161 568 elius
184 517 281 568 scienter
303 518 400 568 resistit.
420 519 558 581 Quandoque
578 522 653 568 autem
673 522 709 568 est
729 532 781 569 oum
804 523 898 583 peccato

97 589 351 654 utriusque‚putdenm
360 589 903 655 interquedissontiltbonoulterins,etuterque

99 661 177 722 diligit
195 661 279 710 bouum
292 661 417 724 proprium.

133 733 166 781 nd
182 731 279 794 primum
296 743 350 794 engo
365 732 505 795 dicendum,
522 733 584 796 quod
600 732 704 783 voluutas
716 733 785 782 unius
803 733 904 784 hominis

95 801 226 854 secundnm
239 815 264 852 se
281 802 437 865 considerata,
452 815 498 852 uon
510 807 546 854 est
560 803 638 865 regula
655 803 781 853 uoluntatis
795 803 901 863 alterium

99 874 141 924 sed
152 873 178 922 iu
194 877 303 936 quantum
314 875 420 924 uoluutus
430 874 527 937 proximi
537 874 633 925 inheret
643 874 756 924 uoluntati
766 874 816 937 liei,
826 875 851 923 dt
859 889 903 938 per

101 957 247 1008 consequens
263 945 342 1006 regula
356 946 460 1008 regulata
475 945 600 996 secundum
614 945 728 1008 propriam
750 946 862 1008 regulam.
875 947 905 994 Et

102 1017 158 1068 ideo
172 1015 298 1066 discordare
311 1015 325 1065 d
340 1015 379 1065 tuli
397 1018 512 1068 voluntate
530 1021 568 1068 est
580 1021 713 1081 peccatum
728 1016 782 1080 quia
800 1031 841 1081 per
860 1019 904 1069 doc

102 1087 246 1140 discordutm
259 1088 272 1138 d
284 1089 360 1152 regula
374 1089 457 1139 diuina

136 1160 171 1210 nd
184 1159 307 1210 secundnm
318 1159 451 1220 dicendum,
464 1159 523 1225 qrrdd
532 1162 592 1212 sicut
602 1161 707 1212 uoluntas
718 1159 818 1211 hominis
828 1162 904 1212 adlue-

103 1244 159 1282 rens
175 1233 224 1281 Deo
238 1234 275 1282 est
293 1232 396 1294 quedem
410 1231 487 1295 regula
501 1235 580 1294 rectu,
593 1233 607 1282 d
619 1245 664 1296 qna
675 1236 796 1298 peceatum
809 1235 845 1282 est
857 1232 904 1283 dis-

106 1303 216 1364 cordare3
227 1301 259 1351 ita
270 1302 338 1352 etiarn
347 1302 451 1353 uoluntas
459 1303 559 1354 hominis
569 1306 618 1355 Deo
629 1303 749 1366 contraria,
760 1306 795 1354 est
802 1305 904 1368 quedam

105 1385 215 1439 perversa
228 1373 330 1437 regulet
343 1386 387 1436 quo
401 1375 486 1424 sunum
499 1378 536 1425 est
548 1373 687 1425 discordare.
699 1375 783 1443 Facere
794 1387 850 1438 ergo
860 1375 905 1425 dis·

104 1444 206 1496 cordium
218 1458 259 1508 per
269 1457 337 1508 quam
348 1445 500 1497 tolliturhona
510 1446 640 1507 concordia,
653 1459 720 1508 quum
733 1447 904 1509 maritantem,

106 1519 143 1568 eet
155 1529 224 1579 graue
239 1520 363 1580 peccatum.
380 1517 444 1569 Unde
457 1516 541 1567 dictur
555 1517 683 1576 Prouerd„
697 1519 727 1566 Vl
745 1536 752 1566 ι
769 1535 783 1565 «
792 1519 837 1568 Sex
851 1521 905 1567 suut

104 1601 158 1652 qun
174 1587 221 1637 odit
236 1587 355 1651 Dominus,
372 1588 492 1654 septimum
506 1588 629 1638 detestetur
638 1587 713 1636 anima
724 1588 784 1651 ejus.
795 1604 809 1635 n
821 1589 850 1637 [lt
860 1589 905 1637 lroe

105 1659 228 1723 septimum
243 1658 368 1722 ponitenm
380 1675 394 1704 n
403 1659 443 1721 qui
457 1659 556 1709 seruiunt
566 1658 628 1708 iuter
637 1659 719 1709 immor
733 1659 873 1708 discordiam.
889 1675 904 1705 n

105 1731 152 1782 Sed
170 1741 262 1781 causare
280 1730 433 1794 discordiam,
447 1743 488 1795 per
503 1743 572 1793 quarn
593 1731 680 1780 tollitur
694 1728 755 1779 muln
774 1729 904 1792 eoncordia,

107 1801 196 1853 scilicet
205 1801 229 1850 in
240 1803 297 1851 mala
305 1801 431 1864 voluntate,
440 1805 475 1852 est
486 1802 608 1852 laudabile.
620 1803 648 1850 uu
660 1803 704 1852 hoc
715 1802 782 1851 ruodo
796 1799 907 1851 laudabile

106 1872 153 1924 tuit
165 1871 224 1935 qudd
241 1872 324 1922 Paulus
334 1872 410 1936 posuit
421 1871 585 1922 dissensionem
597 1872 657 1922 inter
672 1871 764 1934 eosqui
781 1873 845 1922 erant
853 1885 907 1920 con-

106 1945 187 1995 cordes
198 1943 222 1992 in
231 1943 298 2008 malo,
310 1957 362 1992 nem
373 1947 397 1993 et
407 1942 516 1992 [lominus
526 1943 555 1992 de
564 1942 662 2006 sedicit,
672 1942 774 2000 uultu..
784 1944 805 1993 x
815 1957 821 1991 :
833 1959 847 1990 u
857 1943 905 1993 Non

107 2013 164 2066 veni
177 2028 253 2080 pacem
265 2015 364 2076 mittere,
378 2015 419 2065 sed
433 2014 541 2078 gladium.
554 2030 569 2061 n

140 2087 173 2138 dd
189 2085 278 2136 tertium
290 2085 422 2150 dicendum,
435 2085 495 2149 qudd
506 2084 677 2148 discordiaque
689 2085 733 2134 tuit
743 2085 908 2136 interlunium

108 2163 132 2211 et
146 2157 288 2218 Barnabem,
305 2157 349 2206 tuit
361 2171 402 2221 per
415 2157 520 2208 occidens
533 2158 557 2206 et
570 2169 617 2206 uon
633 2169 675 2220 per
684 2169 723 2219 se,
736 2160 832 2220 uterque
844 2155 906 2206 enim

107 2229 241 2282 intendebat
253 2229 353 2291 bouum;
367 2229 407 2280 sed
425 2229 465 2279 uni
485 2229 603 2278 uidebatur
620 2231 664 2279 hoo
684 2241 736 2279 esse
755 2229 855 2288 bouum,
869 2228 908 2278 elii

107 2301 175 2363 illud,
186 2301 246 2364 quod
260 2301 287 2351 ad
303 2301 416 2351 detectum
431 2302 555 2350 humanum
568 2299 703 2363 perfluebat.
720 2301 771 2351 lton
784 2299 846 2350 euim
860 2301 909 2350 erat
936 2330 939 2338 .

109 2373 161 2424 tulis
185 2370 339 2422 controuersia
363 2371 389 2420 in
413 2371 448 2420 hio
469 2384 520 2435 qun
540 2376 595 2422 sumt
613 2372 642 2421 de
661 2372 798 2422 necessitudo
819 2370 906 2421 salutis.

108 2442 220 2504 Quamvis
240 2443 288 2492 hoc
302 2442 375 2506 ipsum
397 2442 465 2492 luerit
480 2455 509 2492 ex
524 2441 602 2492 diviua
620 2442 762 2508 prandentis
779 2441 907 2492 mdiuamm

108 2517 202 2580 propter
219 2513 340 2564 utilitatem
354 2513 406 2565 inde
420 2517 606 2577 consequentem.
