1992 3317
230 115 254 152 lt!
268 112 341 154 vituts
358 115 481 154 OPPOEITIS
497 116 647 156 rltubmtae.
786 111 830 159 ‘171

324 271 483 323 seutellulis
497 273 536 325 Vl.

66 397 147 444 ‘lltrrlm
162 395 240 442 licitum
255 395 285 441 eil
307 396 492 504 soltictlurztnem
512 397 644 446 laborante
664 372 833 458 temporalibus

134 479 135 482 κ
393 472 420 504 re
435 472 470 506 aaa.

92 586 122 636 li
134 587 210 636 sertum
221 583 250 634 sio
257 583 385 648 proceditur
396 585 539 649 (illidetur
551 586 611 650 quod
625 588 713 640 boilum
727 591 756 642 eit
766 591 832 642 solli·

64 656 251 709 cilnliuambabere
260 657 287 706 tle
296 657 458 721 temporalibus
468 657 544 708 rebus.
557 658 590 707 nl
600 660 759 723 praesidentem
769 663 832 714 enim

61 729 160 792 pertinet,
173 727 281 778 sollicitum
292 740 343 778 esse
355 729 382 778 ne
396 726 432 778 bis
443 729 526 792 quibus
538 733 631 793 praest,
642 734 764 784 secundum
776 733 832 785 illud

60 804 131 860 lione,
141 799 177 850 llil
191 815 196 848 ι
210 815 221 845 o
233 798 273 858 Qui
283 803 365 864 praest
375 800 400 848 in
410 799 570 850 sollicitudine.
586 816 599 848 n
610 801 653 851 Sed
668 803 736 854 homo
749 809 833 868 preest

59 885 80 920 ex
100 869 171 920 divina
188 867 319 920 orffiuetione
341 870 504 934 temporalibus
525 869 609 932 rebus,
627 873 751 924 manutium
775 875 831 926 illud

58 942 139 991 l’sulm.
157 941 203 990 lllll
217 955 222 990 :
239 940 345 990 «Omnia
356 939 473 1006 subjecisti
484 941 527 992 sub
540 941 637 1006 pedibus
648 943 717 1006 ejus,
732 957 788 994 oues
806 949 831 995 et

57 1026 127 1076 rores,
141 1015 182 1063 ete.
194 1029 206 1060 n
218 1011 275 1076 lirgu
283 1013 351 1064 bomo
361 1013 427 1064 lebet
438 1013 522 1064 babere
534 1011 709 1065 sollicitudinem
723 1016 832 1067 derebus

57 1083 206 1148 emporalibus.

77 1159 98 1204 t.
120 1156 240 1215 Praeterea,
258 1153 413 1218 unusquisque
434 1155 544 1207 sollicitus
565 1160 600 1208 est
621 1157 649 1208 (le
673 1157 719 1207 llue
739 1161 832 1223 propter

58 1239 106 1275 uem
116 1228 223 1290 operatur.
234 1224 278 1275 Sed
292 1223 379 1275 licitum
393 1229 429 1277 est
439 1227 554 1278 homiuem
565 1227 655 1292 operari
667 1231 760 1293 propter
769 1231 830 1279 tem-

57 1296 124 1346 oralla
140 1295 218 1360 quibus
231 1294 301 1346 vitam
324 1300 437 1348 sustentet
454 1313 459 1346 :
476 1301 536 1350 unde
554 1299 675 1364 Apostolus
691 1299 744 1350 (lieit
763 1299 782 1350 11
796 1299 831 1349 od

53 1367 154 1426 'tressol.,
168 1367 200 1417 lll
213 1382 219 1416 ε
233 1383 247 1415 o
260 1366 284 1417 Si
298 1365 347 1431 quis
361 1381 407 1419 non
425 1369 473 1419 uult
487 1371 592 1434 operari,
610 1384 656 1420 noo
670 1372 799 1423 manducet.
815 1386 829 1417 n

52 1452 92 1501 rgo
106 1437 190 1488 licitum
204 1440 239 1489 eet
251 1437 367 1489 sollicitari
379 1440 407 1490 de
420 1441 487 1491 rebus
505 1442 673 1506 temporalibus.

65 1514 87 1559 3.
103 1511 230 1572 Praeterea,
242 1509 371 1560 sollicitudo
386 1511 413 1560 de
426 1511 532 1575 operibus
541 1512 700 1563 misericordia.
712 1512 832 1564 laudabilis

50 1585 73 1644 st,
87 1580 211 1631 seeundum
222 1579 277 1630 illul
286 1580 306 1630 ll
314 1580 349 1630 ad
359 1581 475 1639 Timotlr„
488 1583 513 1632 l:
525 1583 602 1635 «Cbm
611 1583 706 1634 Romam
716 1583 828 1645 uenisset,

50 1651 123 1701 ›llicitb
141 1663 178 1704 mo
197 1650 313 1714 quesivit.
332 1665 346 1698 o
368 1651 413 1702 Sed
432 1651 560 1703 sollicitudo
580 1652 737 1717 temporalium
755 1665 832 1704 rerum

50 1725 163 1788 nandoque
174 1723 274 1788 pertinet
288 1722 315 1774 ad
327 1735 395 1787 opera
409 1723 583 1787 misericordiae3
593 1727 649 1788 puta
661 1738 713 1774 cnm
724 1723 775 1788 quis
785 1725 832 1775 sol·

50 1795 169 1846 iludinem
184 1791 288 1862 ‘adhibet
304 1795 333 1844 ad
354 1795 521 1858 procurandum
541 1793 631 1861 negotia
653 1794 789 1860 pupillorum
808 1799 832 1846 et

51 1879 162 1931 uperum.
176 1865 239 1930 rorgo
258 1863 386 1917 sollicitudo
398 1865 556 1932 temporalium
575 1878 650 1916 rerum
670 1879 717 1917 non
735 1869 771 1916 est
784 1863 830 1916 illi·

51 1952 75 1987 a.

50 2007 96 2058 sed
111 2010 197 2058 contra
212 2011 259 2071 eet,
273 2007 332 2072 quod
346 2007 455 2059 Dominus
468 2005 524 2058 licit
539 2005 641 2066 ltettb„
655 2007 684 2056 ll
700 2023 707 2056 a
728 2023 742 2054 u
755 2005 832 2058 Nolito

52 2078 116 2130 lieiti
131 2090 202 2143 esse,
222 2079 326 2130 dieentes
342 2078 414 2142 :quii
428 2077 629 2142 manducabimus,
643 2080 683 2127 aut
699 2077 753 2142 qnid
766 2077 833 2129 bibe-

51 2165 78 2211 s,
98 2152 142 2200 aut
162 2161 212 2216 quo
231 2149 461 2225 operiemurtnquae
477 2151 555 2205 lemen
568 2151 621 2199 sunt
637 2147 736 2200 maximi
748 2161 832 2200 neces-

50 2234 81 2271 na.
413 2248 417 2254 ·

58 2293 267 2344 Coucnus10.-
285 2290 451 2356 'temporalium
468 2289 595 2342 solicitudo
613 2289 692 2340 illicita
706 2293 755 2352 est,
767 2290 787 2340 si
802 2303 830 2341 ea
936 2276 938 2335 ,¹

50 2363 150 2414 ultimus
166 2362 225 2414 linis
236 2366 372 2428 querantur,
380 2363 417 2412 rel
427 2361 446 2412 si
455 2362 482 2414 ad
494 2373 521 2413 ea
531 2362 672 2426 procuranda
686 2360 827 2425 superllunm

50 2434 113 2483 lium
138 2433 299 2497 adhibeam,
319 2433 357 2484 rel
378 2431 399 2484 si
417 2431 513 2484 nimium
532 2430 653 2484 timeamus
672 2443 701 2482 ne
719 2430 786 2482 uobis
805 2429 831 2480 iu

50 2505 151 2557 essitate
171 2505 310 2568 deficient.)

50 2577 189 2641 espondeo
211 2576 347 2641 (libentium,
367 2574 427 2641 qubd
446 2575 572 2628 sollicitudo
596 2575 703 2641 importat
729 2573 829 2626 studium

53 2701 62 2761 l
83 2705 123 2750 De
138 2703 183 2751 bis
201 2705 277 2752 etiam
296 2703 365 2764 iniri,
379 2715 419 2761 qu.
431 2701 486 2763 tto,
497 2708 543 2750 art.
563 2705 592 2758 'lt
606 2708 631 2750 et
647 2701 737 2749 cntra
747 2701 829 2749 (lent,

50 2768 107 2824 111,
124 2777 192 2824 eap.
218 2765 280 2820 1853
295 2771 322 2812 ut
336 2771 361 2813 el
381 2766 508 2825 Quodla'b„
520 2768 581 2830 vu,
595 2772 640 2816 art.
660 2765 705 2826 lt,
718 2765 748 2812 etl
762 2763 793 2819 tp
808 2767 832 2810 et

50 2841 65 2875 r
79 2827 185 2891 Epist.
203 2829 241 2879 ad
256 2827 366 2893 Ptrrrp„
379 2839 432 2890 esp.
441 2831 484 2892 lt,
494 2829 549 2882 leot.
