1992 3317
965 5 966 47 t

121 73 166 134 ⁰¹².
229 82 339 121 secunus
356 83 484 130 secusne,
502 81 596 126 onesr.
612 81 692 130 uvir,
710 83 766 118 nur.
785 84 811 119 nn.

119 172 173 223 pars
184 158 355 210 adsumendum
368 157 504 208 sententiam
514 156 616 221 jndicio3
631 157 736 221 alioquin
748 159 861 222 judicium
875 173 918 210 non

120 233 181 282 esset
191 229 281 282 etticcu.
297 229 437 280 Potestatem
449 232 526 278 autem
538 229 665 279 coactivam
676 241 725 278 non
742 230 814 280 babet
826 229 886 283 licite
898 232 921 280 in

120 301 190 354 rebus
207 299 328 360 humanis,
340 297 385 348 uisi
406 299 445 349 ille
466 298 506 362 qni
518 298 622 360 iungitur
637 298 730 363 publici
753 303 879 362 potestate.
896 302 923 351 Ei

120 373 161 438 qui
179 372 207 424 ed
229 371 365 434 iunguntur,
381 369 511 433 superiores
526 374 667 436 reputantur
674 375 784 434 respectu
806 373 924 424 commin

121 457 179 508 quos
199 443 260 494 sicut
281 441 306 490 in
321 439 423 491 subditos
444 444 581 506 potestatem
603 441 737 505 accipiunt,
752 441 804 493 siue
831 444 925 495 bubeuni

130 513 279 574 ordiendum,
293 511 342 561 sive
357 524 398 576 per
413 513 606 564 commissionem.
620 514 650 563 Ei
662 513 713 562 ideo
728 513 884 565 menifestum
894 521 925 566 est

122 583 183 650 quid
196 583 271 636 nullm
289 585 365 648 potest
384 582 486 645 judicare
507 583 622 647 aliquem,
646 582 692 633 nisi
711 582 743 632 sit
763 584 847 648 utiquo
863 587 926 636 modo
966 588 967 605 ¹

123 656 225 706 subditus
249 654 314 718 ejus,
329 653 367 704 uel
387 667 428 720 per
450 653 636 706 commissionem
640 686 659 718 ‚1
671 655 771 718 uei-per
788 659 927 719 pooestnteu

123 725 269 779 ordinsrinm.
806 740 809 747 ·
966 778 967 787 ,

154 797 188 848 dd
199 795 299 860 primum
312 811 368 861 ergo
378 797 498 848 dicendum
507 797 583 862 ‚qndd
592 797 673 848 tinniet
686 797 778 862 accepit
790 803 927 864 potestuten
966 792 967 853 t

124 868 314 932 adjiciendum
331 869 383 928 iilos
396 867 513 932 seniores,
526 868 593 932 quun
605 868 750 920 commissum
765 883 797 920 ex
818 872 928 922 instinctu

124 940 211 994 diuino.
236 942 302 1002 Quod
322 941 423 1004 signatur
442 953 482 1004 per
503 941 548 991 boc
568 941 631 1004 quod
650 941 733 991 ibidem
755 941 859 1005 dicitur,
873 943 928 1007 qudi

126 1012 274 1064 nnuciteuit
289 1012 397 1067 Dominus
412 1011 517 1076 spiritum
534 1011 600 1075 pueri
611 1011 719 1076 junioris
728 1028 745 1059 o

156 1084 191 1136 dd
204 1085 327 1136 secundum
340 1083 474 1148 dicendum,
486 1081 547 1147 qnid
559 1082 585 1132 in
596 1084 666 1134 rebns
678 1084 788 1135 bunonis
795 1086 873 1151 ntiqui
880 1098 928 1150 pro

125 1153 177 1219 prii
193 1161 277 1219 sponte
294 1158 390 1219 possunt
410 1167 435 1205 se
455 1155 567 1219 subjicere
588 1155 684 1206 eborum
705 1155 812 1219 judicio,
827 1156 929 1221 qumis
966 1192 967 1199 κ

126 1239 172 1276 non
187 1227 234 1278 sint
246 1226 282 1280 eie
294 1225 437 1290 superiores,
449 1226 509 1276 sicut
519 1229 584 1290 patet
594 1225 619 1275 in
633 1226 671 1276 bio
682 1225 723 1289 qui
737 1228 928 1292 compromittunt

125 1295 151 1346 in
167 1295 255 1359 aliquos
269 1297 374 1347 arbitros.
391 1297 422 1346 Et
435 1297 489 1347 inde
509 1299 544 1347 est
558 1295 620 1360 qnod
635 1306 734 1347 necesse
754 1303 795 1348 est
810 1298 927 1348 arbitrium

125 1365 300 1432 penicillum,
315 1369 369 1432 quia
387 1368 479 1432 arbitri,
492 1368 534 1432 qni
548 1381 596 1418 non
611 1371 665 1417 sunt
677 1368 820 1431 superiores,
835 1381 884 1419 nnn
893 1370 928 1418 bs

125 1439 180 1490 beni
195 1439 223 1491 de
235 1453 260 1490 se
270 1440 362 1503 plenum
376 1443 514 1506 potestatem
527 1440 655 1490 coercendi.
667 1440 708 1489 Sic
722 1452 778 1502 ergo
790 1444 816 1490 et
829 1441 928 1491 cbristus

126 1510 218 1575 proprii
229 1514 310 1575 sponte
321 1511 420 1564 bumuno
428 1510 515 1573 judicio
528 1523 554 1561 so
563 1510 677 1574 subdidit3
693 1510 755 1560 siem
764 1511 838 1561 etium
849 1515 875 1562 et
885 1512 927 1561 Leo

127 1581 190 1648 Pupi
208 1595 233 1634 se
248 1582 335 1648 judicio
353 1581 502 1646 Imperatoris
519 1581 620 1632 subdidit
632 1581 696 1645 (Leo
707 1585 805 1645 (μυίης
821 1582 927 1633 nimirum

128 1654 243 1707 Ludovico
257 1655 357 1717 Augusto
364 1691 373 1718 ‚
387 1655 416 1704 cd
429 1654 546 1717 purganda
555 1653 649 1702 crimine
662 1666 740 1704 corum
753 1654 796 1704 illo
808 1655 839 1705 de
851 1655 926 1718 quibus
967 1662 969 1715 ξ

128 1728 177 1774 eret
191 1729 324 1788 accusatus,
338 1728 366 1776 ut
380 1725 404 1776 in
419 1725 547 1780 Decretis,
562 1723 635 1774 Ceusd
647 1725 688 1786 11,
706 1738 747 1788 qu.
761 1727 792 1787 i,
808 1738 864 1789 cap.
882 1728 926 1774 Itos
967 1726 969 1791 j

128 1797 153 1844 si
166 1798 370 1861 incompetenter,
383 1796 460 1846 uidere
471 1797 534 1858 est).

161 1868 195 1918 dd
211 1867 301 1918 tertium
315 1868 444 1930 dicendum,
460 1866 521 1932 quod
533 1866 690 1932 episcopusin
702 1866 770 1931 cujus
784 1867 882 1918 diecesi
892 1866 926 1915 sti
967 1902 969 1911 ,

129 1939 181 2002 quis
195 1939 320 2004 delinquit,
335 1939 433 1990 eiticitnr
451 1939 554 2003 superior
566 1939 616 2003 ejus
629 1938 720 1992 ratione
733 1939 814 1989 delicti
825 1978 831 2001 ‚
843 1937 926 1989 etiamsi

130 2009 161 2060 eit
169 2013 300 2074 exemptus,
313 2009 359 2060 nisi
371 2008 432 2060 torte
443 2010 560 2074 delinquet
570 2010 595 2059 in
608 2023 634 2061 re
647 2008 723 2072 cinna
740 2015 865 2076 exempta,
878 2008 927 2074 pnti

130 2081 156 2132 in
166 2081 363 2133 administratione
382 2083 491 2132 bonorum
506 2082 604 2146 ubcnjns
615 2081 748 2133 monasterii
766 2080 925 2147 exempti.Sed

130 2152 151 2202 si
164 2149 247 2216 aliquis
266 2157 386 2218 exemptus
402 2153 529 2204 committat
547 2153 647 2215 tomum,
661 2152 697 2203 vet
710 2152 876 2216 homicidium,
894 2150 926 2200 ret

130 2221 215 2288 aliquid
230 2223 375 2289 hujusmodi,
388 2230 465 2290 potest
482 2239 525 2297 per
538 2225 676 2282 ordinarium
688 2223 751 2288 iuste
772 2223 923 2282 condemnari.
