1992 3317
137 85 183 130 9⁰⁰
246 91 495 142 amnemamnem,
513 91 606 135 numu.
624 90 694 141 uum,
710 91 768 128 nur.
785 89 823 126 ru.

963 5 966 141 i

136 170 250 230 ablatum,
265 171 301 218 est
316 167 439 232 rapientis,
456 179 503 218 non
516 165 656 230 simplicitur,
671 169 711 231 sed
723 170 840 230 quantum
854 167 882 220 ad
893 167 931 218 de·
964 172 966 246 f

139 240 273 291 tentionem.
304 293 308 303 ‚

432 345 588 396 numeneus
599 345 638 394 IV.
688 351 692 359 ’

171 471 255 517 Utrdm
262 469 360 525 sertum
374 472 397 514 et
406 470 495 526 ruptnu
506 470 557 513 nint
565 472 661 525 peceato
669 468 814 524 distmntiu
822 470 903 526 specie.

168 599 201 647 Ad
211 597 317 660 quartum
328 593 361 646 sie
374 595 503 658 proceditur
511 594 557 659 (t).
570 593 665 645 Videtur
681 593 744 657 quod
757 595 852 645 turtum
869 601 892 648 et
906 609 934 644 ra·
964 584 966 633 Ᾰ

135 671 189 736 pina
202 682 246 718 uou
262 667 308 718 siut
320 673 413 732 peccata
429 667 558 717 differentia
573 667 660 730 spec-ie.
673 667 773 715 Furtum
788 668 855 717 enim
868 673 892 717 et
903 681 933 715 ra-
964 666 966 681 '

136 742 188 805 piua
201 740 307 790 differunt
324 737 449 789 secundnm
462 737 588 787 occultum
607 742 631 788 et
650 738 842 803 manifestum
859 739 934 788 turtum

137 811 197 862 euim
210 811 316 874 importat
329 811 440 861 occultam
458 809 630 873 acceptionem,
642 811 726 873 rapina
739 809 802 860 vero
816 811 931 861 violentam
964 814 966 849 ἱ

136 887 160 932 et
170 882 320 932 manifestam.
333 881 378 932 Sed
388 881 412 930 iu
420 880 471 930 aliis
480 879 601 943 generibus
611 885 761 944 pennatorum
775 881 933 932 occultante

138 955 303 1016 uaunifestom
321 965 367 1002 uun
382 951 535 1002 diversificant
555 951 664 1014 speciem.
678 952 740 1014 Ergo
758 952 854 1002 furtum
870 955 894 1003 et
908 964 936 1000 ra·
964 976 966 1037 j

138 1028 193 1090 pina
205 1039 252 1076 nou
265 1029 317 1075 suut
330 1027 423 1087 peccata
440 1023 516 1086 specio
529 1023 629 1073 diversa.

170 1099 193 1146 θ.
219 1097 343 1158 Preterea,
362 1093 455 1144 moralia
472 1093 587 1156 recipiunt
602 1094 702 1158 speciem
717 1093 731 1142 a
744 1094 814 1159 tine,
834 1099 863 1146 ut
879 1093 936 1158 suprt
964 1076 966 1105 ⁵

139 1169 222 1220 dictum
235 1171 270 1218 e'st
283 1168 327 1232 (2).
342 1168 387 1218 Sed
405 1167 488 1216 furtum
503 1169 526 1215 et
542 1165 622 1228 rapina
637 1166 775 1221 ordinantur
789 1169 822 1218 ad
839 1169 935 1218 eumden

139 1241 222 1299 tinem,
237 1238 322 1288 seilicet
336 1238 364 1288 ad
372 1237 500 1286 habendum
509 1236 593 1286 atiena.
608 1237 669 1299 Ergo
678 1249 724 1287 nou
733 1237 935 1302 differuntspeeie.

170 1315 193 1358 3.
208 1311 334 1369 Praeterea,
351 1308 408 1358 sient
421 1307 508 1371 rapitur
520 1308 607 1371 aliquid
619 1309 648 1359 ad
660 1307 848 1372 possidendum,
860 1309 892 1358 ita
907 1320 935 1356 ra·

87 1427 93 1438 ,
137 1380 197 1445 pitur
214 1379 294 1430 mulier
312 1379 340 1430 ad
358 1379 524 1430 delectandum.
542 1379 606 1430 Unde
624 1384 649 1430 et
663 1379 764 1429 isidoms
786 1381 847 1432 dieit
866 1382 890 1429 iu
902 1379 934 1427 nn.

137 1451 293 1514 Etpmodop„
307 1449 368 1514 qndd
386 1467 400 1498 u
409 1453 485 1512 raptor
502 1449 585 1499 dieitur
596 1454 722 1513 corruptor,
737 1453 761 1500 et
775 1457 850 1514 rapta
865 1450 936 1500 dieitur

137 1523 276 1586 corrupta.»
292 1523 336 1572 Sed
350 1525 426 1585 raptus
434 1520 535 1588 dieitur2
546 1521 594 1572 siae
608 1521 691 1572 mulier
701 1522 825 1572 auferatur
837 1520 935 1587 pubtioi,

138 1595 187 1645 sive
199 1593 296 1646 ocouttd.
314 1593 374 1656 Ergo
386 1597 410 1642 et
423 1605 460 1642 res
477 1605 583 1656 possessa
596 1593 646 1656 rapi
663 1592 762 1654 dieitur,
772 1595 831 1644 siue
848 1589 935 1646 oocdd,

139 1665 189 1716 eine
202 1663 294 1730 publiot
303 1663 415 1728 rapiatur3
432 1676 485 1726 ergo
499 1676 546 1713 uon
558 1663 666 1714 differunt
679 1663 766 1713 furtum
781 1669 810 1715 et
823 1665 910 1729 rapine.

170 1735 214 1787 Sed
226 1739 304 1787 eontra
319 1738 370 1795 ost,
388 1733 449 1798 qudd
464 1734 616 1798 Philosophus
633 1735 659 1784 iu
674 1735 694 1783 V
707 1735 809 1796 Etdic„
825 1731 937 1796 distinguit

139 1805 224 1857 turtum
233 1807 246 1858 d
255 1806 347 1870 rapina,
358 1817 446 1869 ponens
459 1803 545 1854 furtum
554 1805 691 1862 ocentiam,
702 1805 811 1868 rapinam
824 1805 882 1859 uerd
892 1807 936 1853 vio

139 1878 244 1928 dentum.

173 1948 466 2013 (Concanum-Furtum
479 1952 503 1999 ot
516 1947 596 2012 rapina
606 1961 654 1998 uou
668 1948 767 2010 eadem,
781 1949 827 2014 ped
849 1948 937 1999 diuersa

140 2020 228 2084 spec-ies
237 2024 306 2084 suut,
318 2019 380 2084 quod
392 2019 477 2068 furtum
492 2018 517 2068 in
526 2032 567 2069 sue
579 2019 669 2070 ratione
676 2018 782 2069 includat
789 2018 938 2083 ignoraumu

140 2091 191 2154 ejus
208 2091 245 2141 oui
257 2092 283 2141 ttt
291 2090 384 2154 injuria,
399 2090 547 2153 rapina‘verd
557 2089 720 2153 nolentiam.)

170 2161 305 2225 Respondeo
318 2162 448 2223 dicendum,
458 2159 518 2232 qudd
529 2161 616 2210 tunam
629 2165 653 2212 et
661 2160 741 2225 rapina
755 2165 814 2212 aaut
825 2163 885 2214 vitia
895 2161 938 2224 jm-

139 2231 195 2283 titiae
207 2233 325 2296 opposita,
335 2233 358 2282 in
368 2236 477 2298 quantum
489 2230 572 2294 aliquis
580 2233 647 2283 atteri
658 2232 714 2282 tacit
723 2231 851 2296 injustum.
865 2232 939 2284 Nullus

140 2307 215 2354 autem
228 2303 312 2366 patitur
327 2305 450 2370 injustum
468 2303 602 2368 voleus,ut
619 2304 727 2369 probatur
740 2303 794 2354 iun
808 2306 897 2358 Etntc.
915 2304 938 2352 Et

138 2375 190 2426 ideo
203 2375 288 2425 furtum
302 2377 325 2426 et
337 2377 415 2440 rapina
429 2389 461 2426 ox
472 2377 516 2426 hoc
532 2376 619 2426 habeut
635 2376 746 2427 rationem
758 2377 866 2440 pernati,
885 2375 939 2440 quod
964 2372 966 2405 ¹

141 2446 240 2511 acceptio
251 2450 287 2498 est
300 2446 453 2500 involuntaria
467 2451 571 2511 exparte
582 2448 635 2512 ejus
647 2447 684 2499 cui
696 2447 784 2512 aliquid
796 2448 938 2500 manahim.

174 2609 208 2672 (t)
222 2613 255 2656 De
274 2613 310 2659 his
330 2614 399 2658 etiarn
414 2611 487 2670 intrd,
502 2611 526 2655 iu
545 2612 589 2657 true
605 2612 688 2659 eadem
701 2620 796 2669 quest,
809 2622 853 2659 art.
877 2613 906 2662 a;
921 2619 939 2654 rt

141 2674 302 2791 {azbtltetztart
321 2675 349 2733 1,
365 2683 411 2720 turn
426 2675 451 2718 iu
470 2686 545 2732 corp,
560 2681 610 2720 tum
625 2676 654 2721 ad
667 2675 697 2731 2;
713 2682 738 2721 ot
756 2677 780 2720 in
793 2678 816 2721 11
830 2677 863 2722 od
877 2677 940 2722 Cor.¹

174 2799 208 2862 (2)
224 2807 311 2863 Nempe
326 2807 349 2864 1,
360 2808 383 2867 9,
400 2821 438 2864 qu.
452 2805 476 2868 i,
489 2813 533 2853 art.
548 2809 572 2867 3,
588 2815 613 2854 et
622 2822 663 2866 qu.
676 2809 716 2867 18,
729 2816 775 2855 art.
787 2810 810 2855 6.
