1992 3317
110 128 155 176 olo
224 135 332 176 secum
348 137 475 190 amorum,
489 137 581 184 oonsr.
598 138 669 190 mr,
685 136 741 179 aar.
758 140 795 178 ιιι.

106 228 153 266 non
167 213 276 280 impendit
291 215 314 265 ei
330 217 437 278 anquam
456 213 550 278 private
567 227 685 278 personae,
699 216 739 266 sci
756 216 817 266 siout
831 218 904 267 totam

105 285 267 352 rempublicam
280 285 371 350 jurans.
384 287 412 336 Et
424 284 475 336 ideo
492 298 539 335 non
556 287 590 336 est
604 285 685 336 mirum
704 285 725 336 si
740 286 765 338 in
783 289 829 339 lucc
842 301 905 352 pro-

106 358 176 409 fertur
187 361 307 408 extraneus
326 357 447 421 conjuncto
458 358 583 408 mennatum
599 371 698 409 carnem
763 407 769 426 ¹,

138 430 172 480 ld
185 427 276 481 tertimn
290 427 410 479 dicendum
420 466 427 490 ,
437 427 497 492 quod
507 429 591 493 duplex
604 432 638 479 est
651 429 759 480 debitum.
771 429 847 480 Unum
859 430 911 494 qui·

108 500 159 552 dem
172 501 232 564 quod
249 514 295 551 non
313 504 349 550 est
362 500 525 550 numerandum
539 501 565 550 io
575 501 641 552 bonis
655 501 757 565 ejusqui
769 501 855 562 debet,
866 501 908 551 set

105 571 181 636 potius
193 572 217 622 in
230 571 297 622 bonis
309 572 360 636 ejus
371 570 408 621 cui
421 571 528 634 deletum
543 576 612 635 puta,
624 570 644 622 si
658 571 740 635 aliquis
752 571 822 622 habel
836 585 907 636 pecn-

105 642 167 692 niam
185 647 225 694 aut
243 657 290 694 rem
304 643 370 694 aliam
386 642 491 707 alterius,
509 642 546 693 rel
559 641 620 692 inriti
636 643 761 702 sublatam,
774 643 813 693 uel
825 646 905 694 mutuo

106 720 238 778 acceptam,
254 714 304 765 sive
325 713 465 778 depositam,
481 713 518 763 vel
540 712 615 777 aliquo
635 713 679 764 alio
698 713 767 764 simili
784 713 862 764 modo.
880 715 910 764 m

106 787 213 848 quantum
227 785 254 836 ad
266 787 310 836 hoc
322 785 388 836 dehet
400 786 469 836 homo
482 783 547 848 prins
560 785 655 837 reddere
666 785 781 848 debitum,
799 783 868 849 quim
877 797 907 835 ex

107 867 134 905 eo
157 855 288 907 benefacere
310 857 450 921 conjunctis3
464 856 508 907 nisi
530 855 588 908 lorti
601 859 663 907 esset
680 860 749 906 tante
764 855 909 908 necessitatis

106 927 227 993 articulus,
242 930 266 980 iu
280 943 325 993 quo
342 929 411 980 etiam
430 928 508 979 liceret
520 928 564 991 ipsi
582 940 628 978 rem
646 927 744 978 alienam
760 926 908 991 acciperent

105 999 287 1052 subveniendum
301 999 458 1051 necessitatem
472 997 584 1062 patienti,
599 996 644 1048 nisi
660 997 719 1049 lorti
732 1002 756 1048 et
768 997 806 1049 ilie
820 998 859 1048 cni
868 1012 907 1050 res

106 1072 214 1136 debetur,
228 1073 252 1122 in
270 1071 338 1123 simili
351 1072 487 1123 necessitate
501 1074 579 1121 esset:
593 1070 617 1120 in
630 1084 676 1134 quo
689 1074 765 1121 lamen
779 1083 833 1120 msu
847 1084 906 1134 pen·

105 1145 175 1194 sanda
193 1146 254 1194 esset
274 1144 389 1206 utriusque
405 1141 520 1204 conditio,
536 1143 666 1192 secunlum
685 1142 741 1193 alias
762 1141 911 1192 conditiones

106 1215 223 1278 prudentis
240 1215 325 1278 judicio
340 1213 472 1278 requisitam
490 1214 544 1277 qnia
556 1214 582 1264 in
597 1214 681 1265 talibus
696 1227 743 1265 non
755 1218 832 1279 potest
848 1213 906 1264 uni-

107 1286 201 1336 versatis
217 1285 292 1348 regula
306 1285 354 1334 dari
371 1287 463 1348 propter
483 1285 619 1336 varietatem
633 1286 782 1350 singularium
798 1299 908 1350 casuum,

106 1360 131 1406 ut
144 1357 296 1420 Philosophus
309 1355 364 1407 dicit
381 1357 404 1406 in
419 1357 449 1406 lll
473 1357 556 1406 Etlic.
571 1358 636 1408 Aliud
650 1361 725 1408 autem
738 1362 774 1408 est
791 1357 909 1422 delitum,

106 1428 165 1492 quod
187 1430 329 1492 computetur
342 1427 365 1477 in
382 1427 447 1478 hannis
467 1428 518 1492 ejus
537 1428 577 1492 qni
596 1429 679 1490 dehet,
693 1433 716 1479 et
735 1442 782 1478 non
803 1429 854 1492 ejus
869 1429 908 1480 cui

107 1497 200 1549 debetur
213 1513 219 1548 ε
230 1497 285 1562 poti
300 1499 320 1548 si
331 1498 438 1550 deleatur
446 1513 491 1550 non
508 1513 537 1549 ex
549 1499 645 1560 justitie
657 1499 807 1561 necessitate,
823 1500 864 1550 sed
876 1513 907 1550 ex

105 1571 201 1632 quadam
216 1569 295 1620 morali
304 1569 422 1634 equitate,
434 1574 460 1622 nt
473 1571 585 1634 contingit
602 1572 626 1621 iu
639 1570 756 1621 beneficiis
768 1571 837 1634 gratis
851 1585 904 1622 sus-

106 1643 187 1707 ceptis.
196 1642 284 1693 Nullius
294 1645 369 1692 eutem
377 1643 528 1694 benefactoris
537 1643 672 1695 beneticinm
685 1646 720 1693 est
732 1646 831 1706 tantum,
844 1643 906 1694 sicut

104 1719 224 1778 parentum
240 1730 246 1764 ε
258 1717 281 1764 et
294 1713 344 1765 ideo
356 1718 463 1778 parentes
476 1713 500 1764 in
511 1713 710 1778 recompensandis
721 1713 837 1764 beneficiis
852 1719 908 1765 suut

106 1786 211 1838 omnibus
228 1785 277 1837 aliis
294 1785 445 1850 pretereudi3
459 1785 504 1836 nisi
516 1785 639 1836 necessitas
655 1798 684 1834 ιι
701 1784 745 1834 alia
763 1788 829 1848 parte
842 1800 907 1849 prae-

106 1860 255 1921 ponderaret,
271 1858 308 1908 vel
321 1857 364 1908 alia
375 1858 481 1922 conditio,
491 1858 546 1922 put'a
560 1855 688 1909 communis
698 1856 785 1907 utilitas
793 1857 906 1910 Ecclesiae

106 1932 142 1982 vel
156 1931 293 1995 reipublice.
312 1932 337 1980 ln
352 1931 403 1982 aliis
419 1935 494 1982 autem
510 1937 547 1982 est
562 1929 681 1981 estimatio
695 1928 798 1980 habenda
811 1934 836 1980 et
848 1943 908 1989 conr

103 2001 230 2066 junctionis
244 2005 267 2052 et
278 2000 382 2052 tenelicii
393 2002 494 2066 suscepti
506 2017 511 2053 :
523 2000 686 2066 consimiliter
699 2013 746 2051 non
760 2004 834 2064 potest
843 2015 907 2054 com·

106 2073 170 2123 muni
190 2073 266 2136 regula
279 2071 432 2123 determinari.

137 2145 172 2194 lo
184 2146 288 2207 quartum
298 2141 435 2207 dicendum,
445 2143 506 2208 qnod
516 2145 622 2207 parentes
630 2146 683 2194 sunt
692 2143 752 2194 sicut
763 2142 904 2207 superiores.

106 2215 134 2265 lit
146 2215 198 2266 ileo
213 2227 275 2264 amor
293 2218 412 2278 pareutum
428 2215 466 2266 ‘est
481 2217 510 2266 ul
527 2213 729 2277 benefaciendum,
745 2227 808 2264 amor
828 2218 905 2266 nutem

105 2285 218 2349 liliorum,
238 2287 266 2336 ad
289 2287 444 2337 honorandum
468 2290 582 2352 parentes.
609 2287 695 2338 Tamen
715 2287 740 2338 in
762 2287 909 2339 necessitatis

106 2360 212 2407 extrema
226 2355 320 2407 anticulo
334 2357 405 2420 magis
418 2357 496 2410 liceret
510 2358 612 2410 deserere
623 2357 696 2422 tilios,
711 2359 905 2425 qutmparentan

106 2441 163 2491 quros
175 2428 236 2477 nullo
254 2429 321 2478 modo
337 2429 441 2480 deserere
451 2431 519 2492 ticet,
533 2433 627 2494 propter
643 2431 804 2494 obligationem
817 2432 906 2483 benefi-

106 2499 192 2550 ciorum
202 2502 369 2564 susceptorum,
377 2503 402 2550 ut
412 2506 525 2566 paletper
533 2501 696 2570 Philosophum
704 2501 796 2567 inlllll,
806 2503 903 2564 orlac,
994 2512 995 2525 ¹

108 2581 160 2636 cap.
174 2570 217 2621 ult.
243 2589 247 2596 ¹
