1992 3317
284 267 286 272 .
392 229 553 268 osonio..
805 221 852 269 569

49 304 264 372 eteppreirensira‚
274 303 399 356 reflectitur
407 319 475 370 snper
487 316 541 356 snos
551 306 615 356 uetus
623 304 668 371 (t),
678 305 782 370 seqnitur
789 306 850 370 qudd

49 378 73 428 iu
85 376 187 428 motibus
196 376 326 442 oppetitive
337 377 425 428 virtutis
433 377 463 429 sit
474 377 578 441 qondam
589 376 850 429 circulatioseeunddm

48 461 103 512 ergo
124 447 223 512 primum
241 460 373 514 processum
391 447 512 513 oppetitivi
525 447 612 509 notos,
627 461 656 498 ex
672 460 747 499 umore
764 461 850 500 eonse-

49 519 126 583 quirun
135 517 286 582 desiderium
295 532 325 569 ex
333 531 377 582 quo
385 518 531 583 consequitor
537 519 667 580 delectatio,
676 518 728 569 edm
737 519 789 583 quis
797 534 850 572 eou-

47 593 141 640 seeutos
153 588 222 640 tuerit
234 590 294 652 quod
308 589 456 641 desiderabat.
470 591 501 640 itt
512 589 566 655 quio
584 591 629 641 ime
641 589 791 655 ipsum-quod
811 596 850 643 est

49 660 156 714 delectari
172 660 196 710 iu
209 660 270 712 bono
283 665 371 724 emoto,
386 662 456 712 hebet
468 663 588 726 quemdem
601 661 712 713 rationem
724 661 795 724 boui,
809 676 847 714 se·

49 733 125 798 quitur
138 731 200 796 qnod
218 732 339 784 delectatio
353 737 432 784 eeuset
445 746 554 786 umorem.
567 734 597 784 Et
605 731 730 786 seeundum
744 734 847 786 eumdem

48 803 159 855 rationem
173 802 274 867 sequitur
284 803 344 867 qood
356 803 448 858 tristitia
460 808 538 856 oeusoi
551 805 637 856 odium.

80 875 113 930 dd
125 875 253 929 seormdom
270 875 405 939 dieendnm,
417 875 479 940 qood
498 875 543 927 elie
558 876 616 926 ratio
629 879 666 926 est
678 875 707 927 de
726 876 848 931 ddeeuone

48 951 72 998 et
80 947 141 1000 odio.
159 949 218 998 Nem
233 946 359 998 dilectionis
376 947 490 1012 objectum
503 951 538 998 esi
551 949 651 1009 moun,
662 949 721 1010 qnod
738 948 809 1000 ideo
821 950 849 1002 iu

48 1023 162 1070 ereetunes
175 1019 298 1070 derivetur.
312 1019 343 1069 ue
350 1018 402 1069 ideo
414 1018 506 1071 dileetio
522 1032 563 1084 per
578 1020 641 1085 prius
657 1023 693 1070 est
705 1019 761 1081 uei,
774 1024 848 1084 eiper

47 1091 159 1155 posterius
176 1096 213 1142 est
226 1089 332 1155 proximi.
347 1089 392 1143 Sed
409 1088 486 1144 odium
505 1100 541 1142 est
554 1089 625 1152 meti,
638 1091 698 1154 quod
712 1103 758 1141 non
777 1091 848 1143 hebet

48 1165 119 1214 locum
134 1163 223 1228 inipso
238 1163 300 1226 Deo,
314 1162 355 1220 sed
372 1162 397 1212 in
412 1163 463 1227 ejus
476 1161 605 1213 edomitus.
619 1162 683 1212 Unde
699 1162 770 1214 etiem
778 1163 848 1228 supri

48 1233 184 1297 dictumest,
200 1233 263 1298 quod
275 1234 335 1284 oeus
347 1246 393 1284 uon
411 1232 635 1299 hebeturodio,nisi
649 1233 673 1282 in
687 1236 794 1297 qnantum
807 1247 847 1299 op

48 1307 194 1369 prehenditur
205 1304 329 1358 seeundum
338 1319 391 1358 suos
400 1305 539 1362 edoctusidt
545 1304 596 1357 ideo
604 1319 647 1369 per
655 1304 717 1369 prius
727 1305 846 1358 estodium

48 1376 159 1441 proximi,
178 1376 247 1442 quim
261 1375 338 1427 odium
348 1375 397 1426 nei.
413 1375 477 1428 Unde
491 1374 543 1426 oirm
562 1374 648 1426 invidio
662 1375 690 1425 ad
706 1375 804 1439 primum
817 1375 847 1428 sit

50 1451 118 1499 meter
128 1449 176 1501 odii
188 1449 250 1513 qnod
267 1452 302 1499 est
315 1449 344 1498 nd
357 1449 502 1514 proximum,
517 1449 601 1514 dtper
617 1460 759 1511 oonsequens
776 1461 845 1500 muse

49 1517 91 1568 odii
105 1523 164 1584 quod
180 1523 218 1572 eet
231 1520 255 1570 iu
268 1519 349 1570 Deum.

78 1593 110 1642 dd
126 1593 223 1644 tertium
241 1592 377 1656 denudem,
390 1590 450 1655 qudd
470 1588 528 1640 niiril
547 1590 653 1654 prohibei
670 1591 795 1644 eseuuddm
810 1591 846 1642 di-

50 1673 123 1714 versos
138 1665 238 1718 rotome
255 1663 339 1728 aliquid
354 1663 407 1714 oriri
420 1675 450 1715 ex
462 1662 558 1714 dirersis
570 1662 662 1724 ceusm3
680 1666 705 1713 et
720 1662 845 1715 secundini

50 1733 90 1784 too
102 1735 179 1788 odium
189 1740 267 1802 potest
279 1736 334 1788 eriri
346 1739 370 1787 et
381 1749 411 1787 ex
419 1736 452 1786 im
464 1738 488 1787 et
498 1747 528 1784 ex
538 1733 633 1787 inuidia.
643 1732 755 1784 directius
764 1737 844 1786 temen

51 1805 117 1856 oritur
133 1821 162 1858 ex
186 1807 287 1871 invidie,
298 1821 339 1874 per
356 1819 424 1872 quem
436 1806 513 1870 ipsum
530 1806 615 1857 bouum
632 1803 729 1869 proximi
744 1805 846 1856 redditur

50 1876 199 1930 oontristebde
214 1882 237 1929 et
249 1892 290 1943 per
300 1891 441 1942 consequens
454 1876 546 1928 odibile.
554 1877 599 1928 Sed
608 1875 679 1928 exiro
687 1875 758 1926 oritur
766 1876 846 1928 odium

51 1948 170 2000 seeundum
185 1950 300 2015 quoddam
311 1951 465 2014 angmentum.
478 1949 536 1999 Nom
550 1947 622 2012 primo
635 1945 744 2012 perirem
758 1946 847 2012 oppeti-

52 2031 98 2070 nue
116 2022 202 2074 ndum
214 2020 324 2086 proximi,
344 2019 471 2074 seeunddm
487 2020 607 2084 quemdem
625 2031 767 2082 mensnram,
779 2023 847 2083 prout

52 2089 132 2143 seilicet
144 2095 216 2145 hebet
228 2091 339 2144 rationem
353 2091 469 2146 vindicte.
485 2093 568 2144 Postea
585 2093 662 2142 eutem
677 2104 717 2155 per
732 2090 845 2141 oontiuui-

52 2163 115 2212 tetem
125 2162 163 2216 ire
171 2164 303 2230 pervenitur
312 2165 340 2218 ed
350 2166 393 2216 hoe
404 2164 464 2229 qudd
472 2165 542 2215 tremo
549 2163 633 2213 molum
640 2159 846 2227 proximiobsoiuti

53 2231 158 2287 desideret
168 2273 175 2300 ,
186 2237 248 2302 quod
263 2235 360 2301 pertinet
379 2238 405 2288 od
426 2237 537 2288 rodonem
556 2235 614 2285 odii.
625 2235 690 2286 Unde
704 2236 769 2298 potet
783 2232 846 2298 qudd

54 2302 125 2356 odon
136 2319 164 2359 ex
176 2306 264 2360 invidio
278 2313 383 2360 musetur
399 2307 525 2360 formaliter
538 2303 662 2358 seeundum
676 2304 788 2358 rationem
803 2304 846 2356 ob·

52 2372 113 2440 inuti.
128 2391 157 2430 ox
164 2379 199 2432 ire
214 2382 291 2430 nutem
301 2378 444 2444 dispositive.

83 2509 113 2574 (t)
123 2516 297 2574 upprenenerva
308 2527 391 2574 nempe
400 2547 406 2576 ,
414 2514 467 2562 edm
478 2515 627 2572 euemipsuur
636 2497 851 2574 apprehensionem¹

54 2577 209 2634 apprehendum
225 2578 366 2636 appetitiva,
379 2577 431 2623 edm
451 2577 474 2624 iu
487 2590 531 2624 suo
543 2577 615 2635 ipsius
628 2577 731 2636 appetito
744 2579 847 2643 eomple-

54 2638 146 2686 oemionr
158 2641 282 2699 quemdem
293 2642 374 2688 hebet.

391 2835 505 2852 ῃ
