1992 3317
135 170 179 247 att
265 166 522 230 neumasensium,
537 172 629 225 ouum.
646 171 693 230 xx,
710 174 765 217 aar.
783 180 801 217 r.

134 260 247 322 bominis,
265 258 303 309 vel
319 257 345 308 in
358 256 446 323 seipso,
459 256 497 306 rel
514 254 541 305 iu
557 256 608 307 aliis
620 256 702 320 rebus,
717 268 785 319 quam
807 255 947 312 delectatio

134 337 258 395 extranea3
273 343 322 393 qua
333 333 411 380 tamen
428 328 552 393 opponitur
565 328 642 379 timori
657 341 687 378 ex
704 330 875 394 consequenti,
892 334 954 397 quia

134 404 174 469 qui
186 404 262 453 Deum
282 404 398 451 reveretur
411 402 435 450 et
448 401 470 451 ei
487 399 605 462 subditur,
618 413 666 452 uon
679 399 802 450 delectatur
820 400 849 451 in
865 404 925 457 aliis
939 406 954 456 a

134 478 189 525 beo.
197 475 242 525 Sed
253 476 331 525 nmen
338 472 458 524 delectatio
465 486 512 524 non
519 470 620 537 pertinet
627 472 656 522 ad
666 471 777 522 rationem
786 473 865 537 ardui,
874 490 954 541 quam

134 546 228 611 respicit
246 545 322 608 timor,
339 544 400 595 sieut
420 542 585 607 magnificatio.
599 544 630 593 Et
648 542 700 594 ideo
718 542 806 594 directe
821 545 956 601 beatitudo

133 617 274 683 paupertatis
286 616 408 682 respondet
424 615 510 679 dmoni,
528 615 645 667 beatitudo
658 618 735 666 uuam
747 614 825 666 luctus
837 630 871 668 ex
887 633 955 672 con·

135 690 248 753 sequenti.

163 761 197 810 bd
207 760 300 809 tertium
314 758 449 825 dicendum,
460 758 521 824 qudd
531 772 585 823 spes
594 759 702 822 importat
713 761 799 809 motum
809 762 955 813 secundum

133 831 288 883 habitudinem
304 832 333 883 ad
349 830 471 883 terminum
490 832 520 881 ad
534 844 603 895 quem
616 829 726 880 tenditur.
741 831 786 881 Sed
802 829 876 881 timor
895 834 955 884 im-

134 908 210 969 portat
217 904 290 968 magis
299 907 395 968 motum,
404 904 528 955 secundum
535 902 696 953 habitudinem
702 901 953 957 recessnsttermino

133 977 150 1025 ὰ
169 990 226 1040 qao.
242 976 269 1026 Et
284 975 336 1027 ideo
355 974 433 1025 ultima
446 974 577 1036 beatitudo,
592 986 644 1037 qum
657 976 693 1025 est
706 972 832 1037 spiritualis
852 977 953 1039 periec-

133 1046 201 1097 tiouis
215 1047 342 1111 terminus,
355 1046 454 1111 congrat
469 1045 669 1115 respondetspei‚
683 1058 724 1109 per
742 1045 833 1095 modum
853 1046 951 1111 objecti

134 1118 216 1169 ultimi.
236 1120 281 1170 Sed
294 1118 368 1184 prima
385 1116 580 1181 beatitudoque
599 1119 634 1167 est
650 1129 691 1181 per
709 1126 826 1166 roceam
840 1116 948 1171 diebus

133 1190 282 1243 exterioribus
304 1187 482 1251 impedientibus
509 1188 610 1239 divinam
629 1186 811 1251 subjectionem,
837 1191 949 1253 congrait

133 1261 256 1326 respondet
269 1258 355 1309 dmoni

164 1333 198 1383 dd
208 1334 313 1395 quartum
324 1329 460 1394 dicendum,
469 1332 530 1395 quod
545 1332 571 1381 iu
581 1331 691 1383 fructibus
702 1331 743 1383 illa
753 1345 805 1396 qne
818 1332 944 1396 pertinent

134 1404 162 1455 ad
177 1404 315 1454 moderatum
333 1417 400 1454 mum
415 1405 453 1455 rel
471 1403 634 1454 abstinentiam
655 1402 669 1454 t
687 1404 755 1454 rebus
772 1402 946 1468 temporalibus

132 1475 237 1541 videntur
250 1476 308 1528 douo
321 1474 410 1528 timoris
423 1475 562 1537 conuenire,
571 1473 696 1537 modestia,
706 1478 729 1526 et
743 1473 900 1538 wotiuentia,
914 1481 944 1529 et

134 1546 233 1599 castitas.

406 1748 661 1880 oduarioxx.

213 1918 247 1964 De
261 1918 441 1978 desperatione,
452 1918 484 1964 to
496 1920 603 1977 pemeus
616 1917 735 1965 atticotos
747 1918 842 1965 diotre

164 2067 250 2117 bemde
263 2066 450 2119 considerandum
465 2070 502 2121 est
511 2069 540 2120 de
549 2067 613 2119 vitiis
624 2067 744 2135 oppositis.
759 2069 788 2119 Et
803 2070 896 2135 primo,
911 2074 943 2125 de

133 2136 306 2203 desperatione;
317 2139 430 2203 secundo,
445 2140 473 2192 de
486 2141 675 2205 presumptione.

163 2210 229 2259 eirea
241 2208 338 2274 primum
355 2210 489 2275 queruntur
500 2214 614 2275 quatuor:
628 2214 656 2260 1⁰
665 2210 745 2262 Utrirm
757 2212 890 2276 desperatio
904 2215 938 2266 sit

132 2282 259 2343 peecatum.
274 2287 302 2331 2⁰
310 2282 390 2334 Utrim
400 2282 473 2349 possit
487 2297 538 2334 esse
550 2282 600 2333 sine
612 2282 754 2335 infidelitate.
768 2288 795 2333 3⁰
808 2284 891 2337 Utrdm
903 2286 937 2336 sit

132 2352 254 2401 maximnm
271 2357 425 2417 peecatorum.
442 2359 467 2405 t·
481 2354 561 2404 Utrum
576 2354 662 2405 oriatur
676 2368 705 2405 ex
719 2354 806 2405 acedia.

431 2524 590 2577 anacteos
604 2526 625 2574 1.

333 2640 418 2686 Uirrim
427 2640 560 2699 desperatio
571 2640 603 2685 sit
611 2642 741 2697 peceatum.

162 2760 195 2811 dd
209 2760 307 2825 primum
321 2760 353 2810 sic
366 2760 502 2825 proceditur.
515 2761 611 2815 Videtur
625 2761 686 2829 quot
698 2761 827 2827 desperatio
838 2773 889 2831 non
902 2763 935 2816 sit

131 2834 258 2895 peceatum.
272 2833 344 2883 Omne
356 2831 417 2883 enim
427 2834 547 2897 peecatum
557 2834 629 2886 babet
640 2832 814 2885 conversionem
826 2834 855 2885 ud
865 2847 935 2886 com·

130 2903 240 2959 anubin
253 2904 339 2963 bonum
349 2917 402 2961 cun
411 2903 530 2964 attribu
543 2905 881 2972 emendicatarum
890 2918 935 2985 per
