1992 3317
153 168 186 213 ut
200 173 332 233 rxrnmorn
349 168 476 215 bunuorum
495 168 648 215 nnnmonnrr
664 173 771 222 acanum,
840 169 855 219 t

43 251 149 301 mnvertit
163 252 242 303 omnia
257 254 286 303 ad
302 266 406 304 amorem
422 253 555 319 suiipsius.
569 271 583 302 u
598 255 739 307 Undebomo
750 256 776 307 iu
794 260 855 307 statu

46 325 126 373 natine
137 321 234 387 integra
243 323 392 375 dilectionem
403 324 525 390 suiipsius
534 326 646 377 referebat
654 327 683 377 ad
691 340 794 379 amorem
803 327 856 390 liei,

45 393 100 442 sicut
112 394 140 443 ad
154 392 241 457 finem,
256 401 280 445 et
291 396 399 448 similiter
415 397 564 448 dilectionem
578 398 680 449 omnium
699 399 797 451 aliarum
813 412 853 449 re-

46 478 104 514 rum:
114 465 178 516 etita
186 467 258 516 [lenm
267 467 379 530 diligebat
388 468 442 532 plus
451 468 520 532 qudm
530 468 641 533 seipsum,
653 474 677 519 et
686 470 852 534 superomnia.

45 534 83 585 Sed
95 536 118 585 in
132 540 194 587 statu
210 542 297 588 natura
308 544 437 603 dirrupta,
455 541 524 589 homo
539 539 567 589 ab
577 542 621 591 troc
636 540 712 591 deficit
724 540 851 591 secundum

48 607 166 672 appetitum
179 609 306 659 volontatis
317 610 452 671 rationalis,
463 624 515 673 qnae
528 614 620 675 propter
629 612 795 677 corruptionem
808 624 849 663 na-

47 684 96 730 turae
115 681 221 744 sequitur
240 682 326 731 bonum
339 682 468 746 privatum,
481 681 528 732 nisi
540 686 634 733 sanetur
643 696 683 747 per
694 684 788 746 gratiam
801 682 853 733 bei.

4 760 5 789 ³
47 754 70 801 lt
79 754 127 803 ideo
141 754 266 803 dicendum
275 757 324 815 est,
336 752 399 817 quod
412 755 483 805 bomo
495 755 519 803 in
532 758 593 805 statu
602 756 791 818 naturaeintegrae
805 767 851 805 non

47 824 156 887 indigebat
172 824 234 875 dono
249 825 328 887 gratie
346 825 501 890 superadditae
520 827 660 877 naturalibus
676 826 746 876 bonis
757 826 786 877 ad
801 824 853 875 dili-

48 896 140 956 gendum
154 896 227 947 Deum
241 897 378 947 naturaliter
392 910 461 962 super
474 898 566 959 omnia,
577 897 633 948 lictt
645 898 759 961 indigeret
768 895 854 947 anxilio

47 964 87 1013 llei
99 967 126 1015 ad
137 968 180 1017 boc
193 982 251 1018 enm
265 968 394 1032 monentis;
415 969 457 1019 sed
474 969 500 1019 in
517 972 576 1019 statu
590 974 677 1019 nature
692 971 803 1033 corruptae
816 968 853 1017 iu·

48 1036 106 1099 diget
113 1038 178 1091 bomo
189 1040 262 1090 etiam
274 1042 303 1091 ud
311 1042 358 1091 boe
370 1039 457 1092 anxilio
466 1040 553 1105 gratiae,
562 1044 666 1091 naturam
680 1040 792 1091 sanantis,

74 1110 106 1159 nd
126 1110 226 1174 primum
246 1123 302 1175 ergo
328 1112 467 1173 dicendum,
489 1111 551 1175 qubd
574 1112 673 1161 ebaritas
689 1112 762 1174 diligit
782 1101 860 1161 Deum*

44 1184 195 1244 superomnia
206 1182 351 1233 eminentids
359 1182 428 1247 qulm
438 1185 616 1246 natura3natura
627 1183 689 1233 eninr
698 1182 772 1244 diligit
780 1183 851 1232 mum

4 1286 5 1297 i
46 1266 108 1315 super
126 1255 219 1316 omnia,
236 1256 306 1318 prout
321 1259 358 1305 est
382 1254 521 1320 principium
544 1260 568 1306 et
585 1255 638 1305 linis
657 1254 766 1305 naturalis
781 1254 852 1316 boni3

44 1325 136 1376 chariton
154 1331 236 1376 autem
251 1325 379 1377 secundnm
391 1324 453 1389 qubd
470 1329 507 1376 est
520 1326 634 1390 objectum
647 1325 810 1386 beatitudinis,
830 1327 854 1375 et

45 1398 164 1448 secundnm
183 1397 248 1462 qubd
261 1400 331 1448 bomo
342 1398 413 1447 habet
430 1398 552 1461 quamdam
568 1399 700 1449 societatem
714 1396 855 1462 spiritualem

45 1482 90 1519 rum
108 1472 173 1533 lteo;
191 1469 257 1520 addit
274 1468 343 1519 etiam
358 1469 460 1519 charitas
477 1482 546 1533 super
563 1470 691 1519 naturalem
707 1468 856 1519 dilectionem

45 1540 90 1599 bei,
105 1540 316 1605 promptitudinem
327 1541 451 1605 qnamdam
462 1544 485 1590 et
496 1540 668 1591 delectationem
676 1578 683 1603 ,
691 1539 751 1590 sicut
761 1538 853 1590 babitus

43 1613 134 1674 quilibet
158 1612 256 1663 virtutis
277 1612 339 1662 addit
356 1624 427 1675 supra
447 1615 522 1661 actum
539 1612 639 1675 bonnm,
659 1611 700 1675 qui
716 1611 742 1661 nt
759 1624 789 1662 er
806 1610 854 1662 sola

44 1685 133 1735 naturali
147 1684 241 1735 ratione
261 1684 363 1734 hominis
380 1684 475 1733 uirtutis
492 1684 593 1733 habitum
612 1697 659 1734 non
677 1682 793 1734 habentis.

73 1758 105 1806 ,ld
121 1757 255 1807 secundnm
277 1755 416 1818 dicendum,
435 1753 566 1817 quodcum
587 1755 669 1805 uicitm
689 1754 750 1817 qnod
770 1770 783 1800 n
795 1753 855 1803 nulla

48 1838 119 1880 nutura
129 1834 210 1895 potest
220 1842 293 1891 supra
304 1828 420 1893 seipsam,
430 1844 444 1875 u
455 1840 502 1879 non
510 1832 545 1878 est
553 1827 724 1890 intelligendum
734 1824 794 1890 qubd
805 1838 854 1876 non

49 1902 112 1962 possit
124 1901 180 1951 terri
193 1901 219 1949 in
232 1899 325 1963 aliquod
334 1900 453 1963 objectum
464 1900 525 1961 quod
534 1902 569 1949 est
578 1912 646 1962 supra
657 1912 695 1960 se3
705 1897 851 1948 manifestum
864 1930 871 1937 ·

47 1977 76 2021 est
89 1974 153 2022 enim
166 1970 234 2035 qnod
249 1970 380 2020 intellectos
395 1972 473 2020 noster
483 1969 581 2019 naturali
595 1968 723 2031 cognitione
734 1970 767 2032 (l)
780 1969 855 2032 potest

48 2043 116 2105 aliqua
124 2054 271 2107 cognoscere
280 2054 331 2104 qna
344 2044 398 2091 sunt
410 2052 480 2103 sopra
489 2040 600 2104 seipsum,
611 2044 636 2089 ut
645 2043 709 2103 patet
719 2039 744 2088 in
756 2038 854 2089 naturali

50 2116 175 2177 cognitione
189 2114 242 2165 llai.
257 2114 301 2164 Sed
316 2114 373 2163 illud
384 2112 560 2175 intelligendum
576 2114 625 2175 est,
636 2110 697 2174 qnod
711 2112 793 2161 natura
809 2122 856 2160 non

47 2192 116 2248 potest
133 2187 190 2238 terri
207 2188 233 2236 in
246 2189 330 2236 actum
342 2183 491 2235 excedentem
505 2182 673 2248 proportionem
686 2197 733 2234 suae
751 2181 851 2232 uirtutis.

50 2260 106 2310 Talis
123 2266 205 2312 antem
222 2262 289 2309 actus
304 2272 352 2309 non
371 2262 409 2307 eat
424 2255 518 2319 diligere
534 2256 606 2306 lteum
621 2268 691 2319 super
705 2254 798 2316 omnia3
811 2254 857 2304 boc

48 2333 105 2382 enim
120 2336 157 2383 est
171 2330 279 2382 naturale
295 2328 391 2380 cuilibet
405 2329 493 2377 naturae
511 2330 606 2389 create,
621 2330 648 2376 nt
666 2325 800 2377 dictumest
814 2323 858 2389 (in

4 2482 5 2487 Ἰ
46 2418 110 2469 corp.
124 2405 200 2469 art).

79 2522 109 2585 (l)
124 2526 154 2571 Ut
168 2522 290 2582 signidem
302 2522 447 2579 Apostolus,
460 2518 512 2565 edm
525 2518 557 2564 ed
570 2520 651 2567 nom..
665 2519 693 2573 l,
710 2528 771 2561 vera.
789 2514 820 2560 1⁹
832 2527 858 2562 ac

48 2588 167 2645 deinceps:
182 2586 212 2633 lcl
223 2585 290 2645 quod
299 2590 334 2631 eat
345 2589 433 2630 notum
442 2582 488 2627 Det
503 2580 564 2640 (siue
574 2580 734 2638 cognoscibile
745 2579 773 2623 de
783 2576 845 2637 Deo)
851 2613 858 2636 ,

47 2652 198 2709 monitantem
211 2650 243 2693 in
257 2647 402 2693 bominibus
416 2646 497 2700 etiam,
506 2643 636 2689 infidelibus
648 2654 702 2688 esse
714 2641 786 2697 dicit,
802 2642 857 2697 qula

48 2712 182 2758 inuisibilia
197 2711 245 2757 Dei
263 2722 311 2769 por
329 2723 357 2755 eu
375 2707 430 2767 puta
448 2706 514 2766 facto
528 2710 587 2751 eunt
600 2705 638 2763 [id
651 2709 687 2749 est
700 2716 730 2748 ex
749 2704 859 2757 operibus

48 2773 106 2833 ejus)
125 2774 254 2821 intellecto
273 2773 469 2831 comperiuntur
498 2773 519 2815 ot
540 2769 686 2826 sempiterno
705 2765 858 2822 virtusejus

48 2850 71 2879 oe
85 2836 218 2891 dtatanos,·
234 2837 273 2880 ito
291 2841 319 2881 ut
331 2836 385 2880 sint
405 2829 609 2880 inexcusabiles,
623 2830 683 2887 quia
697 2828 754 2873 edam
767 2835 859 2882 cogno-

49 2901 129 2949 cirmt
141 2900 237 2954 Deum,
253 2908 305 2945 non
316 2899 384 2946 aiunt
396 2892 474 2944 deon
485 2893 708 2963 glorificaverant,
720 2893 765 2935 etc.
