1992 3317
163 88 210 136 892
284 99 391 137 ssenrnr
407 97 536 148 mannus,
549 99 641 144 qussr.
658 99 715 148 uxr,
731 100 787 137 aar.
803 97 837 132 ru.

193 170 227 220 ld
248 169 345 234 priorum
363 183 416 234 crgo
436 169 645 233 dicendum,un
664 170 735 220 homo
751 171 794 232 qui
807 168 903 220 anunm
915 183 950 232 pc·

162 243 247 292 testate
264 241 307 292 sili
320 239 386 300 dati,
399 242 559 290 mereturoam
575 239 680 291 amittere
694 240 744 304 (nt
761 254 815 306 rap.
837 242 950 293 laomor,
967 272 969 305 ;

163 312 258 362 Extra.
268 311 300 362 de
310 309 463 376 prdotleqiic.
477 310 584 371 dicitnr).
596 312 627 360 Εἰ
641 312 693 375 idcq
710 313 780 363 nomo
797 311 839 376 qui
850 312 951 374 peccand
967 310 969 335 ²

163 384 247 434 abusus
259 385 295 434 est
304 382 375 432 libero
393 396 436 433 usu
446 395 539 432 suorum
552 383 714 446 membromm,
729 383 915 436 conveniensem
924 382 950 431 iu·

167 453 326 506 carcerationis
338 453 441 504 materia.

194 527 229 576 ld
242 527 366 578 secundum
380 526 514 588 dicendum,
527 525 589 589 qodd
600 527 661 576 neus
673 527 829 589 quaudoque,
841 526 949 578 secundini

166 599 267 650 ordinem
277 610 326 648 sna
337 597 466 662 sapientia,
475 601 606 661 peccatores
614 596 716 659 cohibet,
725 610 755 648 ue
771 598 867 660 possint
875 604 949 662 pecua
967 624 969 667 1

166 671 273 734 implere,
284 669 411 722 secundum
424 670 480 719 illud
492 669 553 726 tob,
573 671 611 719 V:
628 669 801 734 «Quidissipat
819 670 950 734 cogitatione
967 674 969 677 “

165 741 329 804 malignorum,
343 754 373 792 ne
390 741 480 806 possint
500 739 594 804 implere
613 752 695 790 manus
712 754 794 791 eornm
811 743 876 805 quod
892 753 950 804 coepr·

164 816 223 864 rant.
240 813 405 877 »Quandoque
421 811 476 864 sord
488 824 529 863 cos
549 811 660 875 permittit
679 813 741 875 quod
759 813 882 863 noluerint
893 825 950 874 agere.
967 826 969 831 ·

165 885 194 936 Et
211 883 315 934 similitm
327 881 450 934 secundnm
467 885 592 935 humanam
608 882 721 947 justitiam
736 895 785 933 nou
804 897 852 947 pro
871 883 951 948 quelle

166 956 347 1020 culpalromlues
359 956 536 1017 incarcerantur,
555 955 595 1004 sed
612 967 653 1018 pro
669 953 796 1016 aliquibus.
967 992 969 1025 5

197 1028 231 1078 ld
241 1027 332 1078 tertium
347 1025 474 1087 dicendum,
484 1025 545 1089 qudd
560 1024 662 1076 detinere
674 1024 793 1075 hominem
808 1025 841 1077 nd
850 1024 951 1078 luoranrl

167 1099 242 1163 aliquo
258 1112 327 1163 opere
349 1097 426 1148 illicito
444 1097 522 1148 statim
534 1097 699 1162 perpetrando,
711 1096 811 1147 cuilibet
828 1098 899 1160 licet,
910 1097 969 1147 simt-

167 1170 219 1221 cnm
237 1169 318 1234 aliquis
335 1169 421 1220 detinet
439 1169 535 1232 aliquem
549 1180 579 1219 ne
592 1181 619 1218 se
637 1167 778 1231 praecipitet,
792 1168 834 1219 vel
856 1181 888 1220 ne
902 1168 953 1217 adun

167 1241 241 1292 leniet.
257 1241 301 1291 Sed
318 1240 452 1304 simpliciter
469 1239 567 1303 aliquem
585 1238 699 1290 includere
716 1237 753 1288 rel
767 1237 862 1305 ligure,
876 1241 904 1290 ad
916 1251 953 1289 eun

166 1311 240 1362 solum
252 1311 350 1374 pertinet
361 1311 400 1374 qui
415 1311 483 1362 habet
495 1311 618 1374 disponere
627 1309 787 1360 uniuersaliter
802 1311 835 1362 do
849 1312 929 1362 aetidm
938 1320 952 1357 c

166 1381 213 1430 vita
228 1380 330 1443 alterius3
345 1383 399 1444 quia
412 1395 452 1446 per
465 1383 510 1433 hoc
530 1382 653 1445 impeditur
669 1394 716 1433 non
730 1379 837 1434 solumi
852 1383 916 1433 malis
929 1381 953 1429 tr-

167 1451 272 1515 ciendis,
291 1455 332 1504 aad
345 1453 415 1504 etiam
429 1453 443 1504 l
455 1453 521 1504 bouis
533 1453 637 1516 agendis.

457 1632 619 1683 ARTICULUS
633 1625 673 1683 IV.
967 1560 969 1651 l

170 1763 255 1810 {iterim
271 1765 391 1822 peccatum
408 1765 524 1819 precetur
542 1774 571 1806 es
593 1761 636 1805 doc
655 1762 719 1818 chd
735 1763 859 1818 pradictus
876 1761 969 1827 waning

292 1826 432 1879 coronetur
447 1825 475 1869 irs
487 1835 600 1881 personas
613 1825 671 1869 odiis
681 1825 835 1880 conjunctus,
967 1836 969 1853 ¹

201 1957 235 2007 ld
252 1959 355 2020 quartum
379 1955 412 2006 sic
433 1955 574 2019 proceditur.
588 1954 683 2004 Videtur
702 1954 764 2017 qodd
783 1961 905 2020 peccatum
922 1966 954 2002 nn

172 2030 305 2090 aggravetur
311 2041 340 2077 ex
346 2028 391 2078 hoc
399 2025 460 2090 qndd
468 2025 580 2091 predicta
589 2022 679 2090 injuria
686 2025 817 2076 inferuntur
829 2028 855 2078 in
864 2037 954 2092 persone«
967 2070 969 2073 ,

171 2097 223 2146 aliis
233 2098 372 2161 conjunctas.
381 2097 517 2162 Hujusmcdi
525 2096 586 2147 eninr
598 2095 687 2160 iniurlae
696 2097 783 2148 lacent
792 2099 907 2150 rationem
914 2108 954 2160 pn·
967 2122 969 2151 :

171 2167 306 2231 cuti‚prcut
315 2172 475 2220 nocumentum
484 2168 553 2218 alicui
560 2167 742 2220 inferturcontra
750 2168 805 2231 ejus
818 2170 953 2220 uoluntatem.
967 2216 969 2229 ¹

169 2240 215 2290 Sed
224 2238 297 2302 magis
306 2242 342 2290 est
355 2243 433 2290 contra
445 2239 544 2290 hominis
555 2241 694 2290 uoluntatem
706 2239 792 2290 malum
802 2243 866 2304 quod
880 2241 905 2290 iu
913 2250 954 2302 pm
967 2242 969 2279 ἱ

169 2309 242 2373 priam
252 2322 372 2373 personam
381 2309 488 2370 infertur,
494 2310 562 2375 quim
569 2312 630 2375 qnod
640 2311 735 2362 iutertm
746 2311 773 2360 in
782 2325 905 2374 personam
914 2321 954 2358 con·

170 2382 281 2444 junctam.
290 2380 440 2445 Erqoinjnria
451 2381 513 2433 illata
522 2381 674 2445 inpersouam
681 2383 830 2446 conjunctam
837 2387 875 2434 est
883 2382 952 2432 minor.
967 2444 969 2447 Ι

200 2456 223 2502 i.
241 2453 370 2514 Praeterea,
383 2451 408 2502 in
422 2465 485 2502 sacra
505 2453 620 2517 Scriptura
636 2451 751 2516 precipue
768 2454 954 2517 reprelreudnntut

117 2523 120 2532 '
170 2523 210 2586 qui
226 2522 317 2586 pupillis
330 2526 353 2574 et
367 2524 443 2574 viduis
459 2523 554 2587 injurias
565 2524 675 2575 inserunt.
689 2525 754 2575 Unde
762 2524 849 2575 dicitur
862 2523 947 2576 Erotes.

169 2595 249 2646 XXXV
262 2609 267 2643 ι
282 2611 296 2642 n
305 2595 356 2644 Non
366 2595 477 2658 despiciet
485 2608 564 2658 preces
572 2595 661 2660 pupilli,
673 2607 717 2646 nec
723 2595 826 2657 viduam,
837 2595 860 2646 si
868 2594 954 2646 ellundt

170 2663 281 2726 loquelam
295 2664 400 2727 gemitis.
414 2681 428 2712 n
444 2667 488 2716 Sed
501 2666 570 2716 uidua
587 2671 611 2716 et
623 2666 722 2730 pupillus
734 2679 781 2716 non
796 2671 852 2717 sunt
865 2675 951 2731 persam

171 2734 221 2783 aliis
235 2737 369 2798 conjuncte.
393 2736 452 2799 Ergo
468 2750 498 2788 ox
516 2738 561 2788 lrcc
577 2737 637 2800 qudd
657 2737 754 2791 infertur
766 2738 851 2803 injuria
866 2748 955 2803 personx

170 2803 298 2865 conjunctis
312 2817 358 2856 non
369 2811 505 2870 aggravatur
517 2813 643 2872 peecatum.
