1992 3317
128 162 173 206 93⁰
248 172 356 216 securos
370 172 501 220 sueonum,
515 173 606 216 eumer.
621 173 692 221 unx,
708 176 766 212 aur.
784 176 813 211 rr.

127 247 209 310 recipit
220 247 234 296 ι
247 248 335 310 legibue
353 247 513 312 muriculam,
528 254 554 301 ut
563 251 660 301 laberer
673 252 704 313 ll,
722 264 765 314 qu.
783 250 888 316 3(cap.
904 255 930 302 Si

127 334 202 382 quem
212 357 221 378 ,
233 323 260 370 ut
270 319 319 384 jam
337 317 424 383 suprlt.
439 321 490 370 Nou
510 325 587 372 auteur
600 322 727 385 imponitur
740 335 813 385 poena
831 329 932 374 aecusuo

128 404 169 452 pro
180 392 224 441 froc
234 391 354 455 quodcum
366 395 498 442 accusatore
507 393 609 444 colludit.
622 395 682 456 Ergo
690 393 786 444 ridetur
795 394 933 458 quodliceat

128 466 234 512 accusato
249 462 390 513 calumniose
404 475 428 512 se
444 463 576 515 defendere.

160 539 183 584 8.
198 537 325 594 Preterea,
340 533 468 592 Propero..
482 536 553 599 xlv,
567 536 648 586 dicitur
662 551 670 583 ι
685 552 700 584 u
716 536 819 600 Sapiens
832 538 900 589 timet
911 545 932 588 et

128 606 228 656 declinat
251 604 265 654 a
282 606 354 668 malo;
370 606 455 660 stultus
476 609 553 657 autem
577 606 676 656 transilit
693 610 719 658 et
737 609 846 658 matidii.
862 625 877 656 ι
891 611 931 660 Sed

129 676 183 728 illud
199 675 260 740 quod
273 676 299 726 nt
313 689 355 742 per
369 676 504 740 sapientiam
521 691 569 728 non
586 681 623 728 est
639 680 769 741 peccatum.
782 680 847 742 Ergo
859 680 881 731 ui
895 681 933 730 ali-

129 747 180 812 quis
192 746 385 812 mefitercumque
395 760 420 798 se
433 748 514 799 liberet
527 749 625 811 amalo,
642 763 691 800 non
705 752 796 813 peccat.

160 818 204 869 Sed
221 821 355 882 conlucet,
370 818 431 882 qudd
443 818 468 870 iu
479 833 548 870 rausa
560 819 672 870 criminali
679 821 844 885 juramentum
856 822 885 872 de
897 836 932 870 ca·

129 889 215 939 lumuia
230 893 267 940 eet
281 891 449 954 praestandum,
464 895 491 941 ut
512 891 610 942 hahetur
622 905 675 954 cap.
698 893 796 941 Ecetra.
813 893 849 942 de
856 894 934 957 juro-

130 963 212 1010 mento
223 960 366 1016 calumnie,
382 961 616 1025 lalcereutee;uuod
624 975 671 1012 uon
680 965 744 1012 esset
756 963 779 1012 si
792 963 931 1013 calumniose

130 1044 155 1082 se
166 1031 286 1084 defendere
295 1031 382 1083 liceret.
395 1033 454 1096 Ergo
467 1036 560 1084 nonest
572 1032 662 1084 licitum
671 1037 780 1084 accusato
793 1034 930 1086 calumniose

130 1116 156 1153 ee
170 1103 301 1156 defendere.
974 1158 976 1161 .

194 1175 451 1240 (concamio-Nou
464 1179 539 1239 potest
555 1189 608 1226 reus
620 1179 741 1226 accusatus
756 1176 887 1241 injudicio
898 1190 931 1226 ce
974 1164 976 1205 Ι

129 1245 241 1298 lumniosd
255 1259 281 1297 se
298 1246 433 1309 defendere,
448 1248 489 1298 sed
504 1250 581 1311 potest
592 1248 617 1297 iu
629 1247 665 1298 uis
678 1249 706 1297 ad
717 1261 771 1311 quae
782 1261 833 1298 nou
845 1252 933 1300 tenetur
974 1270 976 1275 ·

129 1319 274 1381 respondere,
285 1319 322 1369 rel
331 1318 451 1371 ueritatem
465 1320 593 1382 occultare,
602 1320 641 1370 rel
651 1321 728 1382 aliquo
737 1321 785 1371 alio
794 1321 867 1372 ruodo
875 1320 933 1386 Justd

130 1401 156 1439 se
169 1387 306 1452 defendere;
321 1390 384 1440 nullo
395 1395 471 1440 autem
479 1391 546 1440 modo
559 1389 583 1440 ei
593 1389 648 1440 licet
660 1391 698 1440 rel
708 1390 838 1442 falsitatem
851 1391 931 1448 dicere,
974 1374 976 1437 l

129 1459 167 1508 rel
176 1458 295 1509 veritatem
306 1473 373 1522 quaur
387 1461 491 1512 confiteri
504 1463 604 1522 tenetur,
614 1463 701 1526 tacere,
713 1461 752 1512 rel
764 1475 862 1526 quoquo
872 1462 934 1512 modo
974 1474 976 1477 ·

132 1529 247 1591 mentiri.)

161 1603 295 1666 Respondeo
305 1603 435 1665 dicendum,
447 1602 509 1666 qudd
520 1603 579 1654 eliud
589 1608 627 1654 est
637 1603 759 1653 veritatem
773 1606 863 1666 tacere,
874 1604 930 1654 alind

131 1676 167 1723 est
181 1671 303 1726 falsitatem
313 1686 450 1737 proponere.
463 1675 563 1732 Quorum
574 1674 677 1738 primum
686 1673 710 1721 iu
718 1673 799 1737 aliquo
807 1687 865 1723 casu
876 1674 933 1724 doec

132 1743 249 1794 nonenim
262 1743 346 1808 uliquis
359 1749 449 1795 tenetur
462 1757 554 1796 omnem
563 1743 682 1795 veritatem
690 1744 812 1805 confiteri,
825 1745 932 1796 sedillam
974 1808 976 1811 Ι

132 1813 204 1864 soldm
219 1827 287 1878 quam
306 1816 334 1865 ab
345 1827 372 1865 eo
385 1818 461 1880 potest
474 1817 497 1864 et
511 1816 579 1865 debet
593 1815 709 1878 requirere
723 1814 798 1878 judex
812 1815 934 1870 secundfam

131 1886 233 1938 ordinem
247 1887 319 1952 juris,
334 1887 390 1951 pull
405 1886 457 1936 odm
471 1887 592 1951 precessit
603 1881 697 1936 iufamia
715 1900 786 1950 super
805 1888 883 1952 aliquo
895 1886 933 1935 cri·
974 1890 976 1931 ἐ

131 1957 203 2018 mine,
214 1959 250 2008 vel
262 1959 336 2023 aliqua
351 1971 460 2036 expre'ssa
470 1957 557 2022 judicie
568 1961 739 2022 apparuerunt,
751 1960 791 2009 vel
805 1961 876 2010 etiam
886 1957 933 2008 ιιιιι
974 1972 976 2017 3

130 2029 247 2090 precessit
263 2029 364 2093 probatio
379 2029 513 2093 semiplena.
534 2029 663 2080 falsitatem
678 2033 757 2080 tamen
770 2044 899 2095 proponere
912 2029 933 2076 ιι
974 2054 976 2093 !

131 2099 194 2149 nullo
213 2113 267 2150 cusu
280 2100 332 2151 licet
351 2100 428 2151 alicui.
443 2101 476 2150 Ad
492 2101 513 2150 id
530 2105 605 2152 autem
619 2102 681 2164 quod
703 2101 796 2152 licitum
815 2107 853 2154 est
864 2106 935 2167 potest
974 2112 976 2121 ²

131 2169 213 2232 aliquis
226 2172 348 2234 procedere
361 2172 397 2222 rel
412 2185 454 2236 per
462 2172 511 2222 rias
524 2172 600 2223 licitas
614 2176 638 2222 et
651 2173 692 2222 lini
702 2173 796 2224 intento
809 2187 932 2226 aocomno-
974 2184 976 2187 ·

130 2240 184 2302 der,
195 2243 254 2304 qrrod
267 2242 367 2304 pertinet
382 2245 410 2294 ad
419 2243 562 2308 prudentiam
573 2245 628 2307 ;rel
638 2257 680 2306 per
690 2243 934 2307 aliquasrirsillidtas
974 2256 976 2313 3

130 2315 154 2361 et
172 2312 288 2376 proposito
304 2313 345 2362 lini
356 2314 504 2378 incongruas,
521 2317 581 2378 quod
593 2315 696 2379 pertinet
712 2315 741 2365 ad
751 2317 876 2379 astutiam,
887 2329 933 2378 que
974 2322 976 2365 ι

131 2388 250 2434 exercetur
270 2395 311 2448 per
331 2385 433 2436 fraudem
452 2390 476 2437 et
495 2386 588 2449 dolum,
607 2391 634 2436 ut
651 2401 681 2437 ex
701 2386 771 2450 suprl
789 2387 861 2438 dictis
875 2389 934 2451 patet
974 2372 976 2437 l

132 2458 182 2518 (qu.
193 2458 235 2514 ιιι,
248 2459 291 2504 art.
302 2458 316 2504 f
330 2460 353 2506 ef
365 2457 399 2518 5).
411 2459 512 2515 Quorum
521 2458 620 2521 primunr
629 2462 665 2508 est
675 2455 802 2522 laudabile,
813 2458 935 2510 secuudum
974 2460 976 2469 ²

131 2525 186 2578 rerd
199 2525 316 2578 vitiosum.
330 2527 434 2592 sicergo
451 2541 491 2580 reo
504 2529 545 2592 qui
560 2534 686 2592 accusatur,
700 2530 755 2580 licet
766 2543 793 2580 se
804 2531 933 2582 defendere.
974 2534 976 2549 ¹

131 2597 249 2648 veritatem
271 2599 404 2650 occultando
416 2614 485 2664 quarn
503 2601 607 2652 confiteri
623 2615 670 2655 uon
682 2604 783 2663 tenetur,
793 2615 838 2666 per
852 2602 934 2665 aliquos

132 2670 294 2720 convenientes
311 2671 408 2732 modos,
420 2672 476 2736 pura
489 2672 570 2722 sinon
582 2675 719 2738 respondeat
734 2674 763 2723 ad
778 2688 832 2737 quae
846 2685 937 2737 respon-

131 2735 185 2787 dere
205 2753 252 2789 nou
268 2744 375 2804 tenetur,
390 2743 435 2792 hoc
453 2746 529 2794 autem
544 2748 639 2794 nonest
654 2744 798 2795 calumniose
813 2759 840 2795 se
858 2743 934 2795 defen-

130 2805 198 2867 dere,
214 2810 254 2858 sed
274 2810 348 2872 magis
370 2813 497 2872 prudenter
513 2815 618 2864 eredere.
633 2817 684 2864 Nou
701 2823 779 2865 autern
793 2817 849 2867 licet
862 2816 886 2865 ei
902 2812 933 2861 vel

128 2873 250 2936 falsitatem
262 2879 345 2942 dicere,
360 2883 395 2929 rel
409 2883 528 2934 veritatem
543 2889 617 2935 tacere
632 2900 700 2948 quam
714 2885 820 2936 confiteri
838 2890 932 2938 tenetur,
