1992 3317
353 159 385 200 us
400 158 564 211 anapestus.
812 152 858 200 titt

4 281 5 302 ,
58 239 182 291 Doctrina
193 236 333 288 ctriotr'unu
344 236 407 302 (cap.
421 235 487 302 td):
504 234 567 286 «Illi
577 233 618 299 qni
630 237 685 286 suut
698 235 764 288 nobis
786 238 860 302 magis

4 315 6 410 y
57 309 188 376 mninncti,
198 308 263 373 quasi
274 310 369 374 quadam
381 313 441 360 sorte
451 309 518 359 nobis
531 307 633 370 obvenit,
643 310 668 357 ut
678 308 712 358 eis
722 308 793 372 magis
803 323 856 374 pro-

4 425 5 438 ,
57 383 134 434 uidere
148 381 273 432 debeamus
281 380 351 445 (lto
367 381 407 432 llst
419 385 496 432 tanuen
508 381 568 430 circa
585 380 629 430 boc
643 378 785 431 discretionis
796 380 857 432 ratio

56 455 202 518 adhibenda,
224 455 349 506 secundum
368 451 518 504 differentiam
535 450 715 517 conjunctionis,
733 454 757 502 et
776 452 861 504 saucti-

56 528 126 590 tatis,
145 531 169 577 et
190 525 302 576 utilitatis.
320 525 381 585 Nam
395 525 466 575 multo
479 522 598 587 sanctiori,
614 521 687 587 magis
709 522 859 588 iudlgentiam

56 598 170 664 patienti,
188 597 297 661 etmayis
310 597 361 647 utili
375 597 403 648 ad
417 609 537 647 commune
547 595 651 658 bonum,
665 600 699 646 est
711 596 784 660 magis
797 596 858 648 elee-

57 683 154 736 mosyna
175 670 248 720 danda
262 682 329 734 quam
350 681 453 734 persona
471 667 643 732 propinquiori,
658 667 756 720 manime
774 667 795 720 si
812 681 859 720 uon

57 742 87 792 sit
100 743 198 794 multum
216 740 350 804 conjuncta,
365 739 430 804 cujus
444 751 497 789 cura
516 737 621 802 specialis
633 737 700 790 nobis
719 753 767 790 non
782 739 858 790 immi·

57 817 123 876 ucat,
139 816 163 864 et
175 811 195 862 si
204 825 309 878 magnam
320 811 480 864 necessitatem
492 823 538 860 non
552 809 658 874 patiatur.

88 885 122 936 ld
136 883 235 948 primum
253 897 307 948 ergo
321 882 456 946 dicendum,
466 879 527 946 qubd
539 881 653 946 peccatori
667 893 714 933 nun
727 884 762 932 est
775 883 859 934 subse·

57 958 176 1020 utendum,
187 956 213 1006 in
226 959 335 1020 quantum
350 958 385 1006 est
398 958 514 1019 peccator,
529 953 552 1004 id
561 955 608 1018 est,
622 957 648 1004 ut
658 965 700 1018 per
709 954 754 1004 boc
767 954 793 1004 in
806 969 860 1019 pec·

58 1033 108 1082 cato
124 1029 241 1093 torcatum
259 1027 299 1080 sed
316 1028 464 1093 inquantum
478 1027 611 1091 homoest,
625 1025 649 1076 id
668 1026 703 1076 est
710 1061 721 1090 ,
734 1027 760 1076 nt
780 1029 860 1078 natura

58 1102 208 1154 sustentetur.
485 1149 490 1158 ,

89 1174 123 1222 lld
136 1171 262 1222 secundum
275 1167 412 1232 dicendum,
428 1169 488 1235 qudd
502 1183 561 1234 opus
574 1169 724 1235 eleemosyna
735 1167 763 1219 ad
775 1182 860 1220 merre-

57 1246 109 1298 dem
123 1241 280 1294 retributionis
298 1245 389 1294 emuna
404 1242 523 1308 dupliciter
534 1241 604 1293 ualet.
618 1241 668 1292 Uno
681 1239 774 1305 quidem
793 1241 861 1292 modo

57 1334 87 1372 ex
101 1318 180 1369 radice
194 1315 324 1381 charitatis;
336 1319 359 1368 el
374 1317 496 1367 secundum
509 1318 569 1377 boe,
583 1316 730 1381 eleemosyna
743 1319 778 1367 est
790 1315 859 1366 meri-

57 1389 117 1440 toria
129 1428 136 1450 ,
150 1393 218 1454 prout
233 1388 257 1438 in
270 1401 297 1439 ea
310 1391 413 1440 servatur
425 1387 480 1440 ordo
502 1387 632 1452 charitatis,
645 1388 769 1439 emendum
791 1401 860 1452 quem

57 1460 259 1528 propinquioribus
275 1459 348 1524 magis
365 1459 485 1524 providere
508 1460 632 1524 debemus,
656 1458 743 1509 ceteris
758 1459 859 1522 paribus.

58 1533 125 1584 Unde
143 1530 274 1584 Ambrosius
288 1531 342 1582 dicit
355 1530 379 1581 in
392 1533 401 1582 l
413 1533 450 1582 De
465 1531 566 1596 Officiis
577 1529 641 1596 (cap.
658 1530 701 1593 39)
716 1546 723 1580 ι
737 1544 752 1578 s
764 1530 805 1580 Est
822 1529 863 1580 illa

57 1605 177 1670 probanda
189 1603 322 1665 liberalitas,
336 1607 362 1654 ut
373 1602 488 1667 proximos
501 1601 618 1666 sanguinis
628 1601 663 1652 tui
676 1613 723 1652 non
738 1601 861 1664 despicias,

57 1676 79 1728 si
98 1689 166 1742 cgere
184 1688 315 1737 cognoscas.
330 1673 410 1726 ldelius
428 1677 462 1726 est
476 1673 540 1724 euim
555 1677 581 1723 nt
593 1673 644 1738 ipse
657 1671 781 1724 subvenias
798 1672 860 1734 tuis,

56 1745 143 1814 quribns
161 1748 234 1812 pudor
247 1750 283 1797 est
297 1745 325 1795 ab
345 1744 396 1796 aliis
413 1740 527 1809 sumptum
548 1745 680 1809 deposcere.
699 1759 713 1792 o
731 1741 781 1793 llio
794 1744 862 1793 modo

56 1819 120 1870 valet
141 1818 286 1884 eleemosyna
301 1815 329 1868 ad
345 1815 516 1867 retributionem
536 1815 589 1866 uite
604 1817 710 1875 eterne,
732 1825 761 1863 ex
781 1813 862 1865 merito

56 1891 109 1956 ejus
123 1890 161 1941 cui
176 1890 279 1951 donatur,
294 1888 334 1954 qui
348 1892 397 1940 orat
411 1901 454 1952 pro
472 1900 500 1937 co
513 1885 553 1951 qui
566 1885 735 1950 eleemosynam
747 1883 817 1936 dedit.
832 1885 862 1936 Et

57 1963 187 2016 secundum
198 1963 243 2013 boo
256 1959 355 2026 loquitur
373 1959 404 2011 ibi
420 1959 568 2024 Augustinus.

89 2035 124 2085 Ad
138 2033 230 2084 tertium
241 2031 371 2094 dicendum,
381 2029 441 2096 qubd
454 2029 505 2081 cium
514 2031 659 2095 eleemosyna
671 2028 701 2080 sit
717 2042 775 2095 opus
790 2029 860 2081 misc·

55 2105 177 2170 ricordia,
191 2105 250 2156 siem
267 2104 419 2156 misericordia
436 2117 482 2154 non
496 2108 532 2154 est
543 2102 635 2168 proprie
648 2104 676 2153 ad
689 2102 790 2168 seipsum
800 2141 807 2164 ,
819 2103 860 2154 sed

55 2194 98 2246 pcr
108 2177 230 2244 quamdam
239 2175 423 2240 similitudinem,
432 2177 458 2226 ut
466 2175 627 2240 supradictum
636 2177 670 2226 est
680 2175 725 2239 (t),
735 2174 767 2224 ita
778 2174 857 2238 otiam,

55 2247 150 2318 proprib
163 2249 286 2314 loquendo,
298 2247 373 2298 nullus
387 2247 431 2298 sibi
442 2249 609 2314 eleemosynam
622 2246 693 2309 tacit,
703 2245 749 2298 nisl
757 2244 817 2296 lomb
831 2259 861 2295 ex

54 2333 158 2390 persona
171 2319 277 2385 alterius,
288 2317 343 2383 publ
354 2331 403 2368 cum
416 2318 495 2383 aliquis
508 2317 637 2372 distributor
649 2317 743 2384 ponitur
754 2317 857 2368 elecmo-

55 2406 183 2461 synarum,
194 2393 269 2456 potest
280 2393 304 2441 et
317 2389 367 2458 ipse
380 2389 423 2442 sibi
437 2389 553 2456 accipere,
568 2385 590 2440 'si
605 2389 725 2454 lndigcut‚
740 2399 767 2438 eo
779 2389 860 2438 tenore

55 2478 103 2530 quo
118 2466 143 2515 et
157 2461 208 2514 aliis
220 2461 343 2514 ministrat.

90 2615 126 2682 (l)
139 2619 219 2674 onom
235 2618 412 2680 aequivalentem
429 2628 537 2675 sensum,
557 2629 605 2662 uon
625 2615 702 2674 quoad
717 2616 789 2662 verba
805 2626 858 2672 qum

56 2682 167 2742 superius
185 2693 214 2728 ex
233 2691 261 2728 eo
278 2681 329 2726 loco
348 2679 421 2726 relata
437 2685 491 2726 sunt
503 2678 630 2738 elegantius
643 2685 667 2725 et
681 2679 780 2737 plonius.
818 2721 822 2728 ,

90 2751 124 2820 (2)
139 2757 224 2810 Quest.
236 2752 343 2802 nimirum
353 2751 392 2814 30,
404 2757 449 2798 art.
461 2751 484 2812 1,
496 2751 525 2798 ad
534 2750 558 2811 Ξ,
568 2751 609 2798 ubi
619 2751 709 2811 plenius
718 2750 854 2810 explicatur.
