1992 3317
138 149 183 193 28⁰
253 157 506 203 supersistentiam,
524 157 614 199 onnsr.
634 156 688 199 rav,
706 157 761 191 aar.
779 156 813 191 ιιι.

137 232 175 283 lib.
192 234 227 281 lte
240 232 321 281 uerbis
334 231 436 281 Domini
447 232 455 293 (
466 243 535 279 serm.
547 233 575 278 tl
585 234 594 290 l
606 246 612 279 :
625 231 679 279 ulte
693 230 755 280 nullo
766 230 935 293 desperandum

137 308 173 352 est
184 302 292 365 quamdin
304 299 411 365 patientia
425 300 515 351 Domini
527 300 556 349 ad
568 299 727 363 proemtentiam
740 312 793 351 enm
804 300 907 350 adducit.
922 319 936 347 »

138 374 181 422 Sed
202 372 221 421 si
234 372 326 435 aliquod
344 374 461 434 peecatum
475 374 537 421 esset
550 371 719 432 irremissibile,
735 374 797 421 esset
810 372 840 420 de
860 371 939 434 aliquo

138 446 254 505 peccatore
273 442 445 505 desperandum.
465 442 525 504 Ergo
542 447 659 505 peecatum
677 441 701 491 in
710 441 817 504 Spiritum
833 446 939 492 sanetum

138 526 184 563 non
197 514 233 561 est
246 510 408 561 irremissibile.
490 542 492 545 -

169 586 192 631 2.
208 584 334 642 Praeterea,
346 582 432 633 nullum
447 585 564 645 peecatum
578 582 702 632 remittitur
713 582 758 631 nisi
770 594 811 645 per
822 583 867 633 boo
877 584 939 645 qued

138 653 213 703 anima
232 656 323 703 sanatur
336 652 349 701 lt
362 654 417 703 beo.
434 653 475 702 Sed
494 652 672 717 «omnipotenti
685 652 772 703 medion
783 652 860 701 ndlns
874 652 940 702 insa-

138 723 219 774 nabilis
228 724 321 786 languor
331 724 435 784 omurrrit,
445 740 459 771 a
468 722 527 773 siout
536 724 593 773 dieit
601 724 681 774 Glossa
694 737 763 787 snper
772 722 827 772 illud
837 724 938 773 Psalm.

139 796 175 845 tlt
190 810 196 843 :
213 812 226 842 n
241 795 284 855 Qut
303 800 368 845 sanat
381 808 459 845 ornnes
479 794 621 845 infirmitates
637 798 698 844 tuas.
716 794 804 855 »Ergo
819 798 941 855 peecatum

138 866 163 915 in
176 864 284 929 Spiritum
301 869 402 916 sunctum
417 878 462 915 non
479 867 516 915 est
530 864 694 915 irremissibile.

172 942 194 985 a.
212 938 335 999 preterea,
350 936 446 987 liberum
461 936 577 987 arbitrium
591 950 616 987 se
629 937 697 987 babet
707 935 735 985 ud
747 934 832 988 bonnm
846 940 872 986 et
889 950 941 985 rna-

139 1008 196 1057 lnm.
211 1008 257 1058 Sed
276 1007 382 1071 quamdin
398 1008 463 1057 durat
477 1009 550 1056 status
561 1007 618 1067 viae,
634 1005 943 1072 potestatiquisbqnaoum-

139 1092 183 1142 que
199 1079 283 1129 virtute
298 1078 418 1139 excidere,
433 1092 483 1127 ournr
497 1077 566 1127 etiam
582 1080 681 1141 Angelus
698 1078 726 1127 de
737 1077 795 1127 ooelo
807 1077 919 1129 ceciderit
935 1095 940 1125 :

140 1153 200 1201 nude
212 1150 294 1199 dicitur
315 1148 375 1207 dod,
385 1150 414 1199 lV
431 1164 436 1197 ι
452 1166 465 1197 u
475 1150 499 1197 ln
519 1150 612 1213 Angelis
630 1149 677 1199 suis
688 1147 771 1211 reperit
784 1148 924 1212 pravitatem
932 1187 941 1212 ‚

140 1226 225 1283 quanto
238 1220 310 1281 magis
324 1218 362 1281 qni
378 1218 482 1269 babitunt
496 1221 575 1271 domos
588 1220 675 1270 luteast
690 1235 705 1266 a
719 1219 778 1282 Ergo
789 1219 841 1283 pari
853 1220 943 1271 ratione

139 1296 215 1353 potest
228 1289 308 1353 aliquis
324 1302 336 1337 a
352 1302 493 1353 quocumque
506 1295 600 1355 peceato
609 1292 637 1340 ad
649 1294 731 1341 statum
747 1290 844 1353 justitie
857 1291 943 1341 redire.

140 1364 200 1423 Ergo
219 1366 335 1425 peceatum
352 1360 376 1411 in
391 1362 502 1426 Spiritum
517 1368 620 1413 sanetum
634 1377 681 1413 non
696 1367 733 1412 eet
744 1362 914 1413 irremissibile.

170 1434 213 1482 Sed
231 1436 306 1483 eontra
322 1436 373 1495 est,
387 1434 448 1496 quod
470 1433 553 1501 dieitur
566 1434 665 1491 nuato„
684 1435 725 1484 llll
743 1448 749 1481 ε
767 1432 838 1491 «Qui
857 1433 946 1484 dixerit

138 1504 232 1553 verbnm
245 1507 321 1553 eontra
335 1504 442 1567 Spiritum
457 1508 574 1567 sanetum,
584 1518 631 1555 non
646 1504 809 1554 remitteturei
827 1517 905 1565 neque
918 1505 945 1555 in

138 1574 182 1623 boe
193 1576 288 1637 suonlo,
303 1587 376 1637 neque
390 1573 414 1623 in
427 1576 511 1624 tuturo.
526 1592 540 1621 u
553 1576 581 1624 Et
595 1574 734 1637 Augustinus
744 1572 800 1623 dicit
812 1574 837 1623 in
851 1573 891 1624 lib.
905 1576 946 1624 De

139 1658 214 1694 serm.
231 1646 305 1693 Dom.
323 1646 348 1693 in
364 1646 454 1705 emole,
471 1644 529 1707 (ubi
541 1644 609 1709 suprd
621 1643 631 1708 )
641 1644 701 1707 qnod
718 1647 811 1695 «tanta
825 1649 863 1695 est
879 1646 945 1697 labes

141 1714 944 1780 bnjnspeooati,quddbumilitatemdeprecandisnbirenonpotest.u
989 1737 991 1740 ·

175 1788 333 1847 (Coumusro.
344 1812 375 1823 -
384 1787 506 1837 Peomtnm
516 1784 541 1835 in
552 1786 660 1849 Spiritum
674 1788 776 1835 sanctum
786 1789 822 1836 est
838 1785 944 1837 irremis-

142 1857 221 1916 sibile,
232 1857 268 1907 vel
281 1856 334 1919 quio
344 1860 396 1920 post
405 1857 464 1907 bano
474 1854 545 1906 uitam
555 1856 660 1907 nullaest
673 1855 822 1920 penitentia,
841 1858 879 1907 vel
890 1856 945 1908 ideo
989 1863 991 1926 ξ

143 1930 177 1977 ost
190 1926 344 1977 irremissibile
358 1928 411 1991 quia
422 1940 449 1977 ea
461 1932 552 1983 amovet
568 1941 609 1992 per
617 1942 669 1991 pun
680 1926 826 1977 remittuntur
836 1933 945 1989 peecata
989 1937 991 1978 t

143 1996 180 2045 uel
195 1998 248 2059 qnia
272 2011 302 2047 ex
320 2011 344 2047 se
358 2002 456 2047 meretur
474 2002 500 2047 ut
518 2012 565 2048 non
584 1998 721 2059 remittatur,
732 2010 784 2046 oum
802 2010 833 2047 ex
856 1998 946 2048 malitia
989 2023 991 2028 ·

143 2080 237 2129 peceare
248 2068 406 2129 gravissimum
418 2068 470 2131 sit.)

175 2138 308 2200 Respondeo
320 2138 453 2199 dicendum,
468 2136 527 2202 quito
542 2139 664 2189 seeundum
677 2138 781 2187 diuersos
795 2137 946 2201 acceptiones

143 2206 232 2269 peceati
248 2212 365 2270 peceatum
379 2210 403 2257 in
414 2210 526 2271 Spiritum
538 2214 641 2259 sanctum
653 2206 803 2259 diversimode
816 2208 944 2260 irremissi-

143 2276 188 2325 bile
205 2277 294 2327 dieitur.
309 2278 332 2329 Si
346 2280 406 2329 enirn
423 2280 510 2329 dicatur
531 2283 646 2343 peceatum
665 2279 690 2328 iu
708 2279 819 2341 Spiritum
838 2284 944 2329 sanetum

143 2346 216 2396 finalis
226 2348 407 2413 impoenitentia,
418 2350 452 2400 siu
461 2350 541 2401 dieitur
554 2350 721 2408 irremissibile,
737 2348 789 2411 quia
800 2349 865 2399 nullo
876 2351 946 2399 modo

143 2417 273 2484 remittitnr3
294 2423 409 2483 peecatum
429 2421 490 2471 enirn
512 2422 606 2472 mortale
626 2422 650 2469 in
665 2432 709 2483 quo
722 2420 790 2468 borno
811 2426 946 2483 perseuerat

142 2501 213 2553 usqne
228 2490 256 2539 od
270 2496 381 2551 mortem,
398 2492 450 2554 qnia
465 2492 487 2540 in
500 2494 543 2540 bue
556 2492 603 2541 vita
617 2504 663 2541 non
678 2490 799 2539 remittitur
815 2504 857 2553 per
870 2491 946 2554 poeni-

142 2560 250 2620 tentiam,
261 2574 303 2611 neo
314 2563 382 2611 etiam
390 2562 415 2611 in
426 2563 501 2613 loturo
514 2562 648 2612 dimittetur.
657 2561 785 2611 Secundum
798 2565 877 2610 auteur
889 2562 946 2611 alins

144 2630 198 2679 duras
215 2634 357 2695 acceptiones
377 2629 458 2683 dieitur
472 2634 641 2695 irremissibile,
654 2645 699 2683 non
717 2630 778 2695 qrtdd
793 2632 857 2681 nullo
879 2634 947 2683 anolo

144 2781 220 2829 sint..
230 2780 281 2826 dist.
294 2780 332 2838 to,
349 2786 391 2823 art.
402 2780 430 2833 d,
447 2786 470 2825 et
489 2780 564 2840 qu.3‚
582 2782 610 2825 de
629 2783 699 2839 molo,
715 2787 757 2824 nrt.
779 2751 808 2824 lt
824 2789 849 2827 et
865 2783 907 2836 15,
922 2790 945 2828 ol

146 2842 270 2899 Quodlid„
281 2844 317 2901 ll,
334 2855 373 2897 opu.
384 2842 407 2901 8,
422 2849 466 2887 art.
479 2842 501 2895 13
526 2850 548 2887 et
562 2844 593 2887 od
605 2844 751 2901 n0m.,xr1,
766 2843 823 2886 leet.
