1992 3317
85 184 893 332 captiosissimisrss’ffrffirarmapaaeaffl

86 342 243 406 Philosophus
252 340 306 392 inii
320 342 410 406 stet(
418 355 469 407 cap.
481 344 533 404 tt),
544 342 604 405 quod
615 346 753 394 aamawros
766 342 893 394 ipsomet

87 413 168 478 gloria
182 411 254 476 magis
266 413 376 464 invitent.
388 431 402 461 s
415 416 473 478 Ergo
486 414 631 466 insidiosos
643 418 680 466 est
692 413 773 464 ritirrm
782 413 892 479 ospitale.

122 489 146 534 ι.
158 482 279 546 Praeterea,
290 483 346 534 vitia
357 485 462 549 capitatia
479 485 585 537 vidertrrr
594 498 646 538 esse
659 485 757 547 teriora,
768 499 836 549 quam
849 485 895 536 alia

89 569 142 622 qrrae
157 568 187 606 es
199 556 235 606 eis
248 555 363 619 oriuntur,
384 555 440 608 dicit
452 559 515 608 enim
535 557 671 620 Gregorius,
685 559 759 610 xxxi
774 558 869 608 Morot.
884 573 890 607 :

91 645 107 678 a
122 628 198 678 Prima
214 627 269 677 vitia
285 629 385 692 derepta
396 627 485 690 menti,
499 629 565 692 quasi
585 630 627 680 arrh
638 629 736 692 quaram
749 629 852 690 ratione,
866 641 893 681 se

90 701 213 764 ingerunt3
228 699 269 750 sed
283 713 333 764 quo
347 703 488 764 sequuntur,
504 701 557 750 dum
570 703 671 751 merrtem
682 703 713 752 art
722 715 814 753 omnem
827 701 893 751 insa-

92 772 155 822 niam
164 773 305 836 pertrahunt,
316 771 381 835 quasi
391 771 481 822 bestiali
495 771 593 822 elamore
602 775 704 822 mertam
713 764 867 824 oooiinduot.
878 789 892 820 r>

92 845 141 897 sed
157 843 243 894 invidia
258 843 346 894 vitetur
367 851 417 893 esse
430 841 588 904 gravissimum
604 847 735 907 peoeatam3
752 844 809 894 dieit
826 845 888 895 onim
960 835 964 843 ’

91 914 232 978 Gregorius,
248 914 371 964 VMorol.
389 929 395 964 :
408 913 540 972 «Quamvis
548 927 589 978 per
597 928 666 965 omne
679 915 759 964 vitium
770 916 830 978 quod
840 929 893 979 per-

91 988 194 1052 petratur
203 1023 209 1046 ,
218 986 317 1036 lrumarro
332 986 393 1036 sordi
403 977 491 1048 antiqui
502 985 575 1036 hostis
587 985 649 1039 ritus
662 985 839 1049 infundatrrr,irr
849 989 894 1037 trae

91 1064 176 1110 tamer]v
191 1056 292 1120 nequitia
307 1059 355 1108 teta
374 1069 416 1108 sua
431 1055 522 1107 viscera
537 1069 630 1121 serpers
643 1057 759 1117 wnoutit,
773 1060 797 1108 et
814 1057 893 1120 impri-

91 1129 180 1180 mendae
197 1127 287 1181 matitia
298 1132 387 1194 pestem
400 1127 479 1178 vomit.
494 1144 509 1176 a
525 1130 585 1192 Ergo
597 1128 685 1180 iaridia
701 1141 747 1180 roo
761 1131 798 1179 est
810 1127 891 1180 ιίιιιιῐιι

89 1200 194 1264 raptate.
816 1251 823 1266 ,

52 1323 58 1334 ,
125 1277 148 1322 3.
167 1273 291 1334 Praeterea,
305 1270 395 1322 videtur
415 1271 477 1335 auid
495 1270 682 1323 irreoarerriorrter
696 1271 747 1334 eiras
764 1270 818 1322 tiliae
836 1273 894 1324 assi-

92 1345 192 1408 gnentur
206 1356 218 1391 a
232 1341 347 1406 Gregorio,
357 1343 429 1394 XXXI
440 1343 543 1403 Morot,
555 1342 593 1394 uti
602 1342 666 1396 dicit,
675 1341 736 1406 quod
746 1343 798 1393 ade
807 1342 895 1395 irrrirtia

92 1414 164 1465 oritur
175 1413 264 1475 odium,
281 1414 419 1474 susurratio,
432 1413 555 1476 detractio,
571 1414 680 1464 errrrltatie
690 1413 715 1464 io
727 1414 830 1466 adversis
841 1428 895 1478 pro-

93 1483 153 1536 ximi
173 1488 197 1535 et
214 1482 309 1536 afflietio
325 1485 348 1534 irr
367 1485 519 1550 prosperis.»
536 1484 652 1536 Exultatio
669 1485 732 1536 enim
746 1485 770 1534 in
791 1485 894 1535 adversis

92 1555 195 1622 proximi
211 1561 235 1606 et
254 1555 346 1608 afflictio
363 1557 387 1606 in
399 1557 523 1621 prosperis,
537 1556 758 1607 idemtideturesse
765 1559 826 1620 quod
833 1556 890 1606 iori-

93 1629 146 1688 dia,
161 1631 187 1678 ut
196 1641 223 1678 ex
233 1627 354 1692 promissis
367 1633 438 1693 petet.
455 1629 507 1680 Non
520 1628 627 1692 orgoista
641 1628 725 1678 dotem
737 1629 793 1692 poni
804 1631 829 1676 ut
843 1627 895 1680 tlte

60 1739 64 1743 ,
92 1698 198 1750 invidiae.

127 1771 172 1820 Sed
185 1773 261 1820 eontra
276 1775 311 1822 est
325 1771 449 1822 auotoritas
458 1769 576 1834 Gregorii,
586 1771 658 1822 xxxi
667 1769 771 1830 uror,
782 1769 822 1833 qai
831 1770 896 1835 ponit

92 1841 205 1894 inridiarrr
219 1841 299 1894 vitium
311 1842 422 1906 ospitale,
437 1845 460 1894 et
474 1843 497 1892 ei
513 1842 633 1906 praedictas
649 1842 706 1892 filias
720 1839 832 1902 assignat.

128 1914 289 1978 (Cosassro.
300 1914 429 1966 -lnvidiae
438 1919 557 1978 peraetam
568 1914 650 1964 vitiam
661 1912 757 1978 capitale
768 1915 817 1977 ost;
828 1913 895 1976 errjus

91 1985 148 2036 filiae
164 1988 216 2034 sunt
234 1983 322 2048 odium,
341 1986 478 2050 susurratio,
493 1985 616 2049 detractio,
629 1984 776 2036 exultatioirr
795 1982 897 2036 adversis
916 2028 919 2032 .

90 2053 208 2122 proximi,
220 2059 243 2106 et
257 2056 280 2106 io
295 2057 411 2121 prosperis
424 2056 540 2120 afflietio.)

126 2128 264 2192 Respondeo
276 2128 409 2191 dicendum,
419 2129 481 2194 quod
492 2129 550 2180 sieut
559 2129 636 2179 aoedia
644 2138 680 2180 est
690 2127 784 2180 tristitia
795 2129 824 2179 rto
837 2129 896 2179 bore

92 2199 210 2266 spirituali
229 2199 324 2262 tiviro,
339 2201 371 2252 ita
385 2201 478 2252 insidia
498 2204 532 2253 est
553 2200 647 2250 tristitia
665 2201 771 2252 debono
788 2200 895 2264 proximi.

91 2273 185 2324 Dictum
197 2274 232 2322 ast
242 2274 319 2324 auwor
327 2271 394 2336 supri
405 2273 493 2338 (praest.
505 2277 544 2334 39,
554 2275 598 2322 art.
610 2272 634 2336 t)
645 2272 745 2324 acediam
755 2285 807 2323 essa
815 2271 896 2327 vitium

91 2342 193 2410 ospitale
207 2355 235 2393 ea
249 2342 348 2405 ratione,
361 2345 413 2408 quia
427 2359 456 2395 es
470 2344 550 2396 aoedia
560 2345 628 2395 homo
645 2341 807 2407 impertituros
821 2341 897 2408 atiqrra

90 2415 199 2468 facienda
216 2415 254 2466 vel
271 2418 295 2464 ut
308 2415 381 2480 fugiat
402 2415 623 2478 tristitiam,relr1t
642 2413 741 2464 tristitia
760 2412 894 2464 missetat.

92 2487 161 2538 Urrde
173 2486 253 2536 eadem
266 2485 353 2538 ratione
367 2485 454 2538 invitia
466 2487 559 2552 ponitur
571 2485 653 2537 vitiam
663 2485 769 2548 capitata.

126 2557 162 2608 Ad
181 2557 281 2621 primum
293 2571 347 2622 orgo
360 2558 500 2622 dicendum,
513 2556 576 2622 quot
591 2556 653 2608 siout
670 2556 790 2620 Gregorius
802 2556 859 2607 dicit
872 2555 896 2606 in

92 2629 168 2682 xxxi
180 2628 286 2688 Morot,
307 2647 320 2678 a
333 2630 443 2694 Capitalia
454 2629 511 2680 vitia
524 2629 642 2683 mauriti
655 2628 790 2693 cognatiora
800 2628 897 2690 sorian-

90 2704 225 2766 gunterio
239 2713 283 2750 non
301 2701 346 2753 nisi
360 2716 430 2754 urum
445 2703 473 2754 de
483 2703 554 2754 attero
564 2701 700 2766 proteratur.
713 2699 789 2750 Priore
798 2711 897 2760 nonqoe

92 2771 209 2837 superbiae
221 2771 309 2822 soboles
316 2772 392 2824 inanis
403 2777 439 2824 est
448 2774 528 2838 gloria,
536 2787 587 2837 qus
595 2775 650 2823 dom
657 2782 790 2836 oppressam
798 2771 896 2818 masten

91 2842 234 2908 corrumpit,
250 2855 302 2894 mox
317 2843 425 2894 invidiam
437 2844 525 2910 gignit,
539 2845 596 2910 qrria
607 2844 662 2896 dum
675 2841 730 2892 sarri
745 2838 845 2892 nominis
856 2852 900 2903 po·

91 2913 192 2970 tentiam
202 2913 296 2981 appetit,
310 2929 341 2971 pe
353 2917 547 2982 prrieirarroaias
558 2915 653 2983 adipsci
665 2909 869 2996 ralet,tatroseit.
882 2926 896 2957 »
