<?xml version="1.0" encoding="UTF-8"?>
<!DOCTYPE html PUBLIC "-//W3C//DTD XHTML 1.0 Transitional//EN"
    "http://www.w3.org/TR/xhtml1/DTD/xhtml1-transitional.dtd">
<html xmlns="http://www.w3.org/1999/xhtml" xml:lang="en" lang="en">
 <head>
  <title>
</title>
<meta http-equiv="Content-Type" content="text/html;charset=utf-8" />
  <meta name='ocr-system' content='tesseract 3.04.00' />
  <meta name='ocr-capabilities' content='ocr_page ocr_carea ocr_par ocr_line ocrx_word'/>
</head>
<body>
  <div class='ocr_page' id='page_1' title='image "./summatheologica03nicogoog_0524.png"; bbox 0 0 1992 3317; ppageno 0'>
   <div class='ocr_carea' id='block_1_1' title="bbox 367 169 875 218">
    <p class='ocr_par' dir='ltr' id='par_1_1' title="bbox 367 169 875 218">
     <span class='ocr_line' id='line_1_1' title="bbox 367 169 875 218; baseline 0.014 -7"><span class='ocrx_word' id='word_1_1' title='bbox 367 173 399 212; x_wconf 84' lang='lat' dir='ltr'>ne</span> <span class='ocrx_word' id='word_1_2' title='bbox 414 173 580 214; x_wconf 72' lang='lat' dir='ltr'>meam.</span> <span class='ocrx_word' id='word_1_3' title='bbox 761 204 765 212; x_wconf 90' lang='lat'>.</span> <span class='ocrx_word' id='word_1_4' title='bbox 829 169 875 218; x_wconf 82' lang='lat' dir='ltr'>tlt</span> 
     </span>
    </p>
   </div>
   <div class='ocr_carea' id='block_1_2' title="bbox 69 247 877 806">
    <p class='ocr_par' dir='ltr' id='par_1_2' title="bbox 69 247 876 373">
     <span class='ocr_line' id='line_1_2' title="bbox 69 247 876 318; baseline 0.009 -18"><span class='ocrx_word' id='word_1_5' title='bbox 69 249 128 300; x_wconf 89' lang='lat' dir='ltr'>liora</span> <span class='ocrx_word' id='word_1_6' title='bbox 147 249 202 300; x_wconf 88' lang='lat' dir='ltr'>sunt</span> <span class='ocrx_word' id='word_1_7' title='bbox 214 247 310 300; x_wconf 76' lang='lat' dir='ltr'>nulnum</span> <span class='ocrx_word' id='word_1_8' title='bbox 322 248 452 316; x_wconf 76' lang='lat' dir='ltr'>diligentis,</span> <span class='ocrx_word' id='word_1_9' title='bbox 466 251 535 318; x_wconf 75' lang='lat' dir='ltr'>quim</span> <span class='ocrx_word' id='word_1_10' title='bbox 546 252 689 305; x_wconf 79' lang='lat' dir='ltr'>iruninlmta</span> <span class='ocrx_word' id='word_1_11' title='bbox 702 254 779 305; x_wconf 85' lang='lat' dir='ltr'>oscula</span> <span class='ocrx_word' id='word_1_12' title='bbox 797 255 876 307; x_wconf 79' lang='lat' dir='ltr'>orlien-</span> 
     </span>
     <span class='ocr_line' id='line_1_3' title="bbox 72 319 139 373; baseline -0.015 -4"><span class='ocrx_word' id='word_1_13' title='bbox 72 319 139 373; x_wconf 77' lang='lat' dir='ltr'>tis.»</span> 
     </span>
    </p>

    <p class='ocr_par' dir='ltr' id='par_1_3' title="bbox 71 392 877 806">
     <span class='ocr_line' id='line_1_4' title="bbox 105 392 877 464; baseline 0.009 -21"><span class='ocrx_word' id='word_1_14' title='bbox 105 393 139 444; x_wconf 77' lang='lat' dir='ltr'>ed</span> <span class='ocrx_word' id='word_1_15' title='bbox 151 395 257 457; x_wconf 88' lang='lat' dir='ltr'>quartum</span> <span class='ocrx_word' id='word_1_16' title='bbox 273 392 408 457; x_wconf 86' lang='lat' dir='ltr'>dicendum,</span> <span class='ocrx_word' id='word_1_17' title='bbox 421 395 483 460; x_wconf 82' lang='lat' dir='ltr'>quod</span> <span class='ocrx_word' id='word_1_18' title='bbox 501 410 549 448; x_wconf 90' lang='lat' dir='ltr'>non</span> <span class='ocrx_word' id='word_1_19' title='bbox 558 397 667 462; x_wconf 67' lang='lat' dir='ltr'>melisei</span> <span class='ocrx_word' id='word_1_20' title='bbox 679 398 809 449; x_wconf 74' lang='lat' dir='ltr'>nescientia</span> <span class='ocrx_word' id='word_1_21' title='bbox 825 412 877 464; x_wconf 88' lang='lat' dir='ltr'>per-</span> 
     </span>
     <span class='ocr_line' id='line_1_5' title="bbox 71 464 874 534; baseline 0.007 -18"><span class='ocrx_word' id='word_1_22' title='bbox 71 465 132 516; x_wconf 90' lang='lat' dir='ltr'>tinet</span> <span class='ocrx_word' id='word_1_23' title='bbox 152 464 180 514; x_wconf 89' lang='lat' dir='ltr'>ad</span> <span class='ocrx_word' id='word_1_24' title='bbox 196 464 296 516; x_wconf 86' lang='lat' dir='ltr'>hominis</span> <span class='ocrx_word' id='word_1_25' title='bbox 309 467 436 532; x_wconf 89' lang='lat' dir='ltr'>delectum,</span> <span class='ocrx_word' id='word_1_26' title='bbox 449 470 490 520; x_wconf 88' lang='lat' dir='ltr'>sed</span> <span class='ocrx_word' id='word_1_27' title='bbox 502 469 575 520; x_wconf 80' lang='lat' dir='ltr'>solim</span> <span class='ocrx_word' id='word_1_28' title='bbox 588 483 616 521; x_wconf 90' lang='lat' dir='ltr'>ea</span> <span class='ocrx_word' id='word_1_29' title='bbox 633 482 678 534; x_wconf 78' lang='lat' dir='ltr'>yon</span> <span class='ocrx_word' id='word_1_30' title='bbox 695 469 747 534; x_wconf 83' lang='lat' dir='ltr'>quis</span> <span class='ocrx_word' id='word_1_31' title='bbox 759 471 833 521; x_wconf 90' lang='lat' dir='ltr'>nescit</span> <span class='ocrx_word' id='word_1_32' title='bbox 846 486 874 524; x_wconf 86' lang='lat' dir='ltr'>ea</span> 
     </span>
     <span class='ocr_line' id='line_1_6' title="bbox 71 536 871 606; baseline 0.006 -18"><span class='ocrx_word' id='word_1_33' title='bbox 71 550 122 602; x_wconf 82' lang='lat' dir='ltr'>que</span> <span class='ocrx_word' id='word_1_34' title='bbox 137 536 245 588; x_wconf 87' lang='lat' dir='ltr'>conveuit</span> <span class='ocrx_word' id='word_1_35' title='bbox 254 549 307 589; x_wconf 92' lang='lat' dir='ltr'>eum</span> <span class='ocrx_word' id='word_1_36' title='bbox 318 537 391 604; x_wconf 87' lang='lat' dir='ltr'>scire;</span> <span class='ocrx_word' id='word_1_37' title='bbox 402 538 439 590; x_wconf 89' lang='lat' dir='ltr'>cui</span> <span class='ocrx_word' id='word_1_38' title='bbox 451 541 551 592; x_wconf 86' lang='lat' dir='ltr'>delectui</span> <span class='ocrx_word' id='word_1_39' title='bbox 559 540 733 606; x_wconf 82' lang='lat' dir='ltr'>perioctrinam</span> <span class='ocrx_word' id='word_1_40' title='bbox 740 542 871 605; x_wconf 78' lang='lat' dir='ltr'>subuenire,</span> 
     </span>
     <span class='ocr_line' id='line_1_7' title="bbox 71 607 875 676; baseline 0.009 -18"><span class='ocrx_word' id='word_1_41' title='bbox 71 607 101 659; x_wconf 84' lang='lat' dir='ltr'>ad</span> <span class='ocrx_word' id='word_1_42' title='bbox 112 609 281 674; x_wconf 74' lang='lat' dir='ltr'>eleemosynam</span> <span class='ocrx_word' id='word_1_43' title='bbox 289 611 395 674; x_wconf 87' lang='lat' dir='ltr'>pertluet.</span> <span class='ocrx_word' id='word_1_44' title='bbox 405 613 432 662; x_wconf 88' lang='lat' dir='ltr'>lu</span> <span class='ocrx_word' id='word_1_45' title='bbox 439 625 484 676; x_wconf 88' lang='lat' dir='ltr'>quo</span> <span class='ocrx_word' id='word_1_46' title='bbox 494 613 725 664; x_wconf 77' lang='lat' dir='ltr'>tamenobserrausle</span> <span class='ocrx_word' id='word_1_47' title='bbox 732 614 875 666; x_wconf 81' lang='lat' dir='ltr'>suntdellte</span> 
     </span>
     <span class='ocr_line' id='line_1_8' title="bbox 71 679 875 749; baseline 0.007 -19"><span class='ocrx_word' id='word_1_48' title='bbox 71 679 249 733; x_wconf 80' lang='lat' dir='ltr'>circumstantie</span> <span class='ocrx_word' id='word_1_49' title='bbox 264 693 367 745; x_wconf 83' lang='lat' dir='ltr'>persone</span> <span class='ocrx_word' id='word_1_50' title='bbox 384 685 407 734; x_wconf 89' lang='lat' dir='ltr'>et</span> <span class='ocrx_word' id='word_1_51' title='bbox 421 683 465 738; x_wconf 90' lang='lat' dir='ltr'>loci</span> <span class='ocrx_word' id='word_1_52' title='bbox 483 687 507 738; x_wconf 90' lang='lat' dir='ltr'>et</span> <span class='ocrx_word' id='word_1_53' title='bbox 523 683 648 749; x_wconf 88' lang='lat' dir='ltr'>temporis,</span> <span class='ocrx_word' id='word_1_54' title='bbox 664 684 723 736; x_wconf 88' lang='lat' dir='ltr'>sicut</span> <span class='ocrx_word' id='word_1_55' title='bbox 743 687 768 736; x_wconf 87' lang='lat' dir='ltr'>et</span> <span class='ocrx_word' id='word_1_56' title='bbox 781 684 806 736; x_wconf 91' lang='lat' dir='ltr'>in</span> <span class='ocrx_word' id='word_1_57' title='bbox 824 684 875 739; x_wconf 87' lang='lat' dir='ltr'>aliis</span> 
     </span>
     <span class='ocr_line' id='line_1_9' title="bbox 71 750 289 806; baseline 0.018 -4"><span class='ocrx_word' id='word_1_58' title='bbox 71 750 160 803; x_wconf 74' lang='lat' dir='ltr'>amitus</span> <span class='ocrx_word' id='word_1_59' title='bbox 173 750 289 806; x_wconf 78' lang='lat' dir='ltr'>virtuosis.</span> 
     </span>
    </p>
   </div>
   <div class='ocr_carea' id='block_1_3' title="bbox 365 861 581 914">
    <p class='ocr_par' dir='ltr' id='par_1_4' title="bbox 365 861 581 914">
     <span class='ocr_line' id='line_1_10' title="bbox 365 861 581 914; baseline 0.005 -2"><span class='ocrx_word' id='word_1_60' title='bbox 365 861 525 914; x_wconf 74' lang='lat' dir='ltr'>ARTlCULUS</span> <span class='ocrx_word' id='word_1_61' title='bbox 540 861 581 914; x_wconf 83' lang='grc' dir='ltr'>ΙΙΙ.</span> 
     </span>
    </p>
   </div>
   <div class='ocr_carea' id='block_1_4' title="bbox 146 985 803 1108">
    <p class='ocr_par' dir='ltr' id='par_1_5' title="bbox 146 985 803 1108">
     <span class='ocr_line' id='line_1_11' title="bbox 146 985 803 1098; baseline 0.003 -66"><span class='ocrx_word' id='word_1_62' title='bbox 146 985 232 1032; x_wconf 75' lang='lat' dir='ltr'>vorem</span> <span class='ocrx_word' id='word_1_63' title='bbox 245 985 395 1045; x_wconf 72' lang='lat' dir='ltr'>eleemosyna</span> <span class='ocrx_word' id='word_1_64' title='bbox 404 989 539 1098; x_wconf 52' lang='lat' dir='ltr'>eoepgretlza</span> <span class='ocrx_word' id='word_1_65' title='bbox 554 987 604 1032; x_wconf 76' lang='lat' dir='ltr'>rim</span> <span class='ocrx_word' id='word_1_66' title='bbox 616 989 717 1046; x_wconf 82' lang='lat' dir='ltr'>potiores</span> <span class='ocrx_word' id='word_1_67' title='bbox 731 989 803 1047; x_wconf 69' lang='lat' dir='ltr'>enlm</span> 
     </span>
     <span class='ocr_line' id='line_1_12' title="bbox 401 1063 547 1108; baseline 0.014 -13"><span class='ocrx_word' id='word_1_68' title='bbox 401 1063 460 1108; x_wconf 77' lang='lat' dir='ltr'>apere</span> <span class='ocrx_word' id='word_1_69' title='bbox 472 1065 505 1097; x_wconf 83' lang='lat' dir='ltr'>ua</span> <span class='ocrx_word' id='word_1_70' title='bbox 528 1065 547 1097; x_wconf 83' lang='lat' dir='ltr'>a.</span> 
     </span>
    </p>
   </div>
   <div class='ocr_carea' id='block_1_5' title="bbox 69 1175 874 1816">
    <p class='ocr_par' dir='ltr' id='par_1_6' title="bbox 71 1175 874 1674">
     <span class='ocr_line' id='line_1_13' title="bbox 104 1175 872 1247; baseline 0.008 -20"><span class='ocrx_word' id='word_1_71' title='bbox 104 1179 138 1227; x_wconf 75' lang='lat' dir='ltr'>lul</span> <span class='ocrx_word' id='word_1_72' title='bbox 161 1176 254 1228; x_wconf 87' lang='lat' dir='ltr'>tertium</span> <span class='ocrx_word' id='word_1_73' title='bbox 276 1175 309 1227; x_wconf 91' lang='lat' dir='ltr'>sio</span> <span class='ocrx_word' id='word_1_74' title='bbox 325 1176 454 1241; x_wconf 84' lang='lat' dir='ltr'>proceditur</span> <span class='ocrx_word' id='word_1_75' title='bbox 464 1177 507 1242; x_wconf 85' lang='grc'><strong>(1).</strong></span> <span class='ocrx_word' id='word_1_76' title='bbox 526 1178 621 1230; x_wconf 86' lang='lat' dir='ltr'>Videtur</span> <span class='ocrx_word' id='word_1_77' title='bbox 635 1177 698 1244; x_wconf 79' lang='lat' dir='ltr'>qnod</span> <span class='ocrx_word' id='word_1_78' title='bbox 718 1180 872 1247; x_wconf 86' lang='lat' dir='ltr'>eleemosynae</span> 
     </span>
     <span class='ocr_line' id='line_1_14' title="bbox 71 1248 874 1314; baseline 0.005 -14"><span class='ocrx_word' id='word_1_79' title='bbox 71 1248 201 1314; x_wconf 71' lang='lat' dir='ltr'>corporales</span> <span class='ocrx_word' id='word_1_80' title='bbox 214 1248 368 1314; x_wconf 88' lang='lat' dir='ltr'>siutpoliores</span> <span class='ocrx_word' id='word_1_81' title='bbox 381 1248 449 1313; x_wconf 78' lang='lat' dir='ltr'>quim</span> <span class='ocrx_word' id='word_1_82' title='bbox 459 1251 597 1314; x_wconf 70' lang='lat' dir='ltr'>spirituales.</span> <span class='ocrx_word' id='word_1_83' title='bbox 606 1252 752 1303; x_wconf 76' lang='lat' dir='ltr'>laudabilius</span> <span class='ocrx_word' id='word_1_84' title='bbox 764 1252 825 1304; x_wconf 90' lang='lat' dir='ltr'>eninr</span> <span class='ocrx_word' id='word_1_85' title='bbox 838 1257 874 1304; x_wconf 89' lang='lat' dir='ltr'>est</span> 
     </span>
     <span class='ocr_line' id='line_1_15' title="bbox 72 1319 874 1389; baseline 0.007 -19"><span class='ocrx_word' id='word_1_86' title='bbox 72 1320 148 1384; x_wconf 78' lang='lat' dir='ltr'>magis</span> <span class='ocrx_word' id='word_1_87' title='bbox 158 1319 269 1383; x_wconf 79' lang='lat' dir='ltr'>indigenti</span> <span class='ocrx_word' id='word_1_88' title='bbox 285 1320 451 1386; x_wconf 75' lang='lat' dir='ltr'>eleemosynam</span> <span class='ocrx_word' id='word_1_89' title='bbox 461 1323 645 1386; x_wconf 79' lang='lat' dir='ltr'>faeere3exlsoc</span> <span class='ocrx_word' id='word_1_90' title='bbox 658 1323 720 1375; x_wconf 83' lang='lat' dir='ltr'>enim</span> <span class='ocrx_word' id='word_1_91' title='bbox 729 1324 874 1389; x_wconf 79' lang='lat' dir='ltr'>eleemosyna</span> 
     </span>
     <span class='ocr_line' id='line_1_16' title="bbox 72 1390 873 1460; baseline 0.005 -18"><span class='ocrx_word' id='word_1_92' title='bbox 72 1393 165 1442; x_wconf 91' lang='lat' dir='ltr'>landem</span> <span class='ocrx_word' id='word_1_93' title='bbox 183 1392 267 1455; x_wconf 89' lang='lat' dir='ltr'>habet,</span> <span class='ocrx_word' id='word_1_94' title='bbox 281 1390 341 1456; x_wconf 78' lang='lat' dir='ltr'>quod</span> <span class='ocrx_word' id='word_1_95' title='bbox 355 1392 466 1457; x_wconf 78' lang='lat' dir='ltr'>indigenti</span> <span class='ocrx_word' id='word_1_96' title='bbox 482 1395 597 1446; x_wconf 82' lang='lat' dir='ltr'>subvenit.</span> <span class='ocrx_word' id='word_1_97' title='bbox 612 1396 657 1446; x_wconf 86' lang='lat' dir='ltr'>Sed</span> <span class='ocrx_word' id='word_1_98' title='bbox 670 1408 754 1460; x_wconf 89' lang='lat' dir='ltr'>corpus</span> <span class='ocrx_word' id='word_1_99' title='bbox 767 1396 806 1446; x_wconf 90' lang='lat' dir='ltr'>cui</span> <span class='ocrx_word' id='word_1_100' title='bbox 818 1397 873 1446; x_wconf 78' lang='lat' dir='ltr'>suls·</span> 
     </span>
     <span class='ocr_line' id='line_1_17' title="bbox 71 1463 873 1530; baseline 0.006 -17"><span class='ocrx_word' id='word_1_101' title='bbox 71 1464 165 1514; x_wconf 87' lang='lat' dir='ltr'>venitur</span> <span class='ocrx_word' id='word_1_102' title='bbox 176 1476 218 1527; x_wconf 87' lang='lat' dir='ltr'>per</span> <span class='ocrx_word' id='word_1_103' title='bbox 230 1463 386 1528; x_wconf 73' lang='lat' dir='ltr'>eleemosynas</span> <span class='ocrx_word' id='word_1_104' title='bbox 404 1467 544 1529; x_wconf 83' lang='lat' dir='ltr'>corporales,</span> <span class='ocrx_word' id='word_1_105' title='bbox 559 1469 596 1517; x_wconf 89' lang='lat' dir='ltr'>est</span> <span class='ocrx_word' id='word_1_106' title='bbox 607 1467 766 1530; x_wconf 78' lang='lat' dir='ltr'>moyeutioris</span> <span class='ocrx_word' id='word_1_107' title='bbox 785 1471 873 1518; x_wconf 83' lang='lat' dir='ltr'>natura</span> 
     </span>
     <span class='ocr_line' id='line_1_18' title="bbox 71 1533 872 1603; baseline 0.005 -17"><span class='ocrx_word' id='word_1_108' title='bbox 71 1535 142 1598; x_wconf 76' lang='lat' dir='ltr'>quim</span> <span class='ocrx_word' id='word_1_109' title='bbox 159 1533 267 1600; x_wconf 90' lang='lat' dir='ltr'>spiritus,</span> <span class='ocrx_word' id='word_1_110' title='bbox 281 1535 318 1586; x_wconf 89' lang='lat' dir='ltr'>cui</span> <span class='ocrx_word' id='word_1_111' title='bbox 342 1535 474 1588; x_wconf 83' lang='lat' dir='ltr'>subuenitur</span> <span class='ocrx_word' id='word_1_112' title='bbox 492 1551 535 1602; x_wconf 91' lang='lat' dir='ltr'>per</span> <span class='ocrx_word' id='word_1_113' title='bbox 555 1539 712 1603; x_wconf 73' lang='lat' dir='ltr'>eleemosynas</span> <span class='ocrx_word' id='word_1_114' title='bbox 731 1537 872 1603; x_wconf 82' lang='lat' dir='ltr'>spirituales.</span> 
     </span>
     <span class='ocr_line' id='line_1_19' title="bbox 71 1605 627 1674; baseline 0.005 -18"><span class='ocrx_word' id='word_1_115' title='bbox 71 1605 132 1672; x_wconf 82' lang='lat' dir='ltr'>liryo</span> <span class='ocrx_word' id='word_1_116' title='bbox 146 1607 297 1672; x_wconf 76' lang='lat' dir='ltr'>eleemosyna</span> <span class='ocrx_word' id='word_1_117' title='bbox 310 1609 438 1672; x_wconf 89' lang='lat' dir='ltr'>corporales</span> <span class='ocrx_word' id='word_1_118' title='bbox 451 1612 507 1660; x_wconf 92' lang='lat' dir='ltr'>sunt</span> <span class='ocrx_word' id='word_1_119' title='bbox 518 1610 627 1674; x_wconf 90' lang='lat' dir='ltr'>potiores.</span> 
     </span>
    </p>

    <p class='ocr_par' dir='ltr' id='par_1_7' title="bbox 69 1679 873 1816">
     <span class='ocr_line' id='line_1_20' title="bbox 104 1679 873 1744; baseline 0.005 -16"><span class='ocrx_word' id='word_1_120' title='bbox 104 1683 128 1728; x_wconf 69' lang='grc' dir='ltr'>Ξ.</span> <span class='ocrx_word' id='word_1_121' title='bbox 145 1679 270 1739; x_wconf 77' lang='lat' dir='ltr'>Preterea,</span> <span class='ocrx_word' id='word_1_122' title='bbox 291 1680 470 1744; x_wconf 87' lang='lat' dir='ltr'>recompensatio</span> <span class='ocrx_word' id='word_1_123' title='bbox 488 1681 595 1732; x_wconf 87' lang='lat' dir='ltr'>benetlcii</span> <span class='ocrx_word' id='word_1_124' title='bbox 614 1682 704 1732; x_wconf 87' lang='lat' dir='ltr'>laudem</span> <span class='ocrx_word' id='word_1_125' title='bbox 724 1683 748 1731; x_wconf 86' lang='lat' dir='ltr'>et</span> <span class='ocrx_word' id='word_1_126' title='bbox 766 1680 873 1732; x_wconf 88' lang='lat' dir='ltr'>meritum</span> 
     </span>
     <span class='ocr_line' id='line_1_21' title="bbox 69 1748 872 1816; baseline 0.004 -15"><span class='ocrx_word' id='word_1_127' title='bbox 69 1749 224 1816; x_wconf 78' lang='lat' dir='ltr'>eleemosyna</span> <span class='ocrx_word' id='word_1_128' title='bbox 249 1748 347 1814; x_wconf 89' lang='lat' dir='ltr'>minuit;</span> <span class='ocrx_word' id='word_1_129' title='bbox 363 1752 423 1802; x_wconf 85' lang='lat' dir='ltr'>unde</span> <span class='ocrx_word' id='word_1_130' title='bbox 444 1755 467 1802; x_wconf 88' lang='lat' dir='ltr'>et</span> <span class='ocrx_word' id='word_1_131' title='bbox 487 1752 595 1804; x_wconf 64' lang='lat' dir='ltr'>munium</span> <span class='ocrx_word' id='word_1_132' title='bbox 613 1751 683 1816; x_wconf 86' lang='lat' dir='ltr'>dicit,</span> <span class='ocrx_word' id='word_1_133' title='bbox 703 1759 776 1809; x_wconf 80' lang='lat' dir='ltr'>tac,</span> <span class='ocrx_word' id='word_1_134' title='bbox 796 1753 845 1802; x_wconf 84' lang='lat' dir='ltr'>xlv</span> <span class='ocrx_word' id='word_1_135' title='bbox 865 1769 872 1804; x_wconf 92' lang='lat'>:</span> 
     </span>
    </p>
   </div>
   <div class='ocr_carea' id='block_1_6' title="bbox 72 1819 946 1887">
    <p class='ocr_par' dir='ltr' id='par_1_8' title="bbox 72 1819 946 1887">
     <span class='ocr_line' id='line_1_22' title="bbox 72 1819 946 1887; baseline 0.006 -19"><span class='ocrx_word' id='word_1_136' title='bbox 72 1819 352 1885; x_wconf 76' lang='lat' dir='ltr'>reimlucispruuiiuur</span> <span class='ocrx_word' id='word_1_137' title='bbox 364 1829 516 1886; x_wconf 71' lang='lat' dir='ltr'>amoenam,</span> <span class='ocrx_word' id='word_1_138' title='bbox 529 1823 666 1875; x_wconf 80' lang='lat' dir='ltr'>nolimoare</span> <span class='ocrx_word' id='word_1_139' title='bbox 681 1822 768 1874; x_wconf 84' lang='lat' dir='ltr'>viciuos</span> <span class='ocrx_word' id='word_1_140' title='bbox 779 1822 871 1887; x_wconf 59' lang='lat' dir='ltr'>divite,</span> <span class='ocrx_word' id='word_1_141' title='bbox 940 1858 946 1864; x_wconf 79' lang='lat'><strong>·</strong></span> 
     </span>
    </p>
   </div>
   <div class='ocr_carea' id='block_1_7' title="bbox 68 1891 874 2534">
    <p class='ocr_par' dir='ltr' id='par_1_9' title="bbox 68 1891 874 2319">
     <span class='ocr_line' id='line_1_23' title="bbox 70 1891 874 1960; baseline 0.002 -16"><span class='ocrx_word' id='word_1_142' title='bbox 70 1906 101 1944; x_wconf 88' lang='lat' dir='ltr'>ne</span> <span class='ocrx_word' id='word_1_143' title='bbox 115 1891 175 1942; x_wconf 84' lang='lat' dir='ltr'>rorte</span> <span class='ocrx_word' id='word_1_144' title='bbox 191 1895 215 1942; x_wconf 89' lang='lat' dir='ltr'>ot</span> <span class='ocrx_word' id='word_1_145' title='bbox 227 1892 271 1956; x_wconf 89' lang='lat' dir='ltr'>ipsi</span> <span class='ocrx_word' id='word_1_146' title='bbox 284 1894 307 1944; x_wconf 92' lang='lat' dir='ltr'>te</span> <span class='ocrx_word' id='word_1_147' title='bbox 322 1893 455 1944; x_wconf 82' lang='lat' dir='ltr'>reinvitent.</span> <span class='ocrx_word' id='word_1_148' title='bbox 471 1910 485 1942; x_wconf 78' lang='lat' dir='ltr'>&gt;r</span> <span class='ocrx_word' id='word_1_149' title='bbox 501 1895 546 1946; x_wconf 85' lang='lat' dir='ltr'>Sed</span> <span class='ocrx_word' id='word_1_150' title='bbox 558 1895 584 1944; x_wconf 90' lang='lat' dir='ltr'>in</span> <span class='ocrx_word' id='word_1_151' title='bbox 600 1894 751 1960; x_wconf 89' lang='lat' dir='ltr'>eleemosynis</span> <span class='ocrx_word' id='word_1_152' title='bbox 766 1894 874 1959; x_wconf 87' lang='lat' dir='ltr'>spiritua·</span> 
     </span>
     <span class='ocr_line' id='line_1_24' title="bbox 68 1965 873 2031; baseline 0.001 -14"><span class='ocrx_word' id='word_1_153' title='bbox 68 1965 131 2017; x_wconf 86' lang='lat' dir='ltr'>libus</span> <span class='ocrx_word' id='word_1_154' title='bbox 152 1976 242 2028; x_wconf 87' lang='lat' dir='ltr'>semper</span> <span class='ocrx_word' id='word_1_155' title='bbox 255 1967 291 2014; x_wconf 91' lang='lat' dir='ltr'>est</span> <span class='ocrx_word' id='word_1_156' title='bbox 304 1966 501 2029; x_wconf 79' lang='lat' dir='ltr'>recompensatio,</span> <span class='ocrx_word' id='word_1_157' title='bbox 514 1966 567 2029; x_wconf 83' lang='lat' dir='ltr'>qnia</span> <span class='ocrx_word' id='word_1_158' title='bbox 582 1966 685 2031; x_wconf 84' lang='lat' dir='ltr'>quierat</span> <span class='ocrx_word' id='word_1_159' title='bbox 700 1979 741 2031; x_wconf 89' lang='lat' dir='ltr'>pro</span> <span class='ocrx_word' id='word_1_160' title='bbox 755 1966 815 2031; x_wconf 86' lang='lat' dir='ltr'>alio,</span> <span class='ocrx_word' id='word_1_161' title='bbox 830 1968 873 2018; x_wconf 76' lang='lat' dir='ltr'>silei</span> 
     </span>
     <span class='ocr_line' id='line_1_25' title="bbox 69 2034 873 2103; baseline 0.006 -18"><span class='ocrx_word' id='word_1_162' title='bbox 69 2034 178 2103; x_wconf 87' lang='lat' dir='ltr'>prolicit,</span> <span class='ocrx_word' id='word_1_163' title='bbox 189 2035 312 2087; x_wconf 73' lang='lat' dir='ltr'>secundum</span> <span class='ocrx_word' id='word_1_164' title='bbox 321 2036 376 2086; x_wconf 89' lang='lat' dir='ltr'>illud</span> <span class='ocrx_word' id='word_1_165' title='bbox 387 2036 481 2086; x_wconf 80' lang='lat' dir='ltr'>Paulos.</span> <span class='ocrx_word' id='word_1_166' title='bbox 493 2038 581 2088; x_wconf 83' lang='lat' dir='ltr'>lllllllll</span> <span class='ocrx_word' id='word_1_167' title='bbox 592 2053 599 2088; x_wconf 79' lang='grc' dir='ltr'><strong><em>ι</em></strong></span> <span class='ocrx_word' id='word_1_168' title='bbox 611 2038 711 2090; x_wconf 78' lang='lat' dir='ltr'>«Oratio</span> <span class='ocrx_word' id='word_1_169' title='bbox 719 2051 770 2089; x_wconf 92' lang='lat' dir='ltr'>mea</span> <span class='ocrx_word' id='word_1_170' title='bbox 781 2037 806 2088; x_wconf 93' lang='lat' dir='ltr'>in</span> <span class='ocrx_word' id='word_1_171' title='bbox 818 2039 873 2090; x_wconf 89' lang='lat' dir='ltr'>sinn</span> 
     </span>
     <span class='ocr_line' id='line_1_26' title="bbox 69 2107 872 2175; baseline 0.002 -16"><span class='ocrx_word' id='word_1_172' title='bbox 69 2119 124 2160; x_wconf 89' lang='lat' dir='ltr'>meo</span> <span class='ocrx_word' id='word_1_173' title='bbox 140 2110 292 2160; x_wconf 80' lang='lat' dir='ltr'>convertetur.</span> <span class='ocrx_word' id='word_1_174' title='bbox 309 2123 323 2155; x_wconf 80' lang='lat' dir='ltr'>r</span> <span class='ocrx_word' id='word_1_175' title='bbox 342 2107 385 2167; x_wconf 82' lang='lat' dir='ltr'>Qui</span> <span class='ocrx_word' id='word_1_176' title='bbox 399 2109 468 2159; x_wconf 86' lang='lat' dir='ltr'>etium</span> <span class='ocrx_word' id='word_1_177' title='bbox 483 2110 553 2160; x_wconf 86' lang='lat' dir='ltr'>alium</span> <span class='ocrx_word' id='word_1_178' title='bbox 573 2110 652 2172; x_wconf 84' lang='lat' dir='ltr'>docet,</span> <span class='ocrx_word' id='word_1_179' title='bbox 666 2110 716 2175; x_wconf 82' lang='lat' dir='ltr'>ipse</span> <span class='ocrx_word' id='word_1_180' title='bbox 737 2110 761 2160; x_wconf 89' lang='lat' dir='ltr'>iu</span> <span class='ocrx_word' id='word_1_181' title='bbox 778 2110 872 2162; x_wconf 85' lang='lat' dir='ltr'>scientia</span> 
     </span>
     <span class='ocr_line' id='line_1_27' title="bbox 69 2178 873 2248; baseline 0.002 -18"><span class='ocrx_word' id='word_1_182' title='bbox 69 2178 173 2248; x_wconf 86' lang='lat' dir='ltr'>proiicit;</span> <span class='ocrx_word' id='word_1_183' title='bbox 188 2179 249 2244; x_wconf 82' lang='lat' dir='ltr'>quoi</span> <span class='ocrx_word' id='word_1_184' title='bbox 264 2191 310 2230; x_wconf 91' lang='lat' dir='ltr'>non</span> <span class='ocrx_word' id='word_1_185' title='bbox 321 2179 433 2244; x_wconf 76' lang='lat' dir='ltr'>courmyit</span> <span class='ocrx_word' id='word_1_186' title='bbox 443 2181 469 2232; x_wconf 90' lang='lat' dir='ltr'>in</span> <span class='ocrx_word' id='word_1_187' title='bbox 479 2182 631 2248; x_wconf 83' lang='lat' dir='ltr'>eleemrrsynis</span> <span class='ocrx_word' id='word_1_188' title='bbox 643 2181 806 2246; x_wconf 82' lang='lat' dir='ltr'>corporalibus.</span> <span class='ocrx_word' id='word_1_189' title='bbox 814 2182 873 2246; x_wconf 83' lang='lat' dir='ltr'>liryo</span> 
     </span>
     <span class='ocr_line' id='line_1_28' title="bbox 68 2251 790 2319; baseline 0 -15"><span class='ocrx_word' id='word_1_190' title='bbox 68 2252 223 2316; x_wconf 73' lang='lat' dir='ltr'>eleemosynae</span> <span class='ocrx_word' id='word_1_191' title='bbox 233 2251 360 2316; x_wconf 85' lang='lat' dir='ltr'>corporales</span> <span class='ocrx_word' id='word_1_192' title='bbox 381 2256 435 2304; x_wconf 89' lang='lat' dir='ltr'>suut</span> <span class='ocrx_word' id='word_1_193' title='bbox 452 2254 553 2319; x_wconf 87' lang='lat' dir='ltr'>potiores</span> <span class='ocrx_word' id='word_1_194' title='bbox 570 2254 639 2319; x_wconf 74' lang='lat' dir='ltr'>qnam</span> <span class='ocrx_word' id='word_1_195' title='bbox 652 2253 790 2319; x_wconf 86' lang='lat' dir='ltr'>spirituales.</span> 
     </span>
    </p>

    <p class='ocr_par' dir='ltr' id='par_1_10' title="bbox 69 2323 874 2534">
     <span class='ocr_line' id='line_1_29' title="bbox 104 2323 874 2391; baseline 0.001 -17"><span class='ocrx_word' id='word_1_196' title='bbox 104 2329 128 2376; x_wconf 85' lang='lat'>8.</span> <span class='ocrx_word' id='word_1_197' title='bbox 143 2324 263 2388; x_wconf 78' lang='lat' dir='ltr'>Preterca,</span> <span class='ocrx_word' id='word_1_198' title='bbox 273 2323 302 2374; x_wconf 87' lang='lat' dir='ltr'>ad</span> <span class='ocrx_word' id='word_1_199' title='bbox 316 2325 407 2375; x_wconf 89' lang='lat' dir='ltr'>laudem</span> <span class='ocrx_word' id='word_1_200' title='bbox 417 2325 566 2391; x_wconf 77' lang='lat' dir='ltr'>eleemosyna</span> <span class='ocrx_word' id='word_1_201' title='bbox 583 2325 696 2390; x_wconf 83' lang='lat' dir='ltr'>pertinet,</span> <span class='ocrx_word' id='word_1_202' title='bbox 711 2324 773 2390; x_wconf 81' lang='lat' dir='ltr'>quil</span> <span class='ocrx_word' id='word_1_203' title='bbox 787 2338 874 2390; x_wconf 87' lang='lat' dir='ltr'>pauper</span> 
     </span>
     <span class='ocr_line' id='line_1_30' title="bbox 69 2394 871 2461; baseline -0.001 -14"><span class='ocrx_word' id='word_1_204' title='bbox 69 2409 100 2447; x_wconf 82' lang='lat' dir='ltr'>ex</span> <span class='ocrx_word' id='word_1_205' title='bbox 117 2394 262 2460; x_wconf 87' lang='lat' dir='ltr'>eleemosyna</span> <span class='ocrx_word' id='word_1_206' title='bbox 275 2396 327 2446; x_wconf 84' lang='lat' dir='ltr'>date</span> <span class='ocrx_word' id='word_1_207' title='bbox 345 2396 529 2461; x_wconf 75' lang='lat' dir='ltr'>consoletur(2);</span> <span class='ocrx_word' id='word_1_208' title='bbox 544 2397 758 2458; x_wconf 62' lang='lat' dir='ltr'>nnletoelllllll,</span> <span class='ocrx_word' id='word_1_209' title='bbox 770 2396 871 2448; x_wconf 88' lang='lat' dir='ltr'>dicitnr:</span> 
     </span>
     <span class='ocr_line' id='line_1_31' title="bbox 69 2465 874 2534; baseline 0.001 -17"><span class='ocrx_word' id='word_1_210' title='bbox 69 2485 85 2517; x_wconf 85' lang='lat' dir='ltr'>u</span> <span class='ocrx_word' id='word_1_211' title='bbox 95 2466 121 2516; x_wconf 84' lang='lat' dir='ltr'>si</span> <span class='ocrx_word' id='word_1_212' title='bbox 133 2477 181 2516; x_wconf 91' lang='lat' dir='ltr'>nou</span> <span class='ocrx_word' id='word_1_213' title='bbox 191 2465 355 2518; x_wconf 86' lang='lat' dir='ltr'>benedixerunt</span> <span class='ocrx_word' id='word_1_214' title='bbox 368 2467 425 2518; x_wconf 87' lang='lat' dir='ltr'>milri</span> <span class='ocrx_word' id='word_1_215' title='bbox 435 2467 506 2519; x_wconf 88' lang='lat' dir='ltr'>latera</span> <span class='ocrx_word' id='word_1_216' title='bbox 516 2470 600 2534; x_wconf 80' lang='lat' dir='ltr'>ejus.»</span> <span class='ocrx_word' id='word_1_217' title='bbox 615 2470 643 2520; x_wconf 81' lang='lat' dir='ltr'>lit</span> <span class='ocrx_word' id='word_1_218' title='bbox 657 2469 693 2519; x_wconf 81' lang='lat' dir='ltr'>ad</span> <span class='ocrx_word' id='word_1_219' title='bbox 707 2469 874 2519; x_wconf 77' lang='lat' dir='ltr'>Ptitemonem</span> 
     </span>
    </p>
   </div>
   <div class='ocr_carea' id='block_1_8' title="bbox 69 2537 874 2608">
    <p class='ocr_par' dir='ltr' id='par_1_11' title="bbox 69 2537 874 2608">
     <span class='ocr_line' id='line_1_32' title="bbox 69 2537 874 2608; baseline 0 -17"><span class='ocrx_word' id='word_1_220' title='bbox 69 2537 128 2591; x_wconf 87' lang='lat' dir='ltr'>dicit</span> <span class='ocrx_word' id='word_1_221' title='bbox 151 2538 272 2603; x_wconf 76' lang='lat' dir='ltr'>Apostolus</span> <span class='ocrx_word' id='word_1_222' title='bbox 294 2556 300 2589; x_wconf 93' lang='lat'>:</span> <span class='ocrx_word' id='word_1_223' title='bbox 316 2555 329 2588; x_wconf 87' lang='lat' dir='ltr'>u</span> <span class='ocrx_word' id='word_1_224' title='bbox 344 2539 436 2591; x_wconf 86' lang='lat' dir='ltr'>Viscera</span> <span class='ocrx_word' id='word_1_225' title='bbox 451 2545 581 2592; x_wconf 88' lang='lat' dir='ltr'>sanctorum</span> <span class='ocrx_word' id='word_1_226' title='bbox 601 2541 762 2608; x_wconf 77' lang='lat' dir='ltr'>requieverunt</span> <span class='ocrx_word' id='word_1_227' title='bbox 778 2552 819 2605; x_wconf 91' lang='lat' dir='ltr'>per</span> <span class='ocrx_word' id='word_1_228' title='bbox 833 2543 874 2604; x_wconf 88' lang='lat' dir='ltr'>te,</span> 
     </span>
    </p>
   </div>
   <div class='ocr_carea' id='block_1_9' title="bbox 67 2645 875 2910">
    <p class='ocr_par' dir='ltr' id='par_1_12' title="bbox 67 2645 875 2773">
     <span class='ocr_line' id='line_1_33' title="bbox 104 2645 875 2711; baseline 0 -17"><span class='ocrx_word' id='word_1_229' title='bbox 104 2645 139 2711; x_wconf 83' lang='lat'>(1)</span> <span class='ocrx_word' id='word_1_230' title='bbox 154 2649 186 2694; x_wconf 83' lang='lat' dir='ltr'>Itu</span> <span class='ocrx_word' id='word_1_231' title='bbox 196 2646 235 2695; x_wconf 85' lang='lat' dir='ltr'>luis</span> <span class='ocrx_word' id='word_1_232' title='bbox 245 2649 315 2695; x_wconf 86' lang='lat' dir='ltr'>etlam</span> <span class='ocrx_word' id='word_1_233' title='bbox 329 2651 372 2708; x_wconf 78' lang='lat' dir='ltr'>lv,</span> <span class='ocrx_word' id='word_1_234' title='bbox 386 2649 464 2699; x_wconf 74' lang='lat' dir='ltr'>Soet„</span> <span class='ocrx_word' id='word_1_235' title='bbox 476 2650 530 2696; x_wconf 81' lang='lat' dir='ltr'>ulist.</span> <span class='ocrx_word' id='word_1_236' title='bbox 548 2648 587 2709; x_wconf 77' lang='grc'>15,</span> <span class='ocrx_word' id='word_1_237' title='bbox 602 2663 642 2708; x_wconf 86' lang='lat' dir='ltr'>qu.</span> <span class='ocrx_word' id='word_1_238' title='bbox 662 2651 686 2711; x_wconf 67' lang='grc' dir='ltr'>ἱ,</span> <span class='ocrx_word' id='word_1_239' title='bbox 702 2655 746 2696; x_wconf 83' lang='lat' dir='ltr'>art.</span> <span class='ocrx_word' id='word_1_240' title='bbox 765 2647 789 2709; x_wconf 82' lang='lat'>³,</span> <span class='ocrx_word' id='word_1_241' title='bbox 801 2661 875 2707; x_wconf 77' lang='lat' dir='ltr'>ques·</span> 
     </span>
     <span class='ocr_line' id='line_1_34' title="bbox 67 2711 746 2773; baseline -0.001 -15"><span class='ocrx_word' id='word_1_242' title='bbox 67 2713 144 2758; x_wconf 87' lang='lat' dir='ltr'>tiunc.</span> <span class='ocrx_word' id='word_1_243' title='bbox 156 2711 183 2765; x_wconf 83' lang='grc'>3;</span> <span class='ocrx_word' id='word_1_244' title='bbox 200 2717 223 2757; x_wconf 90' lang='lat' dir='ltr'>et</span> <span class='ocrx_word' id='word_1_245' title='bbox 239 2711 330 2759; x_wconf 81' lang='lat' dir='ltr'>Contra</span> <span class='ocrx_word' id='word_1_246' title='bbox 340 2713 422 2762; x_wconf 67' lang='lat' dir='ltr'>Genti„</span> <span class='ocrx_word' id='word_1_247' title='bbox 432 2713 474 2758; x_wconf 87' lang='lat' dir='ltr'>lib.</span> <span class='ocrx_word' id='word_1_248' title='bbox 484 2715 528 2770; x_wconf 85' lang='grc' dir='ltr'>ΙΙΙ,</span> <span class='ocrx_word' id='word_1_249' title='bbox 543 2725 596 2772; x_wconf 90' lang='lat' dir='ltr'>cap.</span> <span class='ocrx_word' id='word_1_250' title='bbox 611 2713 665 2773; x_wconf 67' lang='grc'>136,</span> <span class='ocrx_word' id='word_1_251' title='bbox 681 2714 710 2760; x_wconf 77' lang='lat' dir='ltr'>acl</span> <span class='ocrx_word' id='word_1_252' title='bbox 721 2714 746 2758; x_wconf 78' lang='lat'>3.</span> 
     </span>
    </p>

    <p class='ocr_par' dir='ltr' id='par_1_13' title="bbox 68 2781 874 2910">
     <span class='ocr_line' id='line_1_35' title="bbox 105 2781 874 2848; baseline 0 -20"><span class='ocrx_word' id='word_1_253' title='bbox 105 2781 137 2845; x_wconf 63' lang='grc' dir='ltr'>(Ι)</span> <span class='ocrx_word' id='word_1_254' title='bbox 152 2783 247 2830; x_wconf 86' lang='lat' dir='ltr'>Passivo</span> <span class='ocrx_word' id='word_1_255' title='bbox 264 2797 333 2831; x_wconf 91' lang='lat' dir='ltr'>sensu</span> <span class='ocrx_word' id='word_1_256' title='bbox 347 2784 452 2842; x_wconf 84' lang='lat' dir='ltr'>quamvis</span> <span class='ocrx_word' id='word_1_257' title='bbox 469 2785 597 2848; x_wconf 84' lang='lat' dir='ltr'>inusitato,</span> <span class='ocrx_word' id='word_1_258' title='bbox 612 2786 635 2831; x_wconf 77' lang='lat' dir='ltr'>iul</span> <span class='ocrx_word' id='word_1_259' title='bbox 651 2791 702 2845; x_wconf 84' lang='lat' dir='ltr'>est,</span> <span class='ocrx_word' id='word_1_260' title='bbox 717 2789 745 2831; x_wconf 79' lang='lat' dir='ltr'>ut</span> <span class='ocrx_word' id='word_1_261' title='bbox 758 2784 874 2830; x_wconf 76' lang='lat' dir='ltr'>solutions</span> 
     </span>
     <span class='ocr_line' id='line_1_36' title="bbox 68 2847 874 2910; baseline -0.011 -10"><span class='ocrx_word' id='word_1_262' title='bbox 68 2847 189 2905; x_wconf 62' lang='lat' dir='ltr'>recipiet,</span> <span class='ocrx_word' id='word_1_263' title='bbox 203 2848 264 2894; x_wconf 87' lang='lat' dir='ltr'>sicut</span> <span class='ocrx_word' id='word_1_264' title='bbox 274 2852 299 2894; x_wconf 92' lang='lat' dir='ltr'>et</span> <span class='ocrx_word' id='word_1_265' title='bbox 311 2849 413 2900; x_wconf 62' lang='lat' dir='ltr'>lteetes„</span> <span class='ocrx_word' id='word_1_266' title='bbox 422 2849 513 2910; x_wconf 81' lang='lat' dir='ltr'>XXXV,</span> <span class='ocrx_word' id='word_1_267' title='bbox 525 2863 548 2896; x_wconf 87' lang='lat' dir='ltr'>r.</span> <span class='ocrx_word' id='word_1_268' title='bbox 560 2848 589 2897; x_wconf 76' lang='lat' dir='ltr'>tl</span> <span class='ocrx_word' id='word_1_269' title='bbox 601 2856 626 2897; x_wconf 86' lang='lat' dir='ltr'>et</span> <span class='ocrx_word' id='word_1_270' title='bbox 636 2849 692 2898; x_wconf 76' lang='lat' dir='ltr'>albi</span> <span class='ocrx_word' id='word_1_271' title='bbox 703 2847 796 2910; x_wconf 74' lang='lat' dir='ltr'>passive</span> <span class='ocrx_word' id='word_1_272' title='bbox 807 2859 874 2893; x_wconf 88' lang='lat' dir='ltr'>usur·</span> 
     </span>
    </p>
   </div>
   <div class='ocr_carea' id='block_1_10' title="bbox 69 2917 151 2970">
    <p class='ocr_par' dir='ltr' id='par_1_14' title="bbox 69 2917 151 2970">
     <span class='ocr_line' id='line_1_37' title="bbox 69 2917 151 2970; baseline 0 -13"><span class='ocrx_word' id='word_1_273' title='bbox 69 2917 151 2970; x_wconf 76' lang='lat' dir='ltr'>putor.</span> 
     </span>
    </p>
   </div>
   <div class='ocr_carea' id='block_1_11' title="bbox 0 0 1000 3317">
    <p class='ocr_par' dir='ltr' id='par_1_15' title="bbox 0 0 1000 3317">
     <span class='ocr_line' id='line_1_38' title="bbox 0 0 1000 3317; baseline 0 0"><span class='ocrx_word' id='word_1_274' title='bbox 0 0 1000 3317; x_wconf 95' lang='lat' dir='ltr'> </span> 
     </span>
    </p>
   </div>
  </div>
 </body>
</html>
