1992 3317
134 154 179 207 itt
248 146 357 205 aanor
374 161 504 216 umaro,
520 160 613 210 onan.
630 158 703 215 nuru,
718 161 774 202 rur.
790 162 816 202 x.

133 243 255 307 effective,
269 244 324 308 quia
334 255 402 294 omne
411 245 529 307 peecatum
541 242 636 293 mortale
648 240 798 292 contrariatur
809 241 940 311 amadati,
989 279 991 284 -

133 323 160 369 ut
177 317 237 367 iniri
249 317 335 367 ditatur
348 317 405 379 (art.
422 314 471 378 la)
483 352 490 376 ‚
506 318 529 365 et
541 313 610 366 eiam
620 312 811 377 meritorie,quia
823 314 864 378 qui
876 330 947 381 pec.

135 392 207 441 sando
226 388 351 439 mortaliter
361 387 446 451 ahquid
456 386 535 437 oontrh
548 386 683 437 ehrnhtern
697 388 759 451 agit,
773 386 859 450 dignus
869 393 911 440 eat
922 396 954 442 ut

140 463 200 511 Deus
210 462 233 511 ei
242 461 358 511 subtrahat
367 458 508 509 charitatem.
517 457 627 509 Similiter
634 459 704 509 mam
716 472 760 509 neu
767 463 951 521 perpetuatum

136 532 231 583 veniale
240 532 339 583 chartas
353 530 449 581 diminui
462 533 551 593 potest,
569 542 643 593 reque
652 528 772 592 ailward,
785 542 860 593 nequa
872 534 955 584 rneri-

138 604 207 655 torit.
226 602 337 652 Etleotivd
357 602 450 667 quidem
463 612 523 663 non;
538 600 592 664 quia
611 601 639 650 ad
656 602 730 665 ipsam
743 601 879 652 ehuihtern
897 617 955 657 non

139 676 238 739 attingi.
249 676 357 725 Charitas
366 674 428 725 enim
436 678 472 724 est
480 674 541 723 eirea
551 673 621 725 hera
631 672 750 735 altimum
760 673 852 724 verule
863 679 951 726 autem

140 751 257 811 praeatum
270 750 306 797 est
321 748 422 810 pedam
432 744 566 797 inordinatio
578 744 642 795 eirea
654 758 681 795 ea
694 758 746 808 qua
756 746 848 797 suntad
861 746 952 799 tinem

141 820 192 869 Non
206 821 281 871 autem
293 818 426 868 diminuitur
441 830 504 867 amor
516 816 569 866 duis
579 830 613 867 ‚er
624 818 669 867 hoo
682 816 744 880 qnod
760 814 843 879 adnuis
851 815 953 868 *mordi-
980 812 985 819 '

142 889 257 941 nationem
271 889 368 953 aliquam
380 888 502 940 committit
511 889 571 938 eirea
581 901 609 940 ea
619 901 672 951 que
680 891 735 939 aunt
743 888 772 937 ad
780 886 868 950 linem
882 888 953 941 deut

143 962 264 1026 ahquando
275 962 389 1026 contingit
400 960 461 1025 quod
473 960 544 1025 aliqui
554 960 638 1011 hrdrnd
648 960 746 1009 radmor
759 962 864 1011 amantes
877 962 952 1012 sani-

142 1037 211 1085 tatem
220 1072 226 1099 ‚
236 1028 361 1085 inordinati
370 1037 446 1084 tamen
459 1046 484 1083 se
493 1032 579 1083 habeut
587 1031 649 1082 rhea
656 1031 730 1081 dieto
740 1030 948 1085 ohsmahonem:

143 1104 201 1155 sieut
215 1106 283 1155 etiarn
296 1105 321 1153 in
335 1102 480 1167 speculativis
494 1102 611 1163 minutiis,
625 1102 687 1153 false
703 1099 825 1165 opiniones
840 1102 905 1153 enea
920 1116 953 1155 ea

69 1208 72 1213 -
111 1221 125 1243 ,
143 1188 194 1239 quo
206 1176 347 1226 deducuntur
355 1186 384 1223 au
389 1172 511 1237 principiis
516 1187 563 1223 non
574 1172 703 1226 diminuunt
709 1172 871 1223 certitudinem
882 1174 955 1238 prin-

114 1266 122 1272 ’
144 1246 263 1309 oipiorum.
276 1244 382 1295 Similiter
393 1244 462 1296 etiam
473 1245 564 1297 uenide
574 1249 695 1309 peecatum
707 1257 756 1295 nou
766 1248 865 1295 mentua
881 1246 953 1295 dimi·

143 1316 260 1367 nationem
277 1314 401 1365 eharitatis.
421 1315 478 1365 Cim
493 1316 555 1367 enim
573 1314 654 1380 aliquis
673 1315 785 1379 delinquit
800 1315 826 1365 in
846 1314 951 1382 minori,

143 1400 190 1437 nou
203 1390 301 1438 meretur
316 1386 478 1437 detrimentum
489 1388 539 1451 pati
551 1388 576 1438 in
587 1388 679 1452 majori3
693 1389 752 1438 heus
763 1388 825 1439 euim
833 1395 883 1439 nou
893 1390 954 1453 plus

144 1471 168 1509 se
183 1458 265 1509 avertit
277 1459 305 1509 ab
321 1458 426 1521 homine,
443 1458 512 1523 quim
528 1461 597 1511 horno
611 1460 694 1509 avertit
711 1472 736 1509 se
754 1459 781 1509 ab
795 1459 845 1521 ipso
860 1478 867 1505 z
883 1463 954 1512 unde

144 1531 183 1594 qui
197 1530 358 1583 inordinatius
371 1532 440 1582 hahet
457 1532 516 1581 cirea
532 1545 559 1583 ea
568 1544 619 1596 quaa
631 1536 686 1581 sunt
698 1532 728 1581 ad
736 1530 817 1593 hem,
827 1542 877 1581 non
890 1545 955 1583 me-

143 1604 206 1653 retur
220 1602 379 1653 detrimentum
396 1603 444 1667 pati
459 1603 483 1653 in
502 1603 625 1666 charitate,
640 1616 682 1667 per
695 1615 763 1667 quana
778 1601 898 1653 ordinatur
919 1607 954 1657 ad

143 1674 249 1725 ultimum
260 1674 336 1725 finem.
348 1675 412 1725 Unde
423 1687 564 1738 consequens
577 1677 620 1735 est,
628 1673 689 1737 qudd
697 1673 795 1723 charius
805 1672 868 1723 nullo
879 1677 953 1727 modo

141 1745 238 1797 diminui
251 1746 335 1810 possit,
351 1746 436 1797 dheott
448 1746 570 1809 loquendo.
585 1748 755 1795 Potesttamen
771 1742 884 1798 ulnae
898 1746 950 1797 diei

82 1840 88 1849 ·
142 1817 285 1867 diminutio
306 1817 455 1871 charitatis.
472 1815 592 1879 dispositio
611 1815 641 1864 ad
660 1812 830 1878 corruptionem
850 1814 948 1882 ipsius3

143 1902 193 1951 qua
207 1889 233 1937 fit
246 1888 283 1939 vel
295 1900 336 1951 per
346 1890 443 1955 peecata
454 1886 562 1947 aeman,
571 1886 609 1937 uel
618 1885 688 1936 etiam
699 1898 741 1949 per
749 1886 903 1939 cessationem
920 1890 951 1941 ah

143 1959 252 2009 exauditio
265 1971 358 2022 operum
370 1958 494 2009 eharitatis.

174 2029 209 2079 dd
222 2028 320 2093 primum
333 2030 531 2093 theoderadam,
543 2028 863 2092 puddooutreriasuuteirea
874 2031 949 2097 idem,

144 2100 235 2163 quaudo
250 2099 377 2163 subjeetum
394 2099 510 2163 equaliter
527 2114 553 2151 se
566 2100 636 2150 habet
647 2101 675 2151 ad
689 2104 809 2163 utrumque
823 2104 955 2156 outrnio-

146 2184 204 2221 runa.
220 2172 266 2219 Sed
280 2170 379 2221 charitas
393 2184 438 2222 non
454 2173 534 2222 eodem
545 2173 612 2222 modo
631 2183 656 2222 se
673 2172 742 2221 hahet
757 2173 785 2222 ad
798 2179 953 2236 augmentum

144 2246 168 2294 et
184 2240 373 2307 diminutionem
384 2246 461 2307 potest
474 2243 536 2295 enim
553 2245 638 2295 hahere
654 2256 746 2294 oausam
758 2248 896 2310 augam,
906 2248 953 2299 sed

145 2326 192 2363 non
202 2316 280 2377 potest
293 2315 375 2365 habere
393 2328 484 2365 eausam
498 2315 647 2380 mouentem,
657 2313 717 2366 sieut
730 2316 866 2367 dictumest.
883 2317 953 2371 [lude

145 2386 203 2435 ratio
222 2397 269 2434 non
284 2386 394 2449 seqnitur,
414 2418 416 2423 -

95 2466 99 2477 ’
177 2458 212 2507 dd
221 2458 344 2507 seeundum
356 2456 489 2521 dicendum,
497 2457 559 2521 qaod
570 2459 653 2523 duplex
662 2463 698 2510 est
707 2458 830 2533 euwditas.
840 2460 954 2526 Unaqui-

147 2528 200 2578 dern
210 2541 255 2591 qua
269 2528 322 2580 linis
332 2529 358 2579 in
369 2529 478 2581 creaturis
488 2530 646 2595 constituitur3
657 2536 681 2583 et
690 2533 741 2583 hae
753 2532 879 2583 mortificat
888 2536 955 2588 ,tota-

146 2600 198 2649 liter
207 2600 350 2665 eharitatem,
366 2600 418 2653 edm
432 2602 462 2652 sit
479 2615 595 2653 uenenum
609 2603 727 2668 ipsius,ut
739 2604 882 2667 Augustinus
894 2604 953 2657 dicit

146 2670 238 2722 ihidenr.
253 2672 283 2722 Et
293 2674 338 2724 hoe
350 2673 403 2723 lacit
421 2673 480 2737 qadd
493 2674 557 2724 Deus
574 2675 651 2726 miuus
664 2678 761 2738 ametur,
775 2674 863 2725 scilieet
878 2676 952 2740 quim

147 2744 214 2793 debet
225 2744 294 2793 amari
308 2758 337 2793 ex
348 2744 471 2806 charitate,
486 2758 533 2795 non
544 2746 636 2809 quidem
647 2746 779 2797 choniatem
788 2744 948 2809 diminuendo,

148 2815 187 2867 aad
201 2828 252 2865 om
263 2814 365 2865 totaliter
384 2814 492 2867 tollendo.
508 2816 536 2866 llt
554 2817 589 2867 sio
600 2818 774 2880 mtedigandum
787 2819 899 2883 estquod
912 2819 952 2869 di-

148 2886 207 2945 eitur
225 2901 230 2939 :
253 2886 353 2965 ‹alllinus
366 2886 391 2935 te
402 2887 464 2936 amat
476 2886 516 2949 qai
527 2890 605 2947 herm
619 2888 706 2953 ahqud
718 2894 796 2957 amat3
810 2906 825 2941 a
841 2891 952 2949 subditur
