1992 3317
158 174 204 222 titt
262 182 516 229 ammoneremus,
533 180 627 227 onear.
644 180 716 231 xxvi,
733 180 790 221 aar.
807 182 862 222 um.

157 262 211 326 quia
223 260 337 312 intensius
350 259 488 324 diliguntur,
502 262 551 309 tum
565 256 635 309 etiam
647 258 701 321 quia
716 258 818 322 plun‘hus
834 258 966 311 rationibus

157 332 280 396 diliguntur
291 332 336 397 (ll.
355 331 455 381 lnteusio
473 333 549 390 numm
563 328 692 380 dilectionis
712 334 786 380 estex
799 329 966 393 conjunctione

158 403 233 469 dilecti
245 404 273 453 ad
290 403 420 467 diligentem
434 419 439 453 :
453 405 476 453 et
489 403 542 453 ideo
555 402 696 452 diversorum
713 401 804 452 dilectio
817 405 855 452 est
869 416 966 456 mensu·

156 474 227 525 reuda
246 476 369 525 secuudum
383 472 495 523 diversam
509 472 619 523 rationem
639 472 821 536 conjunctionis,
836 476 863 523 ut
876 474 967 526 scilicet

157 545 313 609 uuusquisque
323 545 427 607 diligatur
443 545 515 609 magis
525 545 550 593 iu
561 557 588 594 eo
603 544 663 607 quod
674 542 773 607 pertinet
787 544 815 594 ad
829 545 893 596 iham
907 560 965 598 com·

155 616 314 680 junctionem,
330 616 453 667 secundum
465 629 534 680 quam
547 614 657 679 diligitur.
664 616 693 665 Et
703 614 798 665 ulterius
808 620 965 683 comparanda

158 692 193 739 est
203 688 292 740 diectio
301 688 432 751 dilectioni,
447 688 570 739 secundum
588 686 779 750 comparationem
792 688 967 752 conjunctionis

158 762 187 811 ad
198 762 391 825 conjunctionem.
400 760 439 809 Sic
450 772 506 823 ergo
522 758 643 809 dicendum
661 762 707 822 est,
719 757 780 821 quod
794 759 900 810 amicitia
913 776 968 813 ccu-

158 832 334 895 sanguiueumm
357 831 464 881 tundatur
485 830 511 880 iu
534 829 694 893 conjunctione
714 829 824 879 naturalis
843 831 963 896 origims;

157 904 258 959 amicitia
276 906 352 955 autem
367 902 497 953 concivium
513 900 538 951 in
553 900 713 951 communione
731 899 807 963 civili,
822 905 847 951 et
861 904 964 955 aruicltia

158 974 355 1027 commilitantium
365 973 390 1023 iu
399 971 605 1023 communicatione
614 970 704 1022 heliica.
718 972 748 1021 Et
755 971 808 1021 ideo
821 972 847 1023 iu
856 974 897 1025 his
906 990 962 1040 quae

158 1046 275 1111 pertinent
288 1046 316 1095 ad
334 1047 439 1095 naturam
446 1080 454 1106 ‚
469 1044 521 1106 plus
536 1043 644 1094 dehemus
657 1042 752 1107 diligere
763 1046 965 1113 consanguineos3

157 1114 228 1167 inhis
244 1118 321 1167 autem
331 1128 383 1178 qua
396 1114 513 1177 pertinent
527 1114 555 1164 ad
570 1112 661 1163 civilem
679 1111 893 1177 marcumunemg
912 1118 969 1180 plus

158 1187 265 1239 dehemus
280 1186 373 1248 diligere
389 1184 509 1247 concives3
523 1187 547 1234 et
560 1184 584 1235 iu
597 1183 699 1248 bellicis,
713 1183 764 1247 plus
780 1186 964 1239 commilitones

159 1258 223 1307 Unde
233 1260 256 1307 et
267 1255 419 1319 Philosophus
428 1254 482 1305 dicit
493 1254 518 1305 iu
527 1255 567 1305 lx.
574 1254 658 1305 Ethic.
667 1254 728 1319 pudd
736 1271 750 1302 u
758 1253 854 1317 siugulis
865 1261 965 1321 propria

158 1331 182 1379 et
193 1326 340 1391 congruentia
353 1330 406 1379 suut
416 1327 569 1377 attribuenda.
581 1327 620 1377 Sic
633 1330 743 1377 autemut
755 1327 831 1377 iacere
842 1327 962 1394 videntur;

158 1399 186 1448 ad
204 1400 296 1463 nuptias
309 1399 371 1449 euim
390 1400 474 1449 vocant
488 1400 605 1461 cognatos.
622 1398 739 1449 Videhitur
757 1398 836 1461 utiquc
848 1402 874 1451 et
890 1403 966 1450 nutri

158 1474 235 1521 menta
248 1470 379 1536 parentibus
391 1473 495 1533 oportere
508 1469 609 1521 maxime
621 1470 740 1531 sufficere,
756 1473 780 1519 et
793 1471 904 1522 honorem
920 1486 962 1536 pa-

157 1546 263 1607 reutum3
276 1560 289 1592 u
305 1546 329 1593 et
344 1542 417 1593 simile
431 1546 466 1593 est
480 1542 549 1593 edum
564 1542 589 1591 in
605 1542 663 1592 aliis.
674 1540 700 1590 Si
709 1544 786 1591 autem
804 1556 963 1607 comparemus

158 1614 226 1665 etium
246 1614 430 1679 conjunctionem
450 1614 478 1665 ad
498 1612 696 1676 conjunctionem,
715 1615 806 1663 constat
824 1614 886 1677 quod
904 1627 961 1665 ocu·

158 1687 246 1748 iunctio
260 1686 368 1739 naturalia
377 1684 470 1749 originis
484 1688 521 1736 est
531 1685 593 1749 prior
605 1689 628 1735 et
638 1684 784 1748 immobilior,
797 1685 853 1749 quia
869 1690 907 1737 est
922 1700 960 1737 se

158 1759 257 1809 cundum
271 1758 294 1808 id
316 1758 376 1822 quod
396 1756 494 1821 pertinet
512 1757 723 1818 adnunciandum,
742 1757 792 1807 alia
809 1760 886 1807 autem
904 1772 964 1809 con·

156 1830 289 1892 iunctiones
301 1833 356 1881 sunt
366 1828 566 1893 supervenientes,
580 1831 604 1878 et
620 1829 733 1880 removeri
745 1830 849 1892 possunt.
860 1829 890 1877 lit
905 1829 962 1881 ideo

158 1902 259 1951 amicitia
271 1900 490 1965 consanguineorum
504 1904 540 1951 est
551 1898 661 1961 stabilior,
672 1901 712 1950 sed
720 1900 774 1950 ulie
786 1898 895 1951 amicitiae
906 1914 964 1965 pos-

158 1975 212 2021 sunt
225 1984 275 2023 osse
291 1973 377 2035 priores
387 1972 511 2023 secundum
520 1971 647 2034 illudqucd
656 1975 693 2021 est
705 1971 822 2036 pmprium
834 1971 962 2037 unicnique

158 2042 271 2093 amicitia.

189 2114 222 2163 Ad
241 2114 338 2177 primum
356 2128 409 2177 ergo
429 2114 563 2178 dicendum,
579 2113 709 2179 quidquia
726 2113 827 2165 amicitia
846 2114 961 2166 soclomm

158 2184 247 2248 propria
261 2185 382 2236 dilectione
395 2186 535 2237 contrahitur
544 2186 570 2235 iu
583 2186 619 2236 his
629 2200 682 2250 qua
697 2186 740 2237 auh
753 2190 829 2236 nostra
845 2187 959 2240 electione

157 2256 240 2307 cadunt
255 2256 328 2321 (putu
339 2256 362 2307 in
373 2257 494 2321 agendis),
505 2258 664 2323 preponderat
677 2260 726 2309 heo
739 2256 830 2307 dilectio
841 2257 960 2310 dilectioni

157 2328 384 2390 consanguineorum,
397 2333 422 2379 ut
433 2328 523 2379 scilicet
532 2328 607 2393 magia
618 2330 664 2381 illis
672 2328 838 2380 consentiamus
852 2328 876 2377 iu
891 2344 963 2394 agen·

157 2398 201 2461 dis;
214 2398 310 2449 amicitia
320 2402 395 2450 tamen
404 2400 624 2463 consanguiucomm
632 2406 667 2453 eet
675 2400 784 2461 stabilim,
793 2403 820 2449 ut
828 2403 884 2464 pote
893 2406 960 2452 natu·

156 2467 224 2521 vulicr
239 2468 354 2532 existens,
368 2475 391 2521 et
408 2472 520 2535 prevalet
538 2472 563 2521 in
576 2473 615 2523 his
628 2486 679 2536 que
699 2476 802 2523 naturam
825 2476 929 2535 spectant
950 2489 956 2522 :

156 2541 216 2591 uude
230 2540 303 2605 magis
321 2541 354 2593 eis
367 2545 471 2593 tenemur
483 2542 649 2607 improvisione
668 2542 855 2595 necessariorum.

191 2699 222 2763 (1)
238 2706 293 2758 Quia
308 2710 390 2763 preter
399 2718 545 2751 communem
554 2708 669 2753 rationem
679 2720 725 2764 qua
738 2708 853 2766 diligimus
867 2718 955 2765 omues,

156 2769 180 2811 ct
194 2768 321 2821 presertim
332 2767 423 2825 fideles,
436 2768 511 2813 adhuc
520 2780 561 2814 eos
575 2782 604 2814 ex
615 2771 705 2815 ratione
714 2772 809 2827 speciali
820 2771 954 2828 propinqui·

157 2828 349 2951 hafligetedilliagtientuum
365 2836 433 2888 atque
447 2830 507 2877 adeo
518 2831 624 2891 pluribus
638 2832 721 2894 modis,
735 2839 761 2877 ut
771 2834 956 2894 arvicumpruece·
