1992 3317
351 128 381 167 nn
396 128 460 169 nono
477 122 583 170 tinans.
819 123 865 172 titt

45 208 109 260 nobis
128 206 231 260 deficiat
245 208 307 273 qaod
321 218 438 272 speramus
452 208 555 260 obtinere
567 222 608 274 per
625 209 734 261 auxilinm
746 210 864 277 divinum3

46 284 83 331 sed
102 281 225 332 timemus
242 279 271 330 al)
289 282 333 331 hoo
354 280 438 331 anxiis
459 294 502 332 nas
520 282 658 334 subtrahere.
680 282 709 333 nt
725 282 777 334 ideo
797 283 866 336 timor

45 354 121 405 filialis
133 356 158 405 at
175 364 236 417 spes
250 350 296 403 sibi
306 352 405 403 invicern
417 353 539 415 schamat,
551 355 575 403 et
586 366 610 404 se
621 354 720 406 invicem
731 355 863 419 perficiunt.

75 426 111 476 nd
125 426 263 477 secundnm
278 423 414 487 dicendum,
429 424 487 488 quid
506 424 622 490 preprium
640 430 663 477 et
679 427 805 493 principale
824 427 864 479 olr-

47 498 135 560 jectnm
157 496 257 549 timoris
274 496 313 545 est
331 495 416 545 malam
434 496 494 559 qnod
516 496 567 561 quis
585 498 678 562 refugit.
697 500 725 549 Et
744 512 786 563 per
802 500 865 551 lrunc

48 571 143 619 nodum
157 570 228 619 Daue
245 580 293 618 non
302 569 389 631 potest
400 578 451 619 essa
465 566 579 632 objectum
597 568 701 634 timoris,
713 569 774 620 siant
794 570 863 635 snpra

13 592 16 681 l
50 642 195 691 dictumest.
208 640 252 689 Est
262 642 341 689 autern
351 651 393 703 per
405 640 467 690 hunc
479 641 571 691 malurn
585 641 699 705 objectum
708 643 758 707 spei
768 645 792 694 et
805 643 863 693 alia·

13 758 15 817 r
49 710 863 836 {aarsalonentianaetantaaalatr

50 857 93 906 seri
105 854 268 919 principaliter
282 853 312 935 ael
326 796 497 939 adipiscenllnrn
508 795 670 919 ipsnnqsserm
680 800 787 919 tglrqunm
799 824 867 921 prin,-

13 962 14 1017 t
51 925 864 1064 mittinlatai,elatattacitatacita.

52 1069 120 1132 pium
136 1068 243 1132 timoris,
257 1082 305 1121 non
322 1068 426 1133 seqnitur
436 1069 497 1134 qu'td
514 1070 584 1120 timor
602 1070 644 1121 liei
663 1082 711 1119 non
729 1070 760 1119 sit
774 1070 864 1122 liabitas
961 1132 966 1139 ,

13 1162 14 1203 p
56 1140 181 1193 distinctus
196 1140 211 1191 a
224 1140 346 1203 charitate,
361 1154 412 1205 quae
424 1144 459 1191 est
471 1154 534 1193 aanor
546 1142 601 1204 liei,
613 1142 666 1206 qnia
678 1154 743 1192 amor
753 1143 788 1191 est
800 1142 864 1204 prin-

13 1218 14 1225 ’
58 1213 142 1277 cipiunt
155 1212 261 1263 amnium
275 1210 438 1277 affectionum
450 1216 472 1261 et
484 1213 669 1264 timendirersis
683 1212 799 1263 habitibus
812 1225 865 1276 per·

59 1283 145 1334 icimur
155 1284 218 1333 circa
228 1282 334 1334 diversas
343 1282 483 1334 allectores.
494 1285 548 1334 lateo
557 1287 636 1335 tamen
645 1297 709 1336 amor
717 1284 867 1349 magishaltct

61 1356 169 1407 rationem
186 1353 294 1415 virtutis,
313 1366 381 1419 quana
399 1353 479 1417 tintor3
491 1355 546 1419 qnia
565 1369 627 1406 annor
647 1356 740 1421 respicit
761 1357 862 1420 bonnm,

61 1428 87 1475 acl
99 1428 161 1491 qnod
177 1424 336 1491 principaliter
345 1424 418 1475 virtus
432 1425 550 1477 ordinatur
564 1427 688 1478 secundnm
701 1426 814 1492 propriam
826 1440 865 1479 ra-

61 1497 147 1549 tionem
154 1534 163 1561 ‚
177 1500 205 1547 ut
218 1510 247 1546 ax
268 1508 339 1560 supra
355 1496 422 1547 dietis
433 1500 497 1560 patet
514 1497 555 1561 (t,
575 1502 600 1560 a,
614 1511 655 1561 qu.
670 1503 710 1563 55,
724 1502 768 1549 art.
780 1499 825 1562 a).
836 1499 866 1548 lit

61 1584 103 1634 per
115 1572 171 1633 hnc,
184 1570 254 1621 etiarn
263 1581 318 1634 spes
327 1568 421 1633 ponitur
435 1570 517 1621 virtus.
533 1570 610 1621 Timor
618 1572 695 1620 autern
707 1571 865 1636 principaliter

62 1640 157 1705 respicit
167 1641 247 1691 malam
253 1678 262 1705 ‚
272 1640 428 1705 cujns'luganr
439 1641 561 1704 importat3
570 1642 631 1692 unde
640 1645 676 1691 est
689 1640 775 1705 aliquit
787 1641 864 1691 minus

62 1710 296 1776 virtute'tlieologica.

93 1786 128 1836 ld
150 1792 257 1849 qnantum
276 1784 415 1846 dicendum,
439 1785 501 1849 qnid
522 1785 582 1836 sient
605 1784 688 1835 dicitur
706 1781 810 1841 Eccles„
829 1783 863 1845 X,

66 1876 78 1905 r
87 1858 181 1907 initiam
195 1856 308 1921 superbie
326 1856 426 1907 hominis
445 1860 576 1921 apostatare
589 1856 698 1920 tileo»
714 1857 758 1905 lroa
771 1854 864 1920 estll),

65 1930 123 1981 nolle
138 1927 204 1980 subdi
213 1930 260 1979 lieo
268 1966 277 1993 ,
293 1929 355 1991 qnod
371 1928 493 1993 opponitur
505 1929 584 1980 timori
597 1929 675 1992 illiali,
694 1928 734 1992 qni
746 1928 819 1978 Deam
829 1941 864 1979 re·

65 2006 161 2052 veretur.
178 2000 208 2050 Et
228 2000 262 2057 sic
279 1998 348 2050 timor
361 2000 462 2050 excludit
476 2000 611 2065 principium
626 2000 756 2065 snperbia,
771 2003 864 2064 propter

66 2074 122 2137 quod
130 2074 196 2123 datur
203 2074 285 2122 eontra
296 2071 435 2134 snperbiam.
443 2073 490 2123 Nee
497 2075 576 2122 tamen
585 2073 687 2136 sequitur
694 2072 756 2136 qnid
764 2071 795 2121 sit
804 2071 864 2122 idem

68 2156 116 2193 eum
127 2144 211 2194 viante
225 2140 376 2206 humilitatis,
392 2144 429 2193 sed
451 2142 512 2207 qnod
525 2144 557 2193 sit
573 2142 711 2207 principiani
726 2143 786 2207 ejus.
801 2143 864 2193 liena

67 2215 124 2265 eninr
142 2214 240 2279 Spiritus
257 2212 332 2264 sanati
350 2216 404 2263 sunt
423 2213 539 2279 principia
557 2214 666 2264 virtutum
681 2212 864 2265 intellectualium

69 2288 91 2334 et
101 2284 230 2348 moralium,
240 2286 267 2333 ut
283 2282 353 2347 suprl
366 2282 450 2335 (ianm
464 2287 501 2335 est
510 2285 550 2351 (l,
564 2290 588 2347 t,
600 2299 639 2348 qu.
653 2288 697 2347 68,
708 2288 751 2335 art.
766 2284 864 2346 teta).

70 2356 109 2407 Sel
127 2356 222 2407 virtutes
244 2354 379 2418 theologica
395 2358 449 2405 aunt
465 2355 581 2419 principia
601 2358 729 2419 donorum,
748 2358 775 2404 ut
796 2354 865 2417 supra

70 2428 165 2482 inaltant
177 2428 230 2492 est(
241 2427 298 2477 itit.
311 2429 354 2475 art.
372 2430 394 2490 t,
413 2428 441 2477 ad
456 2432 469 2476 3
482 2426 501 2491 ).
540 2428 544 2431 ’

98 2500 158 2550 llnde
170 2502 235 2565 patet
247 2496 370 2563 responsio
386 2498 414 2549 ad
424 2497 539 2562 quintiana.

104 2644 132 2706 (l)
145 2648 317 2703 AEaniralenter
327 2646 405 2703 quoad
418 2658 525 2702 sensnm
541 2646 661 2705 superficie
672 2649 741 2691 tenus
752 2648 864 2690 tutemet

68 2708 190 2757 termatiter
210 2716 326 2767 qnantum
342 2708 504 2757 adactionem
523 2711 587 2757 roais
605 2710 706 2769 depecta
722 2708 739 2752 ὸ
753 2709 802 2752 Dea
820 2704 864 2767 (ex

71 2784 141 2831 greco
155 2773 295 2840 ἀποςῆναι),
311 2768 559 2833 varr.1a,uorpau1o
572 2774 639 2819 aliar
647 2778 727 2819 tamen
737 2787 744 2817 a
756 2770 862 2817 lotitiam

71 2844 182 2909 soporata
194 2847 344 2907 apostatante
358 2843 454 2896 lamiae
465 2844 652 2919 (arram-irae),
665 2848 712 2891 otc.

13 2974 15 3001 l

13 3014 15 3031 t
