1992 3317
366 133 398 172 nn
412 133 591 172 nmnrrurnurts.
828 124 874 171 ata

28 202 33 259 i·
86 209 153 260 rante.
166 207 223 272 Ergo
243 221 292 259 uon
309 211 384 272 potest
396 209 418 259 ei
437 209 526 259 restitui
539 210 600 273 quod
617 209 718 260 ahlntnnr
737 212 780 262 est.
793 210 823 260 llt
843 210 875 261 ita

28 316 32 325 .
86 291 128 330 uon
142 282 174 329 est
186 279 214 332 de
228 280 365 332 necessitate
375 280 453 330 salutis
466 280 585 331 restituere
598 280 707 331 ablatum,

28 347 29 352 ’
115 353 136 400 t.
149 351 274 414 Preterea,
288 352 327 402 illc
342 351 382 415 qni
396 351 492 417 impedit
507 351 606 415 aliquem
621 352 651 402 ab
662 352 737 417 aliquo
747 353 808 405 hono
821 367 875 405 con·
913 373 919 382 ·

28 421 29 426 ’
85 422 369 486 sequerrdo,videturillud
380 422 402 473 ei
410 423 576 485 aulerre;quia
584 440 599 471 u
607 424 669 487 quod
677 423 790 474 modicum
798 425 874 488 deest,

84 493 145 558 quasi
155 491 211 542 nihil
223 493 301 544 deesse
313 493 411 555 ridetur,
426 510 440 542 »
455 497 481 544 ut
495 493 648 558 Philosophus
664 494 719 546 dicit
728 495 752 544 iu
764 496 785 544 ll
801 497 873 558 Phua.

83 565 123 616 Sed
137 577 187 614 cnm
199 563 280 627 aliquis
296 564 392 628 impedit
403 565 501 628 aliquem
511 570 536 616 ut
546 579 592 616 non
606 571 758 630 consequatur
770 567 876 630 praehen-

82 636 136 686 dam.
150 635 185 684 vel
200 635 285 698 aliquid
301 635 444 700 hujusmodi,
457 651 504 688 non
519 637 610 687 uidetur
620 637 681 700 qudd
696 641 799 688 teneatur
813 637 875 688 eiad

61 698 243 757 ‘rcsdtrttionem
267 707 405 771 praehendae,
426 710 479 772 quia
501 708 636 771 quaudoque
654 721 700 758 non
720 712 805 772 posset.
826 709 876 760 Non

80 791 133 842 ergo
148 777 266 830 restituere
280 779 439 842 statumen
452 781 480 830 de
496 780 633 830 necessitate
645 780 734 830 salutis

111 849 153 900 Sed
164 851 241 898 contra
251 853 303 917 vest,
322 851 381 914 quod
392 851 534 914 Augustinus
552 851 608 900 dicit
618 851 642 900 in
657 851 759 914 Epistola
773 851 810 900 ud
823 854 876 902 dlo-

80 921 174 976 uedeo..
195 920 257 984 xlv,
274 925 354 984 quaest.
375 927 407 973 d:
423 939 436 970 u
450 923 473 972 Sl
491 937 527 974 res
548 922 623 974 aliena
638 926 731 986 propter
743 935 811 986 qnam
821 937 876 986 pec-

81 997 153 1044 catnnr
163 995 198 1042 est
208 1030 214 1053 ,
223 992 285 1043 reddi
297 994 378 1058 possit,
388 998 411 1044 et
419 1008 465 1045 nou
473 995 582 1055 redditur,
593 993 727 1058 poeuiteutia
736 1005 781 1044 non
792 994 874 1058 agitem

79 1065 120 1116 sed
139 1063 265 1116 simulatur.
280 1065 305 1114 Si
319 1068 393 1117 autem
404 1067 517 1116 veraciter
532 1065 614 1128 agitem
630 1065 807 1115 nonremittitnr
819 1078 874 1128 pec·

79 1139 166 1197 catum,
182 1135 228 1186 nisi
241 1135 372 1186 restituetur
383 1136 489 1198 ahlatuur,
506 1135 527 1186 si
540 1137 574 1201 (ut
585 1135 643 1201 dixi)
658 1135 748 1186 restitui
760 1140 843 1199 potest.
857 1153 870 1183 u

113 1203 272 1271 (concursio.
287 1233 317 1244 -
325 1208 387 1258 ldeur
403 1208 521 1258 restituere
534 1208 594 1272 quod
607 1207 693 1272 injuste
710 1205 810 1258 aohtuu
823 1211 874 1270 est,

79 1282 115 1332 est
129 1280 157 1330 de
168 1277 303 1330 necessitate
315 1279 401 1333 salutis.
415 1283 422 1342 )

109 1351 246 1416 Respondeo
264 1350 397 1414 dicendum,
422 1351 482 1415 quod
508 1352 637 1415 restitutio,
653 1353 712 1403 sicut
731 1351 818 1403 dictum
840 1356 876 1402 est

80 1424 139 1487 (art.
153 1426 191 1486 tl,
201 1424 309 1472 estractus
317 1421 413 1487 justitiae
420 1425 594 1488 munnulus,
602 1438 653 1488 que
660 1425 683 1474 iu
694 1423 790 1488 quadam
800 1437 878 1487 equa-

77 1494 141 1545 litate
152 1492 264 1544 consistit.
284 1495 313 1544 lit
324 1495 375 1546 ideo
388 1497 523 1546 restituere
535 1495 642 1558 importat
656 1493 804 1545 redditionem
817 1495 877 1546 illins

79 1565 113 1616 rei
126 1577 179 1629 qnae
196 1564 280 1629 injuste
293 1565 367 1616 ablata
380 1570 429 1629 est;
439 1566 474 1616 sie
485 1565 545 1617 enim
558 1578 599 1628 per
612 1565 715 1615 iteratam
728 1565 779 1628 ejus
789 1565 877 1616 exhibi-

78 1637 165 1688 tiouem
181 1636 297 1700 equalitas
313 1640 437 1700 reparatur.
452 1635 476 1685 Si
490 1635 543 1686 uerh
554 1634 618 1698 juste
632 1635 787 1697 alletensi,
801 1649 879 1699 aequor

76 1707 128 1758 litas
141 1706 186 1758 erit
199 1723 204 1733 ·
220 1709 242 1758 et
257 1707 306 1757 ideo
318 1720 364 1758 nou
378 1707 532 1758 necessarium
542 1707 586 1757 erit
601 1710 628 1756 nt
638 1705 660 1756 ei
673 1709 812 1768 restituatur,
823 1706 878 1769 quia

71 1778 163 1842 justitia
178 1781 203 1828 iu
217 1779 343 1841 equalitate
357 1778 468 1829 eorrsistit.
480 1777 539 1828 Cium
550 1791 604 1842 ergo
619 1789 753 1828 conseruare
765 1778 877 1841 justitiam

75 1853 106 1902 sit
119 1852 148 1902 de
166 1850 300 1902 necessitate
322 1850 415 1915 salutis,
432 1859 573 1913 consequeus
592 1852 627 1917 est
644 1847 707 1912 qndd
723 1847 840 1899 restituere
854 1849 878 1898 id

75 1923 137 1984 quod
149 1919 236 1986 injuste
246 1921 345 1971 ahlalnm
358 1924 392 1972 est
407 1921 482 1985 alicui,
492 1924 523 1971 sii
534 1921 562 1971 dc
574 1919 712 1973 necessitate
724 1919 812 1969 salutis.

106 1994 142 2044 dd
155 1993 255 2056 primurn
267 1993 451 2056 ergo-dicendum
457 2030 465 2056 ,
478 1992 539 2057 quod
552 1993 577 2042 in
590 1992 675 2055 quihus
686 2004 732 2042 nun
745 1994 820 2055 potest
836 2005 879 2041 re-
971 2005 974 2057 p

73 2061 220 2127 compensari
234 2062 388 2126 equiculum,
407 2062 490 2113 sufficit
503 2063 562 2126 qudd
579 2062 610 2112 ihi
622 2065 806 2126 recompensetur
819 2063 879 2126 quod

74 2134 188 2199 possibile
203 2138 247 2197 est,
259 2135 317 2197 sicut
333 2137 396 2198 patet
416 2135 443 2186 de
457 2134 582 2186 honoribus
595 2134 634 2196 qui
651 2137 705 2184 sunt
722 2134 751 2184 ad
770 2135 841 2183 lteum
855 2139 880 2184 et

74 2208 102 2257 ad
125 2209 250 2270 parentes,
268 2208 293 2254 ut
314 2205 465 2270 Philosophus
487 2205 542 2256 dicit
555 2206 579 2254 iu
603 2206 652 2256 lllll
670 2205 762 2261 lt'tdic.5
782 2205 812 2255 Et
829 2205 880 2256 idco

73 2278 171 2342 quando
192 2275 215 2326 id
229 2278 288 2340 quod
301 2279 337 2326 est
351 2277 462 2339 ablatum,
478 2290 524 2327 non
540 2281 575 2327 est
590 2275 725 2326 restitnihile
742 2291 783 2341 per
796 2276 881 2340 aliquid
971 2274 973 2293 ²

72 2349 179 2412 aequale,
195 2349 262 2398 dehet
276 2347 325 2400 ficri
341 2348 521 2412 recompensatio
534 2347 607 2411 qualis
625 2347 739 2411 possibilis
755 2351 790 2397 est
804 2361 809 2395 :
825 2345 881 2410 puta
972 2386 973 2407 ,

73 2433 130 2469 cnm
148 2418 232 2482 uliquis
246 2417 313 2470 alicui
326 2419 417 2468 ahstulit
430 2419 569 2479 membrum,
585 2419 653 2469 dehet
671 2418 692 2468 ei
707 2430 881 2481 recompensare
972 2436 973 2445 ε

72 2491 112 2540 uel
129 2489 155 2539 in
177 2490 288 2554 pecunia,
303 2491 339 2541 rel
351 2491 375 2539 in
391 2490 466 2554 aliquo
480 2491 583 2549 honore,
596 2489 739 2539 considerata
753 2488 881 2539 conditione

72 2562 199 2625 utriusque
219 2574 333 2625 persone,
348 2562 470 2611 secuudum
486 2560 602 2610 arbitrium
615 2561 669 2611 honi
685 2560 737 2610 uiri.
960 2614 963 2627 1

108 2635 146 2683 nd
164 2633 289 2683 secundum
302 2633 435 2696 dicendum,
455 2632 517 2695 quod
529 2631 609 2695 aliquis
627 2635 701 2696 potest
714 2632 782 2681 elicui
798 2631 882 2680 lamam

71 2704 202 2768 tripliciter
215 2705 303 2754 anlerre
319 2716 382 2754 :uno
396 2704 479 2764 modo,
494 2716 575 2754 uerum
584 2704 697 2766 dicendo,
707 2707 730 2752 et
740 2701 816 2765 juste,
828 2700 881 2764 puli

73 2775 131 2824 cium
146 2774 232 2838 aliquis
247 2774 331 2825 crimen
348 2774 444 2839 alicujus
462 2774 537 2838 prodit
555 2774 633 2826 ordine
651 2773 726 2824 dehito
740 2775 844 2834 serrato,
861 2774 885 2821 et
957 2770 960 2777 '

73 2849 134 2896 tune
153 2859 204 2898 non
218 2849 307 2897 tenetuu
320 2847 346 2898 ud
363 2845 531 2898 restitutionem
545 2844 627 2910 iamae3
645 2845 689 2896 alio
703 2845 771 2896 modo
782 2883 789 2907 ,
801 2843 884 2895 falsum
954 2870 957 2881 ι
