1992 3317
122 154 170 202 tas
254 156 508 205 ammoneremus,
526 154 619 201 eumer.
636 138 677 205 rs,
695 152 750 192 aar.
768 154 786 191 1.

157 241 314 305 (Conmnsro.
329 262 361 273 -
373 232 430 284 Cdm
443 246 471 284 ea
482 246 534 297 puae
542 231 595 282 fldei
609 234 670 295 sunt,
687 243 755 295 supra
769 229 868 279 hominis
881 242 929 279 na-

123 318 197 364 turam
211 311 259 361 sint
274 308 356 360 otiitis
369 306 516 358 amendendo
529 318 599 369 snpra
612 316 677 357 suam
691 305 795 355 elevetur
808 306 929 365 naturam,

124 386 177 436 unu
195 395 313 434 assensum
326 390 420 430 neeesse
433 382 468 428 est
485 390 537 428 esse
551 376 564 426 d
577 378 624 427 iteo
640 375 737 427 interius
757 378 864 427 merome
884 388 932 439 per

125 455 229 521 gutiam,
243 458 268 507 et
279 466 326 505 non
337 464 367 503 ex
376 449 452 501 nohis.
463 449 472 513 )

157 527 294 591 Respondes
303 524 437 585 dicendum,
448 521 508 585 quod
520 523 547 572 ad
559 522 627 572 tidem
640 520 684 571 duo
697 520 859 584 requiruntur:
870 532 935 583 quo·

124 612 175 649 rum
191 610 262 648 unum
279 600 329 660 est,
347 598 374 646 ut
390 592 478 645 homini
491 591 605 643 eredibilia
626 595 792 657 proponantur,
807 592 870 654 quod
886 606 933 643 re-

123 670 222 735 quiritur
239 671 268 721 sd
285 670 329 721 hoc
351 665 412 731 quod
431 667 498 717 homo
520 664 604 729 aliquid
623 661 729 728 explicite
750 662 844 725 eredat3
867 662 933 713 aliud

122 745 200 792 autem
210 740 271 805 quod
284 741 311 790 ad
323 739 390 789 tidem
401 734 536 800 requiritur,
549 739 584 786 ost
600 748 707 787 assensus
724 734 839 786 credentis
857 734 887 783 ad
903 748 935 787 ea
967 732 971 741 '

123 826 175 878 pue
190 814 353 877 proponuntur.
366 810 478 868 Quantum
496 821 550 870 ergo
567 806 596 858 ad
608 806 814 871 primumdum,
829 819 932 859 neeesse

122 887 159 935 est
174 884 236 948 quod
250 884 307 933 ddes
320 881 351 931 sit
363 880 377 930 d
390 881 459 943 De03
475 892 504 929 ea
517 876 578 929 enim
594 892 646 945 qua
659 882 714 928 suut
732 876 797 938 idei,
811 880 934 930 excedunt

122 953 235 1007 rationem
247 955 369 1005 humanam
383 967 389 1003 :
407 950 528 1002 undenos
542 950 628 1000 endunt
639 949 664 999 in
679 948 835 1012 cognitionem
850 950 934 1001 homi-

123 1026 177 1088 nis,
193 1026 239 1077 nisi
256 1027 303 1077 Deo
322 1024 447 1076 revelante.
468 1021 515 1072 sed
531 1021 668 1086 quibusdam
681 1020 774 1084 quidem
796 1020 936 1073 revelantur

124 1097 256 1149 immediate
270 1097 283 1148 d
296 1099 359 1160 lieo;
376 1095 435 1146 siout
448 1097 502 1143 snut
516 1094 617 1143 revelata
630 1091 744 1157 Apostoiis
758 1096 781 1142 et
795 1092 934 1157 Prophetis

126 1170 261 1235 mam
275 1172 353 1219 summ
372 1167 532 1231 proponuntur
548 1164 621 1215 iiten
637 1163 742 1215 mittente
767 1162 819 1213 fidei
842 1166 935 1227 pradi-

128 1245 231 1304 mores,
245 1241 367 1291 seeundum
379 1237 435 1288 ittud
453 1238 534 1292 Rom„
551 1236 572 1285 X
583 1251 589 1285 ι
601 1234 741 1295 «Quomodo
755 1234 935 1299 predicabant,

129 1312 174 1364 nisi
186 1312 313 1363 minutus
325 1328 339 1359 u
354 1311 469 1369 Quantum
482 1307 538 1359 rerd
548 1309 577 1358 ad
591 1308 729 1369 meandum,
744 1305 831 1357 odium
849 1308 882 1357 ad
897 1321 937 1359 as-

129 1397 222 1435 sensnm
235 1383 368 1435 tromnutu
381 1395 408 1432 eu
420 1396 472 1441 que
482 1384 537 1431 sunt
546 1378 600 1431 fidei
611 1382 687 1444 potest
696 1378 831 1429 considerari
843 1380 937 1445 duplex

129 1468 207 1506 nausa.
216 1456 265 1505 tina
272 1455 364 1519 quidem
375 1453 477 1504 exterius
488 1452 613 1514 indoneus,
624 1451 682 1503 suut
694 1450 825 1502 miranntuun
840 1452 933 1515 risum,

129 1526 167 1577 rel
178 1526 295 1591 persuasio
310 1524 410 1577 hominis
422 1522 551 1577 indnoentis
570 1524 599 1573 ad
613 1522 695 1586 tidem3
713 1532 809 1587 qnorum
823 1527 936 1575 nonnum
994 1516 995 1525 ’

129 1600 166 1649 est
178 1598 295 1650 sufficiens
311 1609 388 1648 nausu.
401 1595 532 1646 Videntiuur
546 1596 608 1645 enim
622 1608 693 1645 unum
711 1597 735 1645 et
751 1592 810 1645 idem
828 1593 933 1647 miraeu-

130 1669 190 1732 ium,
203 1674 227 1721 et
236 1668 376 1721 audientium
393 1668 496 1719 eamdem
509 1666 709 1731 predicationem,
721 1666 812 1729 quidam
825 1666 936 1731 eredunt,

129 1744 154 1792 et
165 1742 258 1807 puidam
267 1754 314 1793 non
328 1740 423 1791 moduni
435 1754 441 1788 ε
452 1742 476 1789 et
489 1737 541 1791 ideo
552 1740 643 1803 oportet
660 1750 744 1802 ponere
754 1736 822 1789 stiam
835 1750 937 1791 causum

128 1810 330 1876 interioremque
344 1813 420 1861 movet
435 1809 551 1860 nominem
564 1809 661 1861 iuterim
670 1810 697 1859 ad
712 1809 884 1859 assentiendum
895 1812 937 1863 his

129 1896 179 1947 pue
189 1889 245 1934 suut
260 1883 323 1935 unet.
335 1884 398 1933 itane
410 1886 488 1933 autem
500 1894 591 1933 nauem
602 1879 719 1944 pelagiani
730 1880 846 1945 penetrent
854 1882 937 1935 solnm

129 1954 226 2005 liberum
245 1954 364 2006 arbitrium
382 1948 498 2014 hominis,
512 1955 536 2003 et
554 1955 649 2017 prepter
671 1954 716 2004 troo
736 1950 855 2016 deshont,
869 1953 937 2017 qued

129 2024 221 2076 mium
234 2026 287 2075 ddei
307 2030 343 2076 est
359 2038 389 2077 ex
401 2025 467 2077 notris
483 2024 648 2089 (inquantum
661 2022 748 2075 soitioet
763 2036 793 2073 ex
810 2024 878 2074 uobis
896 2032 938 2077 est

129 2096 190 2163 quod
206 2096 279 2162 parati
294 2111 373 2148 sumus
382 2098 411 2148 ad
425 2095 595 2147 assentiendum
609 2096 646 2147 his
661 2109 712 2160 qus
728 2098 783 2145 sunt
799 2095 880 2160 tidei);
891 2100 937 2149 sed

129 2170 296 2221 nonsummatio
312 2173 347 2219 est
356 2169 370 2219 d
379 2171 442 2225 Deo,
453 2180 496 2233 por
508 2182 577 2231 pam
586 2168 651 2221 nohis
666 2170 825 2233 proponuntur
840 2180 867 2221 en
879 2183 936 2233 pum

130 2242 223 2293 enodem
236 2241 354 2293 debemus.
370 2242 415 2292 Sed
426 2242 472 2291 hoo
485 2244 521 2291 est
533 2240 623 2306 salsura
636 2241 690 2305 quia
704 2253 757 2289 eum
770 2240 839 2291 homo
852 2254 936 2293 assen-
993 2252 994 2305 ζ

127 2312 209 2380 tiendo
229 2312 266 2364 tris
285 2327 335 2377 qne
352 2315 407 2363 sunt
428 2312 494 2374 ddei,
508 2312 610 2365 ederetur
631 2325 700 2376 supra
724 2315 828 2363 numnam
849 2326 933 2375 suam,

131 2387 220 2446 oportet
236 2385 296 2449 quod
309 2386 353 2435 troo
370 2384 426 2435 insit
441 2384 463 2434 ei
480 2397 510 2435 ex
528 2384 693 2449 supernaturali
709 2380 821 2449 prinoipio
836 2384 935 2437 interius

130 2458 238 2506 mouente
247 2494 254 2517 ‚
264 2457 325 2519 quod
338 2460 374 2507 est
382 2458 446 2507 Deus
460 2460 503 2507 ret
513 2455 565 2507 ideo
576 2456 632 2507 ttdns
640 2459 747 2519 quantum
763 2457 790 2505 ad
802 2469 932 2522 assensum,

130 2526 172 2591 qui
185 2531 223 2577 est
232 2525 364 2592 principalis
372 2531 438 2578 aetus
448 2528 514 2589 fidei,
529 2530 564 2579 est
578 2528 592 2578 t
604 2528 654 2579 Deo
665 2527 762 2579 interius
775 2532 884 2579 mouente
892 2543 935 2593 per

161 2672 196 2722 Ad
212 2671 310 2737 primum
325 2685 379 2735 erpo
401 2670 524 2724 dicendum
533 2709 542 2736 ,
559 2672 618 2737 qndd
636 2686 676 2737 per
692 2670 811 2722 seientiam
833 2672 936 2738 gignitur

129 2740 202 2804 udos,
218 2745 242 2793 et
252 2741 360 2804 numum,
370 2756 411 2806 per
427 2745 521 2797 modum
531 2743 652 2797 exterioris
666 2743 902 2809 permanserimus
912 2748 938 2797 uu

128 2813 159 2862 ab
175 2814 249 2878 alique
263 2813 371 2878 seientia;
385 2815 426 2866 sed
444 2817 577 2882 principalis
588 2821 614 2867 et
630 2816 723 2881 propria
741 2829 810 2867 eausa
829 2817 883 2869 ddei
901 2826 938 2873 est

128 2881 152 2933 id
165 2886 224 2948 quod
239 2884 335 2937 interius
353 2891 428 2937 mouet
442 2890 469 2939 ad
485 2889 665 2940 assentiendum.
