1992 3317
383 207 413 244 b!
429 206 527 246 amon.
809 201 855 248 tlt

55 283 139 336 dicitur
150 283 160 333 l
173 282 210 332 od
221 281 290 336 eor..
308 282 338 334 vl
353 298 359 332 :
375 284 481 347 «Fugite
495 283 676 337 temtationem.
690 301 706 333 ι
720 285 856 338 Rmittendo

55 358 143 416 autem,
153 355 243 418 quando
254 353 362 418 cogimtio
374 368 522 418 pessumam
531 356 591 408 tollit
603 356 746 408 menmium
754 359 853 423 peccati,

54 426 115 491 qnod
134 423 239 490 pmrenit
249 437 280 475 ex
290 425 365 490 adque
377 426 424 478 leui
438 427 628 491 apprehensione.
643 429 672 478 itt
685 429 729 480 bec
743 429 857 494 contingit

54 499 78 549 in
90 497 182 560 acedia,
197 498 253 560 quia·
261 496 344 560 quanto
359 497 431 562 magis
441 499 565 562 cogitamus
576 500 604 550 de
614 500 681 551 bonis
690 501 853 566 spiritualibus,

54 569 120 623 tanto
136 569 209 633 uagis
224 569 292 622 uobis
307 569 421 634 piauemia
434 571 566 633 redduntur,
579 584 609 622 ex
622 585 667 636 quo
684 577 758 624 cessnt
767 575 853 625 acedia.

351 747 512 802 inlicitus
528 751 558 801 ll.

243 873 329 918 Utrum
337 871 418 918 acedia
427 873 460 919 stt
472 874 575 931 speciale
583 872 676 920 uitium.

86 1002 120 1053 ild
136 999 261 1052 secundum
275 1000 309 1050 sic
317 998 445 1064 proceditur
452 1000 496 1064 (t).
508 999 604 1050 Viatetur
610 999 672 1064 qndd
681 1000 759 1052 acedia
769 1015 816 1053 non
825 1002 856 1054 ait

53 1073 156 1138 speciale
168 1071 256 1122 vitium.
271 1071 328 1122 lllud
338 1071 399 1122 euim
408 1071 468 1136 quod
479 1071 586 1123 convenit
596 1071 658 1121 omni
669 1071 791 1133 ritio,nun
801 1087 857 1124 uon·

52 1145 129 1195 stituit
139 1141 246 1208 specialis
259 1142 310 1193 uitii
322 1141 443 1194 rationem.
458 1143 504 1193 Sed
518 1143 635 1206 quodlibet
650 1143 732 1194 uitium
740 1145 796 1196 tacit
809 1147 855 1196 bo-

52 1214 242 1266 minem-tristari
260 1214 288 1265 de
306 1215 367 1265 bono
386 1213 501 1278 spirituali
518 1215 642 1279 opposito3
661 1229 714 1266 nam
726 1216 856 1267 luxuriosus

51 1287 158 1338 tristatur
170 1286 198 1337 de
211 1285 271 1336 bmo
279 1284 437 1348 continentie,
450 1289 474 1335 et
486 1287 578 1349 gulosus
589 1287 618 1338 ds
632 1288 694 1339 bono
703 1287 855 1340 abstinentia.

51 1357 113 1408 Cium
127 1369 181 1420 ergo
198 1357 273 1406 acedia
287 1356 319 1406 sit
334 1355 425 1406 tristitia
440 1358 468 1407 de
481 1357 683 1426 muospddmab,
695 1359 755 1410 sicut
770 1361 856 1410 dietum

52 1432 104 1490 est,
123 1427 213 1478 ridetur
224 1427 286 1492 qudd
299 1419 440 1478 acedisno‘n'
449 1422 503 1479 sit‘
491 1429 590 1492 speciale
602 1433 728 1493 peccatum.
869 1440 872 1445 ·

85 1502 111 1547 a.
126 1497 254 1560 Preterea,
265 1496 342 1547 acedia
354 1495 406 1547 cim
417 1497 447 1548 sit
456 1498 549 1548 tristitia
561 1500 678 1562 quadam,
692 1499 774 1561 madio
785 1511 857 1564 oppo-

51 1568 126 1621 nitur.
143 1568 187 1620 Sed
210 1567 316 1630 gaudium
337 1581 383 1619 non
399 1568 491 1632 ponitur
511 1581 559 1618 naa
576 1566 681 1633 specialis
694 1569 778 1619 uirtus.
797 1572 856 1634 Ergo

52 1653 131 1704 neque
147 1639 224 1690 acedia
238 1639 304 1690 debet
315 1638 371 1703 poni
382 1639 480 1704 speciale
490 1640 582 1689 uitium.

87 1716 111 1762 3.
126 1712 238 1762 eretum
247 1747 255 1774 ,
265 1709 383 1775 spirituale
393 1711 478 1761 bunum
488 1748 494 1772 ,
503 1709 556 1760 ciam
565 1710 595 1760 sit
607 1710 719 1774 quoddam
732 1723 854 1762 commune

51 1783 170 1845 obiectum
176 1819 185 1845 ,
199 1781 342 1846 quadrimus
355 1781 443 1846 appetit
451 1784 476 1832 et
486 1781 567 1831 uitium
576 1781 669 1844 retugit,
679 1795 727 1832 oon
737 1781 857 1833 constituit

52 1853 180 1919 specialem
193 1853 304 1902 rationem
317 1851 408 1904 uirtutis
422 1856 461 1902 aut
472 1851 535 1915 uitii,
548 1852 593 1902 nisi
607 1864 648 1916 per
657 1852 740 1916 aliquid
752 1850 853 1903 additum

51 1924 214 1976 contrabatur.
229 1922 275 1973 Sed
293 1921 349 1974 nibil
364 1921 453 1973 ridetur
462 1921 524 1986 qubd
539 1923 658 1973 contonat
670 1922 746 1986 ipsum
761 1923 790 1971 ad
804 1935 856 1974 ace·

52 1996 126 2056 diam
138 1994 158 2044 si
168 1993 199 2044 sit
207 1993 286 2044 vitium
300 1992 408 2058 speciale,
419 1993 464 2043 nisi
474 1993 550 2056 labor3
563 2008 593 2044 ex
606 1995 651 2044 boc
664 1995 725 2044 enim
737 1992 809 2056 aliqui
819 2009 855 2047 re·

52 2065 147 2130 lugiunt
160 2063 286 2128 spiritualia
300 2065 372 2127 bona,
382 2064 436 2128 quia
453 2067 507 2114 suot
518 2065 630 2117 laboriosa
645 2081 652 2116 t
666 2066 760 2116 undeet
776 2067 855 2117 acedia

52 2136 148 2188 taedium
169 2136 281 2199 quoddam
300 2139 345 2186 est.
365 2137 477 2200 ltelugere
499 2139 574 2186 autem
594 2137 698 2200 labores,
714 2141 738 2187 et
757 2151 856 2199 querere

52 2207 156 2274 quietem
170 2208 307 2272 corporalem
322 2208 349 2258 ad
364 2207 423 2257 idem
437 2208 550 2272 pertinere
564 2207 667 2271 ridetur,
680 2207 770 2258 scilieet
779 2209 808 2256 ad
819 2207 855 2271 pi·

52 2277 155 2342 gritiam.
169 2277 228 2341 Ergo
237 2277 314 2329 acedia
325 2277 382 2328 nihil
392 2277 453 2328 aliud
462 2281 498 2329 est
508 2277 576 2342 quim
587 2277 684 2343 pigritia,
691 2279 753 2342 quod
766 2276 856 2328 ridetur

42 2345 106 2400 'esse
128 2349 226 2412 laisum,
247 2361 301 2400 uam
326 2348 590 2423 P.issiili„i..⁵.⁰¹¹i.⁰.i²',¹d'¹¹¹i
613 2350 751 2417 opponitur,
771 2345 858 2422 aeadid
887 2335 911 2405 di

2 2411 133 2476 astantem
150 2420 264 2484 gaudium.
284 2421 333 2473 Non
346 2417 402 2484 'e'rgo
421 2413 497 2471 acedia
516 2417 552 2470 esi
565 2415 662 2484 speciale
673 2417 763 2470 uitium.

12 2480 21 2532 s
85 2489 855 2556 Ssdoontraestmubddrcgorias,Xllxllloruttumtabisnpri)‚

54 2565 178 2629 distinguit
189 2565 291 2616 acediam
304 2564 338 2630 (a)
356 2565 384 2616 ab
396 2563 447 2616 aliis
456 2563 528 2614 vitiis.
539 2565 600 2626 Ergo
609 2568 646 2615 est
656 2563 756 2628 mesiam
768 2562 856 2614 vitium

89 2725 121 2787 (l)
137 2729 170 2774 Ite
180 2727 216 2773 bis
226 2692 299 2774 etiam
307 2739 347 2784 qu.
357 2725 398 2786 ti,
411 2727 440 2772 de
453 2726 530 2784 malo,
540 2731 584 2771 art.
594 2725 610 2770 1
620 2732 645 2771 et
653 2732 696 2772 art.
707 2724 731 2772 ³.

89 2795 122 2860 (ἱ)
137 2801 189 2846 Nou
204 2800 248 2845 sub
258 2799 351 2844 nomine
363 2797 466 2848 acediae,
479 2797 521 2843 sed
535 2799 580 2843 snb
589 2798 685 2844 nomine
698 2798 821 2848 tristitiae.
832 2802 858 2842 ut

54 2873 110 2919 cap.
126 2860 173 2918 ¹7,
188 2861 212 2905 in
228 2861 345 2907 modernis
356 2861 527 2918 exemplaribus
541 2859 618 2906 ridere
634 2866 686 2919 est,
700 2861 729 2906 ad
738 2861 776 2906 illa
785 2860 857 2905 rerba

55 2923 111 2976 tot.
121 2925 230 2972 xxm:
245 2923 446 2978 Eubottobtttotrt
455 2923 547 2973 wito
558 2923 718 2972 asum
723 2922 856 2970 mam.
