1992 3317
151 170 168 187 0
205 177 207 182 ,
265 143 480 184 nnmrrousunn
496 147 635 185 mnonnrs.
788 135 849 186 tuot

49 221 154 282 tanetum
163 218 203 270 illa
216 219 272 272 voro
283 234 334 284 qne
348 227 484 273 oouseoutus
494 223 563 273 inerit
572 237 601 274 ex
609 223 677 274 rebus
688 235 784 288 qunmm
794 237 850 276 usus

49 305 97 343 non
111 293 147 340 est
159 289 249 342 illarum
263 292 421 357 consumptio,
435 294 529 344 neddere
542 294 662 359 muetos.)

80 362 215 426 Respondeo
229 362 362 430 dicendum,
378 364 439 429 qnod
455 365 513 418 sieut
526 367 596 430 supra
605 367 691 417 dietum
707 371 742 418 est
754 369 804 432 (art.
816 369 850 433 2),

48 448 86 486 res
106 435 212 499 quadam
229 438 283 485 sunt
301 449 394 500 quarum
414 449 470 486 usus
486 440 523 486 est
539 437 590 501 ipsa
608 450 686 487 earum
702 450 777 488 rerum
791 453 851 490 eon-

47 507 165 571 sumptio,
181 520 231 570 qnae
243 520 289 557 uon
302 508 387 559 habeut
404 507 586 574 usumfructum,
602 508 726 560 seouudinm
738 509 790 574 jura
805 527 811 560 :
828 515 852 562 et

46 581 109 644 ideo,
125 578 208 630 sitalia
217 578 303 630 inerint
316 591 453 644 perusinam
467 583 564 641 extorta,
572 579 629 645 poti
637 581 733 643 domani,
741 581 851 647 triticum,

45 652 144 713 vinnm,
158 655 197 702 aut
211 651 295 716 aliquid
314 653 462 718 hujusmodi,
477 667 524 704 non
541 657 632 704 tenetur
644 655 713 705 homo
731 655 760 704 ad
779 655 851 705 resti-

44 726 172 788 tuendum,
192 723 236 775 nisi
254 725 277 774 io
294 726 354 790 quod
374 726 476 790 aceepit3
488 724 542 789 qnia
555 725 579 774 id
595 727 654 790 quod
673 728 701 778 de
717 727 757 776 tuli
771 740 796 777 re
816 731 852 778 est

44 795 203 870 anquisitum,
217 809 263 846 non
276 800 312 848 est
333 797 420 847 fruetus
432 797 564 861 hujusmodl
579 796 626 860 rei,
642 798 682 848 sed
698 799 807 850 humanm
816 799 852 848 in·

44 867 157 931 dustria,
176 867 220 918 nisi
230 867 290 919 lorti
303 881 344 932 per
355 868 510 920 detentionem
523 868 575 918 talis
586 868 621 918 rei
634 868 691 919 alter
704 868 735 920 sit
748 869 852 919 damnifi-

43 943 112 990 catus
129 938 253 990 amittoudo
273 939 356 1002 aliquid
377 939 485 990 debonis
499 938 561 1002 suis;
575 943 631 990 turm
645 940 706 990 enim
719 944 808 992 tenetur
821 941 851 992 ad

42 1011 286 1075 recompensationem
300 1010 559 1069 nocumenti.·Quaedam
572 1011 628 1061 vero
637 1024 674 1061 res
690 1014 744 1061 sunt
755 1026 851 1081 quarum

41 1096 104 1132 usus
114 1095 163 1132 non
174 1085 209 1132 est
221 1095 299 1132 earum
310 1081 470 1146 oonsumpli03
481 1086 505 1132 et
513 1082 567 1132 talia
578 1082 665 1132 habent
673 1082 848 1147 usumfructum,

40 1155 104 1204 sicut
114 1153 196 1204 domus
205 1157 228 1204 et
236 1165 297 1217 ager,
309 1157 333 1204 ot
344 1153 387 1203 ulia
397 1153 538 1216 huiusmodi.
548 1153 577 1202 nt
588 1152 640 1204 ideo
647 1191 656 1216 ,
664 1154 684 1204 si
695 1153 747 1218 quis
759 1154 850 1204 domum

39 1224 142 1275 alterins
152 1225 190 1275 rel
201 1238 279 1288 agrum
288 1238 329 1288 per
338 1237 429 1275 usuram
440 1225 581 1288 extorsisset,
594 1239 640 1276 nou
649 1224 722 1276 solium
734 1229 850 1277 teneretur

39 1295 168 1348 restituere
177 1297 267 1348 domum
278 1298 315 1347 uel
323 1309 416 1360 agrum,
429 1297 468 1348 sei
480 1297 550 1348 etiam
563 1298 650 1348 lruetus
658 1299 712 1349 inde
719 1302 847 1362 permotos,

38 1369 100 1434 quia
115 1371 172 1418 sunt
182 1369 268 1420 fruetus
281 1382 356 1420 rerum
370 1383 464 1433 quarum
479 1369 538 1421 alius
549 1374 584 1421 est
597 1371 709 1435 dominus,
723 1375 747 1422 et
761 1371 813 1422 ideo
826 1371 850 1422 ei

39 1441 169 1492 debentur.

73 1513 113 1564 Ad
133 1511 233 1577 primum
253 1523 306 1576 ergo
326 1512 460 1572 dicendum,
475 1512 535 1576 quod
553 1514 618 1564 radin
634 1527 681 1564 non
694 1513 768 1565 solim
782 1514 851 1565 habet

38 1586 164 1638 rationem
185 1585 300 1648 materia,
314 1584 374 1636 siout
388 1583 485 1647 pecunia
504 1585 620 1647 usuraria,
640 1586 680 1636 sed
696 1587 765 1635 habet
782 1587 852 1635 etiam

36 1657 178 1722 aliqualiter
200 1655 310 1708 rationem
327 1669 402 1706 eausa
424 1656 517 1717 aotivae,
533 1656 558 1706 in
579 1660 690 1720 qnantum
711 1656 852 1707 administrat

35 1729 231 1782 nutrimentum:
247 1731 270 1778 et
284 1727 335 1778 ideo
350 1740 396 1777 nou
408 1730 444 1776 est
457 1727 533 1777 simile
543 1727 588 1792 (l).

73 1802 112 1853 lid
128 1800 254 1852 secundnm
269 1799 403 1860 dicendum,
422 1797 483 1862 quod
499 1800 719 1864 possessionesque
733 1799 761 1850 de
776 1801 852 1850 usuris

35 1880 103 1928 sunt
124 1874 277 1936 conparatu,
289 1885 335 1922 uon
353 1874 407 1922 sunt
425 1883 504 1921 eorum
527 1885 622 1936 qnomm
642 1875 695 1922 suut
711 1885 797 1935 usura,
812 1873 852 1922 seri

32 1950 140 2000 illorum
163 1945 202 2008 qui
220 1957 258 1994 eas
272 1946 388 2007 emerunt3
400 1946 453 1994 suni
468 1946 546 1994 tamen
561 1945 666 2008 obligate
684 1943 729 1993 illis
744 1943 758 1993 a
771 1944 853 2006 quinus

31 2019 142 2072 fuerunt
161 2029 236 2066 usura
256 2018 369 2079 accepte,
386 2013 446 2064 sient
462 2019 485 2064 et
498 2016 541 2065 alia
561 2015 619 2066 borna
636 2014 742 2065 usurarii.
758 2015 787 2063 ur
801 2015 852 2066 ideo

32 2105 91 2144 non
103 2085 239 2154 precipitur
252 2086 313 2150 quod
323 2086 467 2149 assignentur
476 2086 522 2137 illu
531 2087 686 2150 possessiones
695 2086 732 2135 luis
744 2085 757 2136 a
770 2087 853 2150 quibus

29 2165 143 2216 luerunt
167 2163 265 2223 accepta
287 2172 375 2221 usura,
390 2159 443 2223 quia
463 2158 520 2210 forte
533 2161 584 2224 plus
598 2159 675 2209 valent
692 2158 759 2223 quim
778 2173 852 2210 usurae

29 2247 104 2302 quas
121 2231 247 2293 dederunt3
263 2230 304 2281 sed
321 2229 450 2294 praeripitur
467 2229 528 2294 quod
544 2232 669 2282 vendantur
681 2230 851 2295 possessiones,

29 2313 60 2360 et
85 2315 174 2356 eanum
192 2300 265 2366 pretia
282 2301 439 2364 restituantur,
454 2301 541 2354 soilioet
559 2301 684 2353 seeundum
702 2301 853 2366 quantitatem

27 2388 129 2433 usuum
143 2377 252 2437 aceeptus.

69 2448 117 2502 Ad
133 2445 225 2496 tertium
236 2444 365 2509 dicendum,
374 2444 435 2509 quod
447 2445 503 2496 irruo
514 2447 574 2509 quod
584 2445 708 2509 aequiritur
716 2446 745 2496 de
757 2446 854 2510 pecunia

27 2517 172 2580 usuraria,
186 2516 280 2568 debetur
300 2516 391 2580 quidem
405 2517 546 2582 acquirenti,
561 2530 607 2568 non
623 2520 716 2582 propter
733 2517 853 2580 pecuniam

24 2588 180 2649 usurariam
195 2587 284 2652 datam,
303 2587 361 2638 siout
374 2591 466 2652 propter
481 2600 572 2639 causam
584 2587 799 2650 instrumentalem,
813 2587 852 2638 sed

66 2755 113 2822 (1)
135 2752 192 2799 (tum
204 2753 256 2798 tells
265 2752 364 2810 peounia
378 2751 408 2796 sit
416 2749 514 2796 matoria
524 2749 613 2797 tanturn
625 2750 697 2807 lueri,
712 2754 739 2794 ut
748 2762 805 2822 mon
819 2749 854 2822 ln·

22 2827 158 2876 dicatum
169 2820 218 2875 est,
230 2815 271 2860 sed
286 2813 360 2860 active
374 2814 397 2858 in
412 2814 500 2859 luorum
513 2825 560 2859 non
573 2812 662 2873 innuat,
677 2813 737 2859 siout
747 2812 808 2858 ullius
818 2825 853 2856 ru-

20 2883 144 2942 dustria
155 2879 237 2940 quiex
250 2876 373 2926 eameram
383 2877 457 2924 nerle.
