1992 3317
319 75 350 112 un
367 75 495 114 rnrosrrrrn
511 76 611 115 tunicas.
815 69 860 114 titt

57 150 190 204 secundum
207 150 321 215 propriam
334 155 482 215 potestatem:
494 157 517 203 et
530 153 581 202 ideo
595 165 639 202 nou
654 157 689 202 est
702 153 782 202 sinrilis
792 154 859 203 ratio.

93 223 128 272 lld
148 222 239 272 tertium
264 222 399 285 dicendum,
414 223 473 286 qudd
497 225 617 287 Apostolus
638 224 738 286 loquitur
762 224 786 273 in
807 238 862 275 casu
901 236 904 244 '

62 295 155 359 quando
170 293 256 357 aliquid
270 306 317 344 non
334 293 407 344 solium
418 298 455 345 est
467 295 610 346 manifestum
622 295 707 359 judici,
722 296 763 346 sed
778 295 823 346 sibi
838 301 863 346 et

63 366 115 415 aliis
122 401 131 427 ,
151 363 184 414 ita
199 363 259 428 qudd
272 379 324 415 reus
336 365 399 417 nullo
412 367 478 416 modo
491 367 577 417 crimen
589 365 684 416 inliolari
697 370 785 430 potest,
800 370 825 416 nl
838 366 863 415 in

63 435 176 498 notoriis,
191 435 232 486 sed
251 435 327 486 stetim
346 449 375 486 ex
388 436 437 501 ipsa
459 435 575 486 euidentia
591 435 646 486 lacti
667 436 823 500 conuincitur3
842 437 863 486 si

62 509 142 566 autem
157 506 187 556 sit
201 507 347 557 manifestum
362 507 435 570 judici
452 511 476 559 et
494 521 541 558 non
554 507 668 570 eliis,vel
677 508 728 558 eliis
739 511 816 558 etnou
825 510 862 572 ju-

64 577 122 640 dici,
138 581 194 628 tunc
203 578 373 628 estnecessaria
384 579 468 642 judicis
481 578 600 629 discussio.

95 651 130 710 ld
142 651 245 712 quartum
256 648 392 710 dicendum,
400 649 542 713 quddlromo
556 651 581 699 in
592 650 629 699 his
643 665 693 713 quae
710 651 739 702 ad
750 651 862 715 propriam

61 731 186 790 personum
203 719 334 782 pertinent,
349 721 415 771 debet
427 721 549 771 informare
567 720 728 773 conscientiam
747 734 813 771 suam
833 734 863 772 ex

63 791 159 854 propria
178 790 281 842 scientia,
296 791 341 842 Sed
358 791 383 841 in
399 791 435 842 his
454 805 505 854 qnae
523 791 638 856 pertinent
652 792 680 841 ad
695 791 807 854 publicem
820 805 862 856 po-

61 865 187 920 testatem,
208 862 274 912 debet
292 862 412 913 informare
430 863 595 914 conscientium
614 875 679 914 suam
698 862 824 914 secundnm
836 876 864 914 ee

63 947 116 996 qua
129 932 154 981 in
166 931 257 996 plublice
269 933 357 996 judicio
370 934 424 984 sciri
436 939 545 998 possunt,
557 938 601 998 etc,

355 1111 516 1164 ARTICULUS
532 1113 570 1163 lii.

62 1236 156 1281 Utrum
167 1235 245 1290 judex
262 1237 335 1292 possit
352 1237 456 1294 aliquem
473 1237 646 1293 condemnare,
657 1238 752 1282 etiamsi
765 1249 815 1282 ooo
832 1238 864 1282 sit

348 1299 436 1356 oliqata‘a
453 1305 585 1345 accusator.
771 1309 792 1355 ο

98 1420 134 1470 Ad
156 1417 247 1469 tertium
266 1419 298 1470 sic
319 1420 448 1484 proceditur
459 1419 502 1485 (1).
517 1421 611 1470 Videtur
626 1420 687 1483 qudd
702 1421 774 1485 judex
794 1421 867 1485 possit

63 1491 166 1554 aliquem
177 1490 294 1554 judicare,
309 1491 455 1540 etiamsinon
470 1491 502 1540 sit
519 1490 604 1556 aliquis*
617 1496 741 1541 accusator.
757 1493 862 1542 llumanu

63 1561 127 1612 enim
140 1558 229 1624 justitia
247 1561 360 1611 derivatur
378 1561 494 1626 diustitia
505 1561 589 1610 divina.
604 1563 647 1612 Sed
665 1561 724 1611 [teus
734 1565 867 1625 peccatores

59 1631 165 1696 judicat,
183 1631 273 1682 etiamsi
287 1631 363 1680 nullus
377 1631 407 1680 sit
418 1634 541 1690 ascusator.
556 1633 614 1694 Ergo
624 1630 781 1694 videturqudd
794 1634 863 1682 homo

63 1702 140 1767 possit
152 1701 268 1767 injudicio
280 1700 378 1764 aliquem
388 1703 548 1764 condemnare,
559 1701 649 1752 etiamsi
662 1715 709 1751 non
727 1701 786 1752 adsit
799 1715 866 1752 aecu-

64 1778 138 1824 sator.

97 1849 123 1894 2.
138 1843 264 1905 Preterea,
283 1847 401 1894 accusator
420 1842 541 1906 requiritur
555 1843 581 1892 in
596 1843 682 1906 judicio
702 1845 731 1894 ad
745 1845 790 1894 troc
805 1843 866 1906 qudd

65 1915 156 1972 delerat
169 1915 254 1966 crimen
271 1916 299 1964 ad
314 1915 425 1977 jndicem.
441 1915 485 1964 Sed
498 1915 633 1977 quandoque
648 1917 723 1977 potest
735 1913 821 1964 crimen
835 1916 865 1965 ad

60 1987 168 2052 judicem
188 1985 295 2037 devenire
314 1985 358 2036 alio
376 1987 443 2036 modo
458 1985 527 2048 qulrn
543 2000 585 2048 per
606 1985 789 2047 accusationem,
809 1986 868 2036 sicut

65 2072 110 2124 per
121 2056 331 2117 denuntiationem,
341 2058 378 2106 vel
387 2070 427 2120 per
436 2056 566 2117 infamiam,
578 2055 612 2106 rel
626 2058 695 2106 etiarn
708 2055 728 2106 si
740 2056 789 2120 ipse
796 2056 868 2119 judex

64 2130 152 2181 uideat.
166 2127 225 2190 Ergo
239 2128 311 2191 judex
320 2132 396 2191 potest
407 2127 507 2190 aliquem
520 2129 667 2178 condemnare
678 2128 763 2190 absque
774 2140 868 2178 accusa-

66 2209 125 2252 tore.

99 2275 124 2320 3.
140 2271 267 2331 Praeterea,
282 2265 340 2320 laeta'
358 2274 486 2320 sanctorum
500 2269 525 2318 in
538 2267 658 2332 Scripturis
671 2272 791 2318 narrantur
804 2269 868 2332 quasi

65 2343 171 2408 quqedam
180 2342 317 2406 exemplaria
327 2343 430 2392 humanae
440 2340 504 2391 vitae.
518 2341 563 2390 Sed
574 2339 653 2390 Daniel
663 2341 731 2389 simul
744 2341 789 2389 tuit
802 2353 869 2388 accu-

66 2421 131 2468 sator
147 2415 173 2464 et
184 2413 256 2476 judex
270 2417 348 2462 contra
366 2412 456 2474 iniquos
476 2425 558 2471 senec,
579 2415 604 2460 ut
629 2414 691 2473 patet
712 2413 787 2469 Duo„
808 2411 867 2460 Xlll.
964 2442 965 2447 ,

66 2487 129 2548 Ergo
144 2497 192 2544 qun
213 2487 248 2534 est
266 2487 342 2533 contra
359 2483 472 2546 justitiam
489 2482 508 2531 si
524 2482 610 2544 aliquis·
623 2481 722 2546 aliquem
734 2483 870 2532 condemnet

66 2563 177 2620 tauquam
187 2555 273 2618 judex,
288 2558 311 2604 et
323 2554 421 2618 ipsemet
437 2553 467 2602 sit
484 2557 610 2603 accusator.

99 2629 144 2678 Sed
158 2631 238 2676 contra
257 2630 307 2688 est,
322 2626 403 2689 quodi
418 2625 453 2674 od
467 2626 537 2683 Con,
556 2625 590 2687 v,
607 2625 737 2675 lirrbrosins
751 2638 869 2687 exponens

102 2792 133 2852 (i)
151 2759 183 2836 Iso
200 2791 234 2836 lais
245 2792 314 2836 etiarn
330 2791 429 2849 Opust..
441 2789 505 2849 xlx,
520 2802 572 2846 cap.
585 2788 611 2848 5,
627 2790 650 2833 in
663 2787 717 2834 [ine.
