<?xml version="1.0" encoding="UTF-8"?>
<!DOCTYPE html PUBLIC "-//W3C//DTD XHTML 1.0 Transitional//EN"
    "http://www.w3.org/TR/xhtml1/DTD/xhtml1-transitional.dtd">
<html xmlns="http://www.w3.org/1999/xhtml" xml:lang="en" lang="en">
 <head>
  <title>
</title>
<meta http-equiv="Content-Type" content="text/html;charset=utf-8" />
  <meta name='ocr-system' content='tesseract 3.04.00' />
  <meta name='ocr-capabilities' content='ocr_page ocr_carea ocr_par ocr_line ocrx_word'/>
</head>
<body>
  <div class='ocr_page' id='page_1' title='image "./summatheologica03nicogoog_0544.png"; bbox 0 0 1992 3317; ppageno 0'>
   <div class='ocr_carea' id='block_1_1' title="bbox 293 80 873 129">
    <p class='ocr_par' dir='ltr' id='par_1_1' title="bbox 293 80 873 129">
     <span class='ocr_line' id='line_1_1' title="bbox 293 80 873 129; baseline 0.009 -5"><span class='ocrx_word' id='word_1_1' title='bbox 293 82 324 124; x_wconf 81' lang='lat' dir='ltr'><strong>on</strong></span> <span class='ocrx_word' id='word_1_2' title='bbox 340 82 507 126; x_wconf 70' lang='lat' dir='ltr'><strong>coenaculorum</strong></span> <span class='ocrx_word' id='word_1_3' title='bbox 520 85 654 127; x_wconf 76' lang='lat' dir='ltr'><strong>rerumne.</strong></span> <span class='ocrx_word' id='word_1_4' title='bbox 828 80 873 129; x_wconf 78' lang='lat' dir='ltr'><strong>sat</strong></span> 
     </span>
    </p>
   </div>
   <div class='ocr_carea' id='block_1_2' title="bbox 67 157 879 2882">
    <p class='ocr_par' dir='ltr' id='par_1_2' title="bbox 67 157 875 370">
     <span class='ocr_line' id='line_1_2' title="bbox 68 157 874 230; baseline 0.009 -19"><span class='ocrx_word' id='word_1_5' title='bbox 68 160 169 226; x_wconf 84' lang='lat' dir='ltr'><strong>plebitis</strong></span> <span class='ocrx_word' id='word_1_6' title='bbox 181 157 253 226; x_wconf 81' lang='lat' dir='ltr'><strong>le&#39;gern</strong></span> <span class='ocrx_word' id='word_1_7' title='bbox 267 162 366 226; x_wconf 71' lang='lat' dir='ltr'><strong>Christi,</strong></span> <span class='ocrx_word' id='word_1_8' title='bbox 385 181 398 211; x_wconf 87' lang='grc' dir='ltr'><strong>ε</strong></span> <span class='ocrx_word' id='word_1_9' title='bbox 409 178 459 228; x_wconf 85' lang='lat' dir='ltr'><strong>quae</strong></span> <span class='ocrx_word' id='word_1_10' title='bbox 474 168 508 215; x_wconf 98' lang='grc' dir='ltr'><strong>εει</strong></span> <span class='ocrx_word' id='word_1_11' title='bbox 518 166 558 216; x_wconf 82' lang='lat' dir='ltr'><strong>lex</strong></span> <span class='ocrx_word' id='word_1_12' title='bbox 570 163 694 216; x_wconf 85' lang='lat' dir='ltr'><strong>charitalis.</strong></span> <span class='ocrx_word' id='word_1_13' title='bbox 710 165 768 230; x_wconf 80' lang='lat' dir='ltr'><strong>Ergo</strong></span> <span class='ocrx_word' id='word_1_14' title='bbox 785 167 874 218; x_wconf 85' lang='lat' dir='ltr'><strong>ridetur</strong></span> 
     </span>
     <span class='ocr_line' id='line_1_3' title="bbox 68 233 875 304; baseline 0.005 -20"><span class='ocrx_word' id='word_1_15' title='bbox 68 233 135 298; x_wconf 82' lang='lat' dir='ltr'><strong>quod</strong></span> <span class='ocrx_word' id='word_1_16' title='bbox 153 235 265 298; x_wconf 78' lang='lat' dir='ltr'><strong>corrigere</strong></span> <span class='ocrx_word' id='word_1_17' title='bbox 276 235 368 286; x_wconf 80' lang='lat' dir='ltr'><strong>tratrem</strong></span> <span class='ocrx_word' id='word_1_18' title='bbox 384 240 532 300; x_wconf 78' lang='lat' dir='ltr'>peccantem,</span> <span class='ocrx_word' id='word_1_19' title='bbox 547 239 607 302; x_wconf 84' lang='lat' dir='ltr'><strong>quod</strong></span> <span class='ocrx_word' id='word_1_20' title='bbox 620 241 657 288; x_wconf 90' lang='lat' dir='ltr'><strong>est</strong></span> <span class='ocrx_word' id='word_1_21' title='bbox 671 238 809 289; x_wconf 88' lang='lat' dir='ltr'><strong>contrarium</strong></span> <span class='ocrx_word' id='word_1_22' title='bbox 820 253 875 304; x_wconf 91' lang='lat' dir='ltr'><strong>sup-</strong></span> 
     </span>
     <span class='ocr_line' id='line_1_4' title="bbox 67 305 536 370; baseline 0.009 -15"><span class='ocrx_word' id='word_1_23' title='bbox 67 305 206 370; x_wconf 90' lang='lat' dir='ltr'><strong>portationi,</strong></span> <span class='ocrx_word' id='word_1_24' title='bbox 221 319 267 356; x_wconf 91' lang='lat' dir='ltr'><strong>non</strong></span> <span class='ocrx_word' id='word_1_25' title='bbox 285 307 315 356; x_wconf 88' lang='lat' dir='ltr'><strong>sit</strong></span> <span class='ocrx_word' id='word_1_26' title='bbox 329 311 393 358; x_wconf 89' lang='lat' dir='ltr'><strong>actus</strong></span> <span class='ocrx_word' id='word_1_27' title='bbox 409 309 536 359; x_wconf 86' lang='lat' dir='ltr'><strong>charitatis.</strong></span> 
     </span>
    </p>

    <p class='ocr_par' dir='ltr' id='par_1_3' title="bbox 69 377 874 647">
     <span class='ocr_line' id='line_1_5' title="bbox 103 377 874 446; baseline 0.009 -21"><span class='ocrx_word' id='word_1_28' title='bbox 103 377 152 427; x_wconf 89' lang='lat' dir='ltr'><strong>Sed</strong></span> <span class='ocrx_word' id='word_1_29' title='bbox 167 381 245 428; x_wconf 89' lang='lat' dir='ltr'><strong>contra</strong></span> <span class='ocrx_word' id='word_1_30' title='bbox 259 383 310 443; x_wconf 88' lang='lat' dir='ltr'><strong>est,</strong></span> <span class='ocrx_word' id='word_1_31' title='bbox 330 379 389 442; x_wconf 84' lang='lat' dir='ltr'><strong>qnod</strong></span> <span class='ocrx_word' id='word_1_32' title='bbox 409 379 521 444; x_wconf 80' lang='lat' dir='ltr'><strong>corrigere</strong></span> <span class='ocrx_word' id='word_1_33' title='bbox 540 381 708 444; x_wconf 72' lang='lat' dir='ltr'><strong>delinquentem</strong></span> <span class='ocrx_word' id='word_1_34' title='bbox 723 385 758 433; x_wconf 90' lang='grc' dir='ltr'><strong>εει</strong></span> <span class='ocrx_word' id='word_1_35' title='bbox 772 383 874 446; x_wconf 85' lang='lat' dir='ltr'><strong>quaedam</strong></span> 
     </span>
     <span class='ocr_line' id='line_1_6' title="bbox 69 450 874 518; baseline 0.006 -18"><span class='ocrx_word' id='word_1_36' title='bbox 69 451 221 514; x_wconf 76' lang='lat' dir='ltr'><strong>eleemosyna</strong></span> <span class='ocrx_word' id='word_1_37' title='bbox 239 450 370 515; x_wconf 86' lang='lat' dir='ltr'><strong>spiritualis.</strong></span> <span class='ocrx_word' id='word_1_38' title='bbox 385 453 431 502; x_wconf 86' lang='lat' dir='ltr'><strong>Sed</strong></span> <span class='ocrx_word' id='word_1_39' title='bbox 452 451 597 518; x_wconf 71' lang='lat' dir='ltr'><strong>eleemosyna</strong></span> <span class='ocrx_word' id='word_1_40' title='bbox 612 457 646 504; x_wconf 91' lang='grc' dir='ltr'><strong>εει</strong></span> <span class='ocrx_word' id='word_1_41' title='bbox 666 457 728 504; x_wconf 84' lang='grc' dir='ltr'><strong>εειεε</strong></span> <span class='ocrx_word' id='word_1_42' title='bbox 742 454 874 517; x_wconf 88' lang='lat' dir='ltr'><strong>charitatis,</strong></span> 
     </span>
     <span class='ocr_line' id='line_1_7' title="bbox 69 521 874 589; baseline 0.007 -18"><span class='ocrx_word' id='word_1_43' title='bbox 69 525 96 572; x_wconf 91' lang='lat' dir='ltr'><strong>ut</strong></span> <span class='ocrx_word' id='word_1_44' title='bbox 111 522 184 586; x_wconf 79' lang='lat' dir='ltr'><strong>snpra</strong></span> <span class='ocrx_word' id='word_1_45' title='bbox 194 521 278 573; x_wconf 90' lang='lat' dir='ltr'><strong>dictum</strong></span> <span class='ocrx_word' id='word_1_46' title='bbox 292 527 327 574; x_wconf 89' lang='grc' dir='ltr'><strong>εει</strong></span> <span class='ocrx_word' id='word_1_47' title='bbox 336 524 386 588; x_wconf 87' lang='lat' dir='ltr'><strong>(qu.</strong></span> <span class='ocrx_word' id='word_1_48' title='bbox 396 528 434 588; x_wconf 72' lang='lat'><strong>32,</strong></span> <span class='ocrx_word' id='word_1_49' title='bbox 446 527 489 574; x_wconf 90' lang='lat' dir='ltr'><strong>art.</strong></span> <span class='ocrx_word' id='word_1_50' title='bbox 501 523 537 588; x_wconf 87' lang='lat' dir='ltr'><strong>l).</strong></span> <span class='ocrx_word' id='word_1_51' title='bbox 549 527 607 589; x_wconf 83' lang='lat' dir='ltr'><strong>llrgo</strong></span> <span class='ocrx_word' id='word_1_52' title='bbox 620 528 644 576; x_wconf 87' lang='grc' dir='ltr'><strong>ει</strong></span> <span class='ocrx_word' id='word_1_53' title='bbox 657 527 766 577; x_wconf 79' lang='lat' dir='ltr'><strong>correctio</strong></span> <span class='ocrx_word' id='word_1_54' title='bbox 774 527 874 577; x_wconf 85' lang='lat' dir='ltr'><strong>fraterna</strong></span> 
     </span>
     <span class='ocr_line' id='line_1_8' title="bbox 71 595 331 647; baseline 0.004 -2"><span class='ocrx_word' id='word_1_55' title='bbox 71 598 108 645; x_wconf 91' lang='lat' dir='ltr'><strong>est</strong></span> <span class='ocrx_word' id='word_1_56' title='bbox 124 599 191 644; x_wconf 89' lang='lat' dir='ltr'><strong>actus</strong></span> <span class='ocrx_word' id='word_1_57' title='bbox 207 595 331 647; x_wconf 85' lang='lat' dir='ltr'><strong>charitatis.</strong></span> 
     </span>
    </p>

    <p class='ocr_par' dir='ltr' id='par_1_4' title="bbox 70 667 877 1019">
     <span class='ocr_line' id='line_1_9' title="bbox 103 667 875 734; baseline 0.003 -16"><span class='ocrx_word' id='word_1_58' title='bbox 103 667 268 734; x_wconf 71' lang='lat' dir='ltr'><strong>(Conclusio.</strong></span> <span class='ocrx_word' id='word_1_59' title='bbox 286 697 318 706; x_wconf 91' lang='lat'>-</span> <span class='ocrx_word' id='word_1_60' title='bbox 329 669 441 720; x_wconf 86' lang='lat' dir='ltr'><strong>Correctio</strong></span> <span class='ocrx_word' id='word_1_61' title='bbox 460 683 506 733; x_wconf 89' lang='lat' dir='ltr'><strong>qna</strong></span> <span class='ocrx_word' id='word_1_62' title='bbox 519 669 596 719; x_wconf 82' lang='lat' dir='ltr'><strong>fratris</strong></span> <span class='ocrx_word' id='word_1_63' title='bbox 617 670 701 718; x_wconf 88' lang='lat' dir='ltr'><strong>malum</strong></span> <span class='ocrx_word' id='word_1_64' title='bbox 722 674 746 720; x_wconf 89' lang='lat' dir='ltr'><strong>et</strong></span> <span class='ocrx_word' id='word_1_65' title='bbox 759 674 875 734; x_wconf 87' lang='lat' dir='ltr'><strong>peccatum</strong></span> 
     </span>
     <span class='ocr_line' id='line_1_10' title="bbox 70 739 874 806; baseline 0.001 -16"><span class='ocrx_word' id='word_1_66' title='bbox 70 739 219 803; x_wconf 86' lang='lat' dir='ltr'><strong>repellimus,</strong></span> <span class='ocrx_word' id='word_1_67' title='bbox 230 743 294 791; x_wconf 88' lang='lat' dir='ltr'><strong>actus</strong></span> <span class='ocrx_word' id='word_1_68' title='bbox 304 740 462 792; x_wconf 77' lang='lat' dir='ltr'><strong>misericordior</strong></span> <span class='ocrx_word' id='word_1_69' title='bbox 472 755 498 791; x_wconf 91' lang='lat' dir='ltr'><strong>ac</strong></span> <span class='ocrx_word' id='word_1_70' title='bbox 508 741 624 791; x_wconf 86' lang='lat' dir='ltr'><strong>charitatis</strong></span> <span class='ocrx_word' id='word_1_71' title='bbox 637 745 687 803; x_wconf 89' lang='grc' dir='ltr'><strong>εει,</strong></span> <span class='ocrx_word' id='word_1_72' title='bbox 697 744 723 791; x_wconf 92' lang='grc' dir='ltr'><strong>ει</strong></span> <span class='ocrx_word' id='word_1_73' title='bbox 733 743 874 806; x_wconf 82' lang='lat' dir='ltr'><strong>imperantis,</strong></span> 
     </span>
     <span class='ocr_line' id='line_1_11' title="bbox 71 811 873 878; baseline 0.005 -16"><span class='ocrx_word' id='word_1_74' title='bbox 71 817 95 862; x_wconf 91' lang='lat' dir='ltr'><strong>et</strong></span> <span class='ocrx_word' id='word_1_75' title='bbox 108 811 183 876; x_wconf 78' lang='lat' dir='ltr'><strong>magis</strong></span> <span class='ocrx_word' id='word_1_76' title='bbox 198 825 265 876; x_wconf 85' lang='lat' dir='ltr'><strong>quam</strong></span> <span class='ocrx_word' id='word_1_77' title='bbox 279 812 416 862; x_wconf 84' lang='lat' dir='ltr'><strong>infirmitatis</strong></span> <span class='ocrx_word' id='word_1_78' title='bbox 427 813 527 878; x_wconf 89' lang='lat' dir='ltr'><strong>curatio,</strong></span> <span class='ocrx_word' id='word_1_79' title='bbox 539 813 576 863; x_wconf 83' lang='lat' dir='ltr'><strong>vel</strong></span> <span class='ocrx_word' id='word_1_80' title='bbox 589 813 723 872; x_wconf 79' lang='lat' dir='ltr'><strong>subventio;</strong></span> <span class='ocrx_word' id='word_1_81' title='bbox 732 817 754 862; x_wconf 88' lang='lat' dir='ltr'><strong>at</strong></span> <span class='ocrx_word' id='word_1_82' title='bbox 763 815 873 866; x_wconf 88' lang='lat' dir='ltr'><strong>correctio</strong></span> 
     </span>
     <span class='ocr_line' id='line_1_12' title="bbox 71 882 877 948; baseline 0.004 -16"><span class='ocrx_word' id='word_1_83' title='bbox 71 897 118 947; x_wconf 86' lang='lat' dir='ltr'><strong>qna</strong></span> <span class='ocrx_word' id='word_1_84' title='bbox 144 883 271 933; x_wconf 88' lang='lat' dir='ltr'><strong>remedium</strong></span> <span class='ocrx_word' id='word_1_85' title='bbox 291 883 410 934; x_wconf 80' lang='lat' dir='ltr'><strong>arlhibetnr</strong></span> <span class='ocrx_word' id='word_1_86' title='bbox 427 883 487 933; x_wconf 92' lang='lat' dir='ltr'><strong>malo</strong></span> <span class='ocrx_word' id='word_1_87' title='bbox 507 884 568 948; x_wconf 84' lang='lat' dir='ltr'><strong>quod</strong></span> <span class='ocrx_word' id='word_1_88' title='bbox 583 882 660 946; x_wconf 80' lang='lat' dir='ltr'><strong>vergit</strong></span> <span class='ocrx_word' id='word_1_89' title='bbox 678 884 701 932; x_wconf 92' lang='lat' dir='ltr'><strong>iu</strong></span> <span class='ocrx_word' id='word_1_90' title='bbox 727 885 837 946; x_wconf 89' lang='lat' dir='ltr'><strong>aliorum,</strong></span> <span class='ocrx_word' id='word_1_91' title='bbox 853 889 877 935; x_wconf 90' lang='grc' dir='ltr'><strong>ει</strong></span> 
     </span>
     <span class='ocr_line' id='line_1_13' title="bbox 72 954 809 1019; baseline 0.001 -16"><span class='ocrx_word' id='word_1_92' title='bbox 72 954 202 1006; x_wconf 89' lang='lat' dir='ltr'><strong>communis</strong></span> <span class='ocrx_word' id='word_1_93' title='bbox 216 955 270 1005; x_wconf 87' lang='lat' dir='ltr'><strong>lroni</strong></span> <span class='ocrx_word' id='word_1_94' title='bbox 284 958 452 1017; x_wconf 87' lang='lat' dir='ltr'><strong>nocumentum,</strong></span> <span class='ocrx_word' id='word_1_95' title='bbox 463 959 527 1006; x_wconf 88' lang='lat' dir='ltr'><strong>actus</strong></span> <span class='ocrx_word' id='word_1_96' title='bbox 545 954 621 1019; x_wconf 86' lang='lat' dir='ltr'><strong>polius</strong></span> <span class='ocrx_word' id='word_1_97' title='bbox 630 955 727 1018; x_wconf 84' lang='lat' dir='ltr'><strong>justitiae</strong></span> <span class='ocrx_word' id='word_1_98' title='bbox 741 959 785 1005; x_wconf 90' lang='grc' dir='ltr'><strong>εει.</strong></span> <span class='ocrx_word' id='word_1_99' title='bbox 801 956 809 1019; x_wconf 89' lang='grc'><strong>)</strong></span> 
     </span>
    </p>

    <p class='ocr_par' dir='ltr' id='par_1_5' title="bbox 72 1025 879 2882">
     <span class='ocr_line' id='line_1_14' title="bbox 104 1025 875 1091; baseline 0.001 -15"><span class='ocrx_word' id='word_1_100' title='bbox 104 1027 243 1090; x_wconf 86' lang='lat' dir='ltr'><strong>Respondeo</strong></span> <span class='ocrx_word' id='word_1_101' title='bbox 255 1026 384 1088; x_wconf 84' lang='lat' dir='ltr'><strong>dicendum,</strong></span> <span class='ocrx_word' id='word_1_102' title='bbox 395 1025 456 1091; x_wconf 81' lang='lat' dir='ltr'><strong>quod</strong></span> <span class='ocrx_word' id='word_1_103' title='bbox 469 1027 579 1077; x_wconf 87' lang='lat' dir='ltr'><strong>correctio</strong></span> <span class='ocrx_word' id='word_1_104' title='bbox 591 1025 743 1088; x_wconf 88' lang='lat' dir='ltr'><strong>delinquentis</strong></span> <span class='ocrx_word' id='word_1_105' title='bbox 755 1028 875 1089; x_wconf 83' lang='lat' dir='ltr'><strong>estquod-</strong></span> 
     </span>
     <span class='ocr_line' id='line_1_15' title="bbox 72 1095 873 1163; baseline 0.002 -15"><span class='ocrx_word' id='word_1_106' title='bbox 72 1099 124 1148; x_wconf 89' lang='lat' dir='ltr'><strong>dam</strong></span> <span class='ocrx_word' id='word_1_107' title='bbox 144 1095 267 1148; x_wconf 87' lang='lat' dir='ltr'><strong>remedium</strong></span> <span class='ocrx_word' id='word_1_108' title='bbox 277 1100 335 1162; x_wconf 89' lang='lat' dir='ltr'><strong>qnod</strong></span> <span class='ocrx_word' id='word_1_109' title='bbox 349 1099 415 1148; x_wconf 85' lang='lat' dir='ltr'><strong>debet</strong></span> <span class='ocrx_word' id='word_1_110' title='bbox 429 1099 533 1149; x_wconf 84' lang='lat' dir='ltr'><strong>adhiberi</strong></span> <span class='ocrx_word' id='word_1_111' title='bbox 548 1103 623 1148; x_wconf 88' lang='lat' dir='ltr'><strong>contra</strong></span> <span class='ocrx_word' id='word_1_112' title='bbox 639 1102 757 1163; x_wconf 90' lang='lat' dir='ltr'><strong>peccatum</strong></span> <span class='ocrx_word' id='word_1_113' title='bbox 769 1097 873 1163; x_wconf 82' lang='lat' dir='ltr'><strong>alicujus.</strong></span> 
     </span>
     <span class='ocr_line' id='line_1_16' title="bbox 72 1169 875 1234; baseline 0.005 -16"><span class='ocrx_word' id='word_1_114' title='bbox 72 1169 199 1220; x_wconf 79' lang='lat' dir='ltr'><strong>Peccatum</strong></span> <span class='ocrx_word' id='word_1_115' title='bbox 220 1173 295 1219; x_wconf 91' lang='lat' dir='ltr'><strong>autem</strong></span> <span class='ocrx_word' id='word_1_116' title='bbox 310 1169 406 1234; x_wconf 82' lang='lat' dir='ltr'><strong>alicujus</strong></span> <span class='ocrx_word' id='word_1_117' title='bbox 427 1170 546 1234; x_wconf 82' lang='lat' dir='ltr'><strong>dupliciter</strong></span> <span class='ocrx_word' id='word_1_118' title='bbox 563 1169 700 1220; x_wconf 85' lang='lat' dir='ltr'><strong>considerari</strong></span> <span class='ocrx_word' id='word_1_119' title='bbox 714 1174 789 1233; x_wconf 89' lang='lat' dir='ltr'><strong>potest</strong></span> <span class='ocrx_word' id='word_1_120' title='bbox 808 1184 875 1222; x_wconf 91' lang='lat' dir='ltr'><strong>:uuo</strong></span> 
     </span>
     <span class='ocr_line' id='line_1_17' title="bbox 73 1241 876 1307; baseline 0.002 -16"><span class='ocrx_word' id='word_1_121' title='bbox 73 1242 168 1306; x_wconf 84' lang='lat' dir='ltr'><strong>quidem</strong></span> <span class='ocrx_word' id='word_1_122' title='bbox 182 1241 250 1291; x_wconf 88' lang='lat' dir='ltr'><strong>modo</strong></span> <span class='ocrx_word' id='word_1_123' title='bbox 258 1277 267 1303; x_wconf 88' lang='lat'><strong>,</strong></span> <span class='ocrx_word' id='word_1_124' title='bbox 282 1243 306 1290; x_wconf 88' lang='lat' dir='ltr'><strong>in</strong></span> <span class='ocrx_word' id='word_1_125' title='bbox 324 1244 433 1304; x_wconf 87' lang='lat' dir='ltr'><strong>qnantum</strong></span> <span class='ocrx_word' id='word_1_126' title='bbox 447 1245 482 1292; x_wconf 86' lang='grc' dir='ltr'><strong>εει</strong></span> <span class='ocrx_word' id='word_1_127' title='bbox 502 1241 607 1292; x_wconf 78' lang='lat' dir='ltr'><strong>nocivum</strong></span> <span class='ocrx_word' id='word_1_128' title='bbox 627 1242 649 1292; x_wconf 84' lang='lat' dir='ltr'><strong>ei</strong></span> <span class='ocrx_word' id='word_1_129' title='bbox 665 1243 704 1306; x_wconf 86' lang='lat' dir='ltr'><strong>qni</strong></span> <span class='ocrx_word' id='word_1_130' title='bbox 723 1246 815 1307; x_wconf 71' lang='lat' dir='ltr'><strong>peccat,</strong></span> <span class='ocrx_word' id='word_1_131' title='bbox 831 1242 876 1293; x_wconf 88' lang='lat' dir='ltr'><strong>alio</strong></span> 
     </span>
     <span class='ocr_line' id='line_1_18' title="bbox 74 1311 877 1377; baseline 0.001 -15"><span class='ocrx_word' id='word_1_132' title='bbox 74 1315 156 1376; x_wconf 91' lang='lat' dir='ltr'><strong>modo,</strong></span> <span class='ocrx_word' id='word_1_133' title='bbox 165 1311 191 1361; x_wconf 91' lang='lat' dir='ltr'><strong>in</strong></span> <span class='ocrx_word' id='word_1_134' title='bbox 204 1316 313 1375; x_wconf 81' lang='lat' dir='ltr'><strong>quantum</strong></span> <span class='ocrx_word' id='word_1_135' title='bbox 326 1313 401 1375; x_wconf 79' lang='lat' dir='ltr'><strong>vergit</strong></span> <span class='ocrx_word' id='word_1_136' title='bbox 413 1313 437 1362; x_wconf 89' lang='lat' dir='ltr'><strong>in</strong></span> <span class='ocrx_word' id='word_1_137' title='bbox 449 1317 610 1364; x_wconf 81' lang='lat' dir='ltr'><strong>nocumentum</strong></span> <span class='ocrx_word' id='word_1_138' title='bbox 622 1313 725 1377; x_wconf 85' lang='lat' dir='ltr'><strong>aliorum,</strong></span> <span class='ocrx_word' id='word_1_139' title='bbox 737 1314 776 1376; x_wconf 84' lang='lat' dir='ltr'><strong>qni</strong></span> <span class='ocrx_word' id='word_1_140' title='bbox 786 1327 815 1364; x_wconf 82' lang='lat' dir='ltr'><strong>ex</strong></span> <span class='ocrx_word' id='word_1_141' title='bbox 826 1314 877 1377; x_wconf 81' lang='lat' dir='ltr'><strong>ejus</strong></span> 
     </span>
     <span class='ocr_line' id='line_1_19' title="bbox 73 1384 875 1449; baseline 0.001 -15"><span class='ocrx_word' id='word_1_142' title='bbox 73 1387 167 1448; x_wconf 88' lang='lat' dir='ltr'><strong>peccato</strong></span> <span class='ocrx_word' id='word_1_143' title='bbox 185 1385 312 1447; x_wconf 77' lang='lat' dir='ltr'><strong>induntur,</strong></span> <span class='ocrx_word' id='word_1_144' title='bbox 331 1385 368 1434; x_wconf 82' lang='lat' dir='ltr'><strong>rel</strong></span> <span class='ocrx_word' id='word_1_145' title='bbox 386 1384 582 1449; x_wconf 88' lang='lat' dir='ltr'><strong>scandalizantur,</strong></span> <span class='ocrx_word' id='word_1_146' title='bbox 597 1389 621 1435; x_wconf 87' lang='grc' dir='ltr'><strong>ει</strong></span> <span class='ocrx_word' id='word_1_147' title='bbox 636 1386 706 1436; x_wconf 85' lang='lat' dir='ltr'><strong>etiarn</strong></span> <span class='ocrx_word' id='word_1_148' title='bbox 724 1386 747 1435; x_wconf 93' lang='lat' dir='ltr'><strong>in</strong></span> <span class='ocrx_word' id='word_1_149' title='bbox 767 1390 875 1448; x_wconf 85' lang='lat' dir='ltr'><strong>quantum</strong></span> 
     </span>
     <span class='ocr_line' id='line_1_20' title="bbox 75 1455 876 1520; baseline 0 -15"><span class='ocrx_word' id='word_1_150' title='bbox 75 1459 110 1505; x_wconf 86' lang='lat' dir='ltr'><strong>est</strong></span> <span class='ocrx_word' id='word_1_151' title='bbox 121 1457 146 1505; x_wconf 89' lang='lat' dir='ltr'><strong>iu</strong></span> <span class='ocrx_word' id='word_1_152' title='bbox 156 1459 318 1506; x_wconf 89' lang='lat' dir='ltr'><strong>nocumentum</strong></span> <span class='ocrx_word' id='word_1_153' title='bbox 327 1455 381 1505; x_wconf 89' lang='lat' dir='ltr'><strong>boni</strong></span> <span class='ocrx_word' id='word_1_154' title='bbox 392 1456 527 1516; x_wconf 85' lang='lat' dir='ltr'><strong>eommunis,</strong></span> <span class='ocrx_word' id='word_1_155' title='bbox 536 1457 602 1520; x_wconf 88' lang='lat' dir='ltr'><strong>cujus</strong></span> <span class='ocrx_word' id='word_1_156' title='bbox 609 1456 699 1519; x_wconf 83' lang='lat' dir='ltr'><strong>justitia</strong></span> <span class='ocrx_word' id='word_1_157' title='bbox 708 1470 749 1520; x_wconf 87' lang='lat' dir='ltr'><strong>per</strong></span> <span class='ocrx_word' id='word_1_158' title='bbox 758 1461 876 1520; x_wconf 88' lang='lat' dir='ltr'><strong>peccatum</strong></span> 
     </span>
     <span class='ocr_line' id='line_1_21' title="bbox 75 1526 874 1591; baseline -0.001 -14"><span class='ocrx_word' id='word_1_159' title='bbox 75 1527 177 1577; x_wconf 89' lang='lat' dir='ltr'><strong>hominis</strong></span> <span class='ocrx_word' id='word_1_160' title='bbox 193 1526 345 1590; x_wconf 75' lang='lat' dir='ltr'><strong>perturbatur.</strong></span> <span class='ocrx_word' id='word_1_161' title='bbox 356 1526 442 1591; x_wconf 83' lang='lat' dir='ltr'><strong>Duplex</strong></span> <span class='ocrx_word' id='word_1_162' title='bbox 459 1539 512 1590; x_wconf 78' lang='lat' dir='ltr'><strong>ergo</strong></span> <span class='ocrx_word' id='word_1_163' title='bbox 526 1531 561 1577; x_wconf 90' lang='grc' dir='ltr'><strong>εει</strong></span> <span class='ocrx_word' id='word_1_164' title='bbox 573 1527 681 1576; x_wconf 89' lang='lat' dir='ltr'><strong>correctio</strong></span> <span class='ocrx_word' id='word_1_165' title='bbox 698 1527 853 1591; x_wconf 86' lang='lat' dir='ltr'><strong>delinquentis</strong></span> <span class='ocrx_word' id='word_1_166' title='bbox 868 1543 874 1576; x_wconf 81' lang='lat' dir='ltr'>z</span> 
     </span>
     <span class='ocr_line' id='line_1_22' title="bbox 74 1597 874 1662; baseline -0.001 -14"><span class='ocrx_word' id='word_1_167' title='bbox 74 1609 120 1648; x_wconf 89' lang='lat' dir='ltr'><strong>nna</strong></span> <span class='ocrx_word' id='word_1_168' title='bbox 134 1598 239 1662; x_wconf 87' lang='lat' dir='ltr'><strong>quidem,</strong></span> <span class='ocrx_word' id='word_1_169' title='bbox 251 1611 302 1662; x_wconf 77' lang='lat' dir='ltr'><strong>quae</strong></span> <span class='ocrx_word' id='word_1_170' title='bbox 315 1598 406 1648; x_wconf 85' lang='lat' dir='ltr'><strong>arllribet</strong></span> <span class='ocrx_word' id='word_1_171' title='bbox 418 1597 541 1648; x_wconf 92' lang='lat' dir='ltr'><strong>remedium</strong></span> <span class='ocrx_word' id='word_1_172' title='bbox 555 1601 650 1661; x_wconf 84' lang='lat' dir='ltr'><strong>peccato</strong></span> <span class='ocrx_word' id='word_1_173' title='bbox 657 1635 665 1661; x_wconf 91' lang='lat'><strong>,</strong></span> <span class='ocrx_word' id='word_1_174' title='bbox 679 1598 703 1648; x_wconf 93' lang='lat' dir='ltr'><strong>in</strong></span> <span class='ocrx_word' id='word_1_175' title='bbox 717 1603 826 1661; x_wconf 89' lang='lat' dir='ltr'><strong>quantum</strong></span> <span class='ocrx_word' id='word_1_176' title='bbox 838 1602 874 1647; x_wconf 87' lang='grc' dir='ltr'><strong>εει</strong></span> 
     </span>
     <span class='ocr_line' id='line_1_23' title="bbox 74 1667 875 1734; baseline -0.002 -15"><span class='ocrx_word' id='word_1_177' title='bbox 74 1670 188 1733; x_wconf 85' lang='lat' dir='ltr'><strong>quoddam</strong></span> <span class='ocrx_word' id='word_1_178' title='bbox 199 1668 282 1720; x_wconf 88' lang='lat' dir='ltr'><strong>malurn</strong></span> <span class='ocrx_word' id='word_1_179' title='bbox 292 1667 363 1733; x_wconf 89' lang='lat' dir='ltr'><strong>ipsius</strong></span> <span class='ocrx_word' id='word_1_180' title='bbox 377 1672 509 1734; x_wconf 75' lang='lat' dir='ltr'><strong>peccantis,</strong></span> <span class='ocrx_word' id='word_1_181' title='bbox 521 1673 544 1719; x_wconf 90' lang='lat' dir='ltr'><strong>et</strong></span> <span class='ocrx_word' id='word_1_182' title='bbox 554 1669 599 1718; x_wconf 86' lang='lat' dir='ltr'><strong>ista</strong></span> <span class='ocrx_word' id='word_1_183' title='bbox 609 1672 644 1718; x_wconf 90' lang='lat' dir='ltr'><strong>est</strong></span> <span class='ocrx_word' id='word_1_184' title='bbox 655 1667 746 1732; x_wconf 81' lang='lat' dir='ltr'><strong>proprie</strong></span> <span class='ocrx_word' id='word_1_185' title='bbox 756 1670 875 1732; x_wconf 74' lang='lat' dir='ltr'><strong>fraterna</strong></span> 
     </span>
     <span class='ocr_line' id='line_1_24' title="bbox 74 1740 876 1804; baseline -0.001 -14"><span class='ocrx_word' id='word_1_186' title='bbox 74 1742 211 1799; x_wconf 85' lang='lat' dir='ltr'><strong>correctio,</strong></span> <span class='ocrx_word' id='word_1_187' title='bbox 224 1754 274 1804; x_wconf 85' lang='lat' dir='ltr'><strong>quae</strong></span> <span class='ocrx_word' id='word_1_188' title='bbox 286 1740 400 1790; x_wconf 90' lang='lat' dir='ltr'><strong>ordinatur</strong></span> <span class='ocrx_word' id='word_1_189' title='bbox 413 1742 441 1791; x_wconf 90' lang='lat' dir='ltr'><strong>ad</strong></span> <span class='ocrx_word' id='word_1_190' title='bbox 453 1741 634 1790; x_wconf 87' lang='lat' dir='ltr'><strong>emendationem</strong></span> <span class='ocrx_word' id='word_1_191' title='bbox 645 1740 808 1802; x_wconf 87' lang='lat' dir='ltr'><strong>delinquentis.</strong></span> <span class='ocrx_word' id='word_1_192' title='bbox 827 1740 876 1789; x_wconf 77' lang='lat' dir='ltr'><strong>lle-</strong></span> 
     </span>
     <span class='ocr_line' id='line_1_25' title="bbox 75 1809 872 1876; baseline -0.003 -14"><span class='ocrx_word' id='word_1_193' title='bbox 75 1824 169 1863; x_wconf 83' lang='lat' dir='ltr'><strong>movere</strong></span> <span class='ocrx_word' id='word_1_194' title='bbox 182 1815 258 1862; x_wconf 82' lang='grc' dir='ltr'><strong>εειεεε</strong></span> <span class='ocrx_word' id='word_1_195' title='bbox 271 1813 355 1862; x_wconf 89' lang='lat' dir='ltr'><strong>malum</strong></span> <span class='ocrx_word' id='word_1_196' title='bbox 368 1812 478 1876; x_wconf 86' lang='lat' dir='ltr'><strong>alicujus,</strong></span> <span class='ocrx_word' id='word_1_197' title='bbox 493 1813 594 1875; x_wconf 84' lang='lat' dir='ltr'><strong>ejusdem</strong></span> <span class='ocrx_word' id='word_1_198' title='bbox 605 1810 698 1861; x_wconf 90' lang='lat' dir='ltr'><strong>rationis</strong></span> <span class='ocrx_word' id='word_1_199' title='bbox 710 1813 745 1860; x_wconf 90' lang='lat' dir='ltr'><strong>est</strong></span> <span class='ocrx_word' id='word_1_200' title='bbox 761 1809 820 1860; x_wconf 78' lang='grc' dir='ltr'><strong>ειεει</strong></span> <span class='ocrx_word' id='word_1_201' title='bbox 832 1811 872 1860; x_wconf 82' lang='lat' dir='ltr'><strong>bo</strong></span> 
     </span>
     <span class='ocr_line' id='line_1_26' title="bbox 75 1881 874 1947; baseline -0.001 -14"><span class='ocrx_word' id='word_1_202' title='bbox 75 1897 130 1933; x_wconf 92' lang='lat' dir='ltr'><strong>uum</strong></span> <span class='ocrx_word' id='word_1_203' title='bbox 144 1884 195 1947; x_wconf 89' lang='lat' dir='ltr'><strong>ejus</strong></span> <span class='ocrx_word' id='word_1_204' title='bbox 209 1897 336 1947; x_wconf 88' lang='lat' dir='ltr'><strong>procurare.</strong></span> <span class='ocrx_word' id='word_1_205' title='bbox 352 1885 475 1934; x_wconf 86' lang='lat' dir='ltr'><strong>Procurare</strong></span> <span class='ocrx_word' id='word_1_206' title='bbox 493 1887 569 1933; x_wconf 86' lang='lat' dir='ltr'><strong>autem</strong></span> <span class='ocrx_word' id='word_1_207' title='bbox 587 1882 664 1932; x_wconf 83' lang='lat' dir='ltr'><strong>fratris</strong></span> <span class='ocrx_word' id='word_1_208' title='bbox 676 1883 760 1932; x_wconf 85' lang='lat' dir='ltr'><strong>bonurn</strong></span> <span class='ocrx_word' id='word_1_209' title='bbox 775 1881 874 1946; x_wconf 85' lang='lat' dir='ltr'><strong>pertinet</strong></span> 
     </span>
     <span class='ocr_line' id='line_1_27' title="bbox 75 1955 872 2020; baseline -0.003 -14"><span class='ocrx_word' id='word_1_210' title='bbox 75 1957 103 2006; x_wconf 91' lang='lat' dir='ltr'><strong>ad</strong></span> <span class='ocrx_word' id='word_1_211' title='bbox 115 1955 260 2018; x_wconf 86' lang='lat' dir='ltr'><strong>charitatem,</strong></span> <span class='ocrx_word' id='word_1_212' title='bbox 272 1968 313 2020; x_wconf 91' lang='lat' dir='ltr'><strong>per</strong></span> <span class='ocrx_word' id='word_1_213' title='bbox 327 1969 393 2019; x_wconf 81' lang='lat' dir='ltr'><strong>quarn</strong></span> <span class='ocrx_word' id='word_1_214' title='bbox 405 1956 508 2004; x_wconf 82' lang='lat' dir='ltr'><strong>volumus</strong></span> <span class='ocrx_word' id='word_1_215' title='bbox 519 1959 543 2004; x_wconf 94' lang='lat' dir='ltr'><strong>et</strong></span> <span class='ocrx_word' id='word_1_216' title='bbox 555 1967 675 2018; x_wconf 88' lang='lat' dir='ltr'><strong>operamur</strong></span> <span class='ocrx_word' id='word_1_217' title='bbox 687 1955 772 2005; x_wconf 88' lang='lat' dir='ltr'><strong>bouum</strong></span> <span class='ocrx_word' id='word_1_218' title='bbox 784 1955 872 2004; x_wconf 90' lang='lat' dir='ltr'><strong>amico.</strong></span> 
     </span>
     <span class='ocr_line' id='line_1_28' title="bbox 76 2025 874 2091; baseline -0.001 -14"><span class='ocrx_word' id='word_1_219' title='bbox 76 2029 139 2078; x_wconf 89' lang='lat' dir='ltr'><strong>Unde</strong></span> <span class='ocrx_word' id='word_1_220' title='bbox 159 2027 227 2077; x_wconf 89' lang='lat' dir='ltr'><strong>etiam</strong></span> <span class='ocrx_word' id='word_1_221' title='bbox 243 2027 352 2077; x_wconf 87' lang='lat' dir='ltr'><strong>correctio</strong></span> <span class='ocrx_word' id='word_1_222' title='bbox 371 2026 469 2076; x_wconf 83' lang='lat' dir='ltr'><strong>fraterna</strong></span> <span class='ocrx_word' id='word_1_223' title='bbox 483 2029 520 2077; x_wconf 89' lang='lat' dir='ltr'><strong>est</strong></span> <span class='ocrx_word' id='word_1_224' title='bbox 538 2031 601 2076; x_wconf 85' lang='lat' dir='ltr'><strong>actus</strong></span> <span class='ocrx_word' id='word_1_225' title='bbox 617 2025 750 2088; x_wconf 87' lang='lat' dir='ltr'><strong>charitatis,</strong></span> <span class='ocrx_word' id='word_1_226' title='bbox 766 2026 819 2091; x_wconf 84' lang='lat' dir='ltr'><strong>quia</strong></span> <span class='ocrx_word' id='word_1_227' title='bbox 832 2041 874 2090; x_wconf 91' lang='lat' dir='ltr'><strong>per</strong></span> 
     </span>
     <span class='ocr_line' id='line_1_29' title="bbox 75 2097 874 2164; baseline -0.003 -14"><span class='ocrx_word' id='word_1_228' title='bbox 75 2113 126 2150; x_wconf 87' lang='lat' dir='ltr'><strong>earn</strong></span> <span class='ocrx_word' id='word_1_229' title='bbox 144 2099 275 2164; x_wconf 85' lang='lat' dir='ltr'><strong>repellimus</strong></span> <span class='ocrx_word' id='word_1_230' title='bbox 296 2099 379 2148; x_wconf 90' lang='lat' dir='ltr'><strong>malum</strong></span> <span class='ocrx_word' id='word_1_231' title='bbox 395 2098 484 2161; x_wconf 82' lang='lat' dir='ltr'><strong>fratris,</strong></span> <span class='ocrx_word' id='word_1_232' title='bbox 506 2097 593 2149; x_wconf 88' lang='lat' dir='ltr'><strong>scilicet</strong></span> <span class='ocrx_word' id='word_1_233' title='bbox 609 2101 745 2162; x_wconf 82' lang='lat' dir='ltr'><strong>peccatum3</strong></span> <span class='ocrx_word' id='word_1_234' title='bbox 758 2099 822 2162; x_wconf 83' lang='lat' dir='ltr'><strong>cujus</strong></span> <span class='ocrx_word' id='word_1_235' title='bbox 837 2112 874 2148; x_wconf 90' lang='lat' dir='ltr'><strong>re·</strong></span> 
     </span>
     <span class='ocr_line' id='line_1_30' title="bbox 76 2169 876 2234; baseline -0.003 -12"><span class='ocrx_word' id='word_1_236' title='bbox 76 2173 146 2222; x_wconf 91' lang='lat' dir='ltr'><strong>motio</strong></span> <span class='ocrx_word' id='word_1_237' title='bbox 160 2169 232 2234; x_wconf 83' lang='lat' dir='ltr'><strong>magis</strong></span> <span class='ocrx_word' id='word_1_238' title='bbox 241 2170 339 2234; x_wconf 83' lang='lat' dir='ltr'><strong>pertinet</strong></span> <span class='ocrx_word' id='word_1_239' title='bbox 349 2169 378 2220; x_wconf 90' lang='lat' dir='ltr'><strong>ad</strong></span> <span class='ocrx_word' id='word_1_240' title='bbox 393 2169 536 2233; x_wconf 85' lang='lat' dir='ltr'><strong>charitatem,</strong></span> <span class='ocrx_word' id='word_1_241' title='bbox 547 2169 614 2233; x_wconf 78' lang='lat' dir='ltr'><strong>quim</strong></span> <span class='ocrx_word' id='word_1_242' title='bbox 626 2169 695 2219; x_wconf 86' lang='lat' dir='ltr'><strong>etiam</strong></span> <span class='ocrx_word' id='word_1_243' title='bbox 706 2170 801 2220; x_wconf 88' lang='lat' dir='ltr'><strong>rernolio</strong></span> <span class='ocrx_word' id='word_1_244' title='bbox 811 2174 876 2221; x_wconf 84' lang='lat' dir='ltr'><strong>exte·</strong></span> 
     </span>
     <span class='ocr_line' id='line_1_31' title="bbox 76 2240 875 2306; baseline -0.005 -12"><span class='ocrx_word' id='word_1_245' title='bbox 76 2242 142 2294; x_wconf 87' lang='lat' dir='ltr'><strong>rioris</strong></span> <span class='ocrx_word' id='word_1_246' title='bbox 152 2241 241 2303; x_wconf 90' lang='lat' dir='ltr'><strong>damni,</strong></span> <span class='ocrx_word' id='word_1_247' title='bbox 257 2241 376 2293; x_wconf 80' lang='lat' dir='ltr'><strong>ueletiam</strong></span> <span class='ocrx_word' id='word_1_248' title='bbox 393 2241 514 2306; x_wconf 89' lang='lat' dir='ltr'><strong>corporalis</strong></span> <span class='ocrx_word' id='word_1_249' title='bbox 530 2240 676 2304; x_wconf 87' lang='lat' dir='ltr'><strong>nocumenti;</strong></span> <span class='ocrx_word' id='word_1_250' title='bbox 689 2240 773 2305; x_wconf 84' lang='lat' dir='ltr'><strong>qrrantd</strong></span> <span class='ocrx_word' id='word_1_251' title='bbox 785 2244 875 2292; x_wconf 83' lang='lat' dir='ltr'><strong>contra·</strong></span> 
     </span>
     <span class='ocr_line' id='line_1_32' title="bbox 75 2313 877 2378; baseline -0.004 -14"><span class='ocrx_word' id='word_1_252' title='bbox 75 2315 134 2364; x_wconf 89' lang='lat' dir='ltr'><strong>rium</strong></span> <span class='ocrx_word' id='word_1_253' title='bbox 148 2316 233 2366; x_wconf 85' lang='lat' dir='ltr'><strong>bonurn</strong></span> <span class='ocrx_word' id='word_1_254' title='bbox 249 2313 340 2364; x_wconf 87' lang='lat' dir='ltr'><strong>virtutis</strong></span> <span class='ocrx_word' id='word_1_255' title='bbox 354 2314 426 2378; x_wconf 87' lang='lat' dir='ltr'><strong>magis</strong></span> <span class='ocrx_word' id='word_1_256' title='bbox 439 2317 475 2364; x_wconf 89' lang='grc' dir='ltr'><strong>εει</strong></span> <span class='ocrx_word' id='word_1_257' title='bbox 494 2313 563 2364; x_wconf 88' lang='lat' dir='ltr'><strong>aliine</strong></span> <span class='ocrx_word' id='word_1_258' title='bbox 584 2313 702 2375; x_wconf 86' lang='lat' dir='ltr'><strong>charitati,</strong></span> <span class='ocrx_word' id='word_1_259' title='bbox 712 2313 779 2376; x_wconf 80' lang='lat' dir='ltr'><strong>quam</strong></span> <span class='ocrx_word' id='word_1_260' title='bbox 793 2313 877 2363; x_wconf 89' lang='lat' dir='ltr'><strong>honum</strong></span> 
     </span>
     <span class='ocr_line' id='line_1_33' title="bbox 77 2385 877 2452; baseline -0.003 -16"><span class='ocrx_word' id='word_1_261' title='bbox 77 2386 178 2452; x_wconf 86' lang='lat' dir='ltr'><strong>corporis</strong></span> <span class='ocrx_word' id='word_1_262' title='bbox 196 2388 233 2437; x_wconf 91' lang='lat' dir='ltr'><strong>vel</strong></span> <span class='ocrx_word' id='word_1_263' title='bbox 250 2385 386 2436; x_wconf 82' lang='lat' dir='ltr'><strong>exteriomrn</strong></span> <span class='ocrx_word' id='word_1_264' title='bbox 404 2399 489 2436; x_wconf 88' lang='lat' dir='ltr'><strong>rernm.</strong></span> <span class='ocrx_word' id='word_1_265' title='bbox 513 2386 578 2435; x_wconf 92' lang='lat' dir='ltr'><strong>llnde</strong></span> <span class='ocrx_word' id='word_1_266' title='bbox 596 2385 705 2436; x_wconf 86' lang='lat' dir='ltr'><strong>correctio</strong></span> <span class='ocrx_word' id='word_1_267' title='bbox 723 2385 821 2434; x_wconf 84' lang='lat' dir='ltr'><strong>fraterna</strong></span> <span class='ocrx_word' id='word_1_268' title='bbox 841 2387 877 2434; x_wconf 89' lang='lat' dir='ltr'><strong>est</strong></span> 
     </span>
     <span class='ocr_line' id='line_1_34' title="bbox 77 2455 879 2522; baseline -0.004 -13"><span class='ocrx_word' id='word_1_269' title='bbox 77 2463 141 2509; x_wconf 85' lang='lat' dir='ltr'><strong>actus</strong></span> <span class='ocrx_word' id='word_1_270' title='bbox 152 2458 267 2509; x_wconf 84' lang='lat' dir='ltr'><strong>charitatis</strong></span> <span class='ocrx_word' id='word_1_271' title='bbox 280 2457 357 2522; x_wconf 79' lang='lat' dir='ltr'><strong>potius</strong></span> <span class='ocrx_word' id='word_1_272' title='bbox 371 2457 438 2521; x_wconf 79' lang='lat' dir='ltr'><strong>quam</strong></span> <span class='ocrx_word' id='word_1_273' title='bbox 449 2457 535 2508; x_wconf 88' lang='lat' dir='ltr'><strong>curatio</strong></span> <span class='ocrx_word' id='word_1_274' title='bbox 545 2455 682 2506; x_wconf 86' lang='lat' dir='ltr'><strong>infirmitatis</strong></span> <span class='ocrx_word' id='word_1_275' title='bbox 697 2455 829 2521; x_wconf 88' lang='lat' dir='ltr'><strong>corporalis,</strong></span> <span class='ocrx_word' id='word_1_276' title='bbox 841 2463 879 2511; x_wconf 88' lang='lat' dir='ltr'><strong>rel</strong></span> 
     </span>
     <span class='ocr_line' id='line_1_35' title="bbox 77 2525 874 2592; baseline -0.005 -12"><span class='ocrx_word' id='word_1_277' title='bbox 77 2529 197 2580; x_wconf 82' lang='lat' dir='ltr'><strong>subventio</strong></span> <span class='ocrx_word' id='word_1_278' title='bbox 210 2542 255 2592; x_wconf 90' lang='lat' dir='ltr'><strong>qua</strong></span> <span class='ocrx_word' id='word_1_279' title='bbox 267 2529 393 2579; x_wconf 69' lang='lat' dir='ltr'><strong>excludItnr</strong></span> <span class='ocrx_word' id='word_1_280' title='bbox 406 2527 506 2578; x_wconf 81' lang='lat' dir='ltr'><strong>exterior</strong></span> <span class='ocrx_word' id='word_1_281' title='bbox 518 2530 618 2591; x_wconf 84' lang='lat' dir='ltr'><strong>egestas.</strong></span> <span class='ocrx_word' id='word_1_282' title='bbox 632 2527 680 2577; x_wconf 80' lang='lat' dir='ltr'><strong>lilia</strong></span> <span class='ocrx_word' id='word_1_283' title='bbox 697 2525 752 2578; x_wconf 75' lang='lat' dir='ltr'><strong>vert</strong></span> <span class='ocrx_word' id='word_1_284' title='bbox 766 2525 874 2578; x_wconf 88' lang='lat' dir='ltr'><strong>correctio</strong></span> 
     </span>
     <span class='ocr_line' id='line_1_36' title="bbox 77 2597 873 2664; baseline -0.008 -12"><span class='ocrx_word' id='word_1_285' title='bbox 77 2606 113 2652; x_wconf 85' lang='grc' dir='ltr'><strong>εει</strong></span> <span class='ocrx_word' id='word_1_286' title='bbox 131 2615 181 2664; x_wconf 86' lang='lat' dir='ltr'><strong>quae</strong></span> <span class='ocrx_word' id='word_1_287' title='bbox 202 2601 294 2651; x_wconf 87' lang='lat' dir='ltr'><strong>adhibet</strong></span> <span class='ocrx_word' id='word_1_288' title='bbox 312 2601 436 2651; x_wconf 88' lang='lat' dir='ltr'><strong>remedium</strong></span> <span class='ocrx_word' id='word_1_289' title='bbox 452 2604 547 2664; x_wconf 89' lang='lat' dir='ltr'><strong>peccato</strong></span> <span class='ocrx_word' id='word_1_290' title='bbox 565 2598 732 2662; x_wconf 87' lang='lat' dir='ltr'><strong>delinquentis,</strong></span> <span class='ocrx_word' id='word_1_291' title='bbox 749 2597 873 2648; x_wconf 80' lang='lat' dir='ltr'><strong>secundnm</strong></span> 
     </span>
     <span class='ocr_line' id='line_1_37' title="bbox 77 2670 877 2738; baseline -0.008 -14"><span class='ocrx_word' id='word_1_292' title='bbox 77 2673 137 2738; x_wconf 79' lang='lat' dir='ltr'><strong>quod</strong></span> <span class='ocrx_word' id='word_1_293' title='bbox 151 2676 185 2723; x_wconf 90' lang='grc' dir='ltr'><strong>εει</strong></span> <span class='ocrx_word' id='word_1_294' title='bbox 198 2673 224 2722; x_wconf 93' lang='lat' dir='ltr'><strong>in</strong></span> <span class='ocrx_word' id='word_1_295' title='bbox 234 2674 318 2723; x_wconf 91' lang='lat' dir='ltr'><strong>malum</strong></span> <span class='ocrx_word' id='word_1_296' title='bbox 331 2672 434 2734; x_wconf 89' lang='lat' dir='ltr'><strong>aliorum,</strong></span> <span class='ocrx_word' id='word_1_297' title='bbox 445 2675 468 2721; x_wconf 90' lang='lat' dir='ltr'><strong>et</strong></span> <span class='ocrx_word' id='word_1_298' title='bbox 477 2670 592 2735; x_wconf 82' lang='lat' dir='ltr'><strong>praecipue</strong></span> <span class='ocrx_word' id='word_1_299' title='bbox 602 2671 627 2720; x_wconf 92' lang='lat' dir='ltr'><strong>in</strong></span> <span class='ocrx_word' id='word_1_300' title='bbox 638 2674 797 2721; x_wconf 90' lang='lat' dir='ltr'><strong>nocumentum</strong></span> <span class='ocrx_word' id='word_1_301' title='bbox 816 2683 877 2719; x_wconf 89' lang='lat' dir='ltr'><strong>com-</strong></span> 
     </span>
     <span class='ocr_line' id='line_1_38' title="bbox 77 2739 873 2806; baseline -0.009 -10"><span class='ocrx_word' id='word_1_302' title='bbox 77 2745 152 2796; x_wconf 86' lang='lat' dir='ltr'><strong>munis</strong></span> <span class='ocrx_word' id='word_1_303' title='bbox 161 2744 224 2797; x_wconf 84' lang='lat' dir='ltr'><strong>boui.</strong></span> <span class='ocrx_word' id='word_1_304' title='bbox 239 2745 267 2794; x_wconf 80' lang='lat' dir='ltr'><strong>nt</strong></span> <span class='ocrx_word' id='word_1_305' title='bbox 279 2744 330 2794; x_wconf 89' lang='lat' dir='ltr'><strong>talis</strong></span> <span class='ocrx_word' id='word_1_306' title='bbox 340 2743 447 2795; x_wconf 87' lang='lat' dir='ltr'><strong>correctio</strong></span> <span class='ocrx_word' id='word_1_307' title='bbox 461 2747 497 2792; x_wconf 89' lang='grc' dir='ltr'><strong>εει</strong></span> <span class='ocrx_word' id='word_1_308' title='bbox 507 2747 571 2792; x_wconf 86' lang='grc' dir='ltr'><strong>εειεε</strong></span> <span class='ocrx_word' id='word_1_309' title='bbox 580 2739 685 2806; x_wconf 80' lang='lat' dir='ltr'><strong>justitia,</strong></span> <span class='ocrx_word' id='word_1_310' title='bbox 696 2742 761 2806; x_wconf 88' lang='lat' dir='ltr'><strong>cujus</strong></span> <span class='ocrx_word' id='word_1_311' title='bbox 772 2745 808 2792; x_wconf 90' lang='lat' dir='ltr'><strong>est</strong></span> <span class='ocrx_word' id='word_1_312' title='bbox 817 2753 873 2790; x_wconf 91' lang='lat' dir='ltr'><strong>con·</strong></span> 
     </span>
     <span class='ocr_line' id='line_1_39' title="bbox 77 2813 792 2882; baseline -0.004 -13"><span class='ocrx_word' id='word_1_313' title='bbox 77 2827 166 2869; x_wconf 80' lang='lat' dir='ltr'><strong>servare</strong></span> <span class='ocrx_word' id='word_1_314' title='bbox 187 2817 347 2869; x_wconf 85' lang='lat' dir='ltr'><strong>rectitudinem</strong></span> <span class='ocrx_word' id='word_1_315' title='bbox 364 2814 460 2882; x_wconf 79' lang='lat' dir='ltr'><strong>justitia</strong></span> <span class='ocrx_word' id='word_1_316' title='bbox 473 2813 543 2871; x_wconf 84' lang='lat' dir='ltr'><strong>unius</strong></span> <span class='ocrx_word' id='word_1_317' title='bbox 555 2817 584 2867; x_wconf 94' lang='lat' dir='ltr'><strong>ad</strong></span> <span class='ocrx_word' id='word_1_318' title='bbox 600 2815 706 2866; x_wconf 77' lang='grc' dir='ltr'><strong>ειιεεεεε.</strong></span> <span class='ocrx_word' id='word_1_319' title='bbox 788 2818 792 2825; x_wconf 87' lang='grc'><strong>“</strong></span> 
     </span>
    </p>
   </div>
   <div class='ocr_carea' id='block_1_3' title="bbox 0 0 1010 3317">
    <p class='ocr_par' dir='ltr' id='par_1_6' title="bbox 0 0 1010 3317">
     <span class='ocr_line' id='line_1_40' title="bbox 0 0 1010 3317; baseline 0 0"><span class='ocrx_word' id='word_1_320' title='bbox 0 0 1010 3317; x_wconf 95' lang='lat' dir='ltr'><strong> </strong></span> 
     </span>
    </p>
   </div>
  </div>
 </body>
</html>
