<?xml version="1.0" encoding="UTF-8"?>
<!DOCTYPE html PUBLIC "-//W3C//DTD XHTML 1.0 Transitional//EN"
    "http://www.w3.org/TR/xhtml1/DTD/xhtml1-transitional.dtd">
<html xmlns="http://www.w3.org/1999/xhtml" xml:lang="en" lang="en">
 <head>
  <title>
</title>
<meta http-equiv="Content-Type" content="text/html;charset=utf-8" />
  <meta name='ocr-system' content='tesseract 3.04.00' />
  <meta name='ocr-capabilities' content='ocr_page ocr_carea ocr_par ocr_line ocrx_word'/>
</head>
<body>
  <div class='ocr_page' id='page_1' title='image "./summatheologica03nicogoog_0775.png"; bbox 0 0 1992 3317; ppageno 0'>
   <div class='ocr_carea' id='block_1_1' title="bbox 149 123 821 180">
    <p class='ocr_par' dir='ltr' id='par_1_1' title="bbox 149 123 821 180">
     <span class='ocr_line' id='line_1_1' title="bbox 149 123 821 180; baseline -0.003 -10"><span class='ocrx_word' id='word_1_1' title='bbox 149 123 195 170; x_wconf 71' lang='lat' dir='ltr'>&#39;lla</span> <span class='ocrx_word' id='word_1_2' title='bbox 271 130 378 172; x_wconf 76' lang='lat' dir='ltr'>suebant</span> <span class='ocrx_word' id='word_1_3' title='bbox 394 131 520 179; x_wconf 70' lang='lat' dir='ltr'>amusos,</span> <span class='ocrx_word' id='word_1_4' title='bbox 537 130 631 175; x_wconf 78' lang='lat' dir='ltr'>ouusr.</span> <span class='ocrx_word' id='word_1_5' title='bbox 648 131 693 180; x_wconf 81' lang='lat' dir='ltr'>nv,</span> <span class='ocrx_word' id='word_1_6' title='bbox 711 130 767 168; x_wconf 73' lang='lat' dir='ltr'>aar.</span> <span class='ocrx_word' id='word_1_7' title='bbox 785 131 821 170; x_wconf 86' lang='lat' dir='ltr'>vr.</span> 
     </span>
    </p>
   </div>
   <div class='ocr_carea' id='block_1_2' title="bbox 65 206 956 272">
    <p class='ocr_par' dir='ltr' id='par_1_2' title="bbox 65 206 956 272">
     <span class='ocr_line' id='line_1_2' title="bbox 65 206 956 272; baseline -0.007 -12"><span class='ocrx_word' id='word_1_8' title='bbox 65 255 67 260; x_wconf 93' lang='lat'><em>.</em></span> <span class='ocrx_word' id='word_1_9' title='bbox 148 209 260 272; x_wconf 81' lang='lat' dir='ltr'>quoddam</span> <span class='ocrx_word' id='word_1_10' title='bbox 273 210 398 259; x_wconf 89' lang='lat' dir='ltr'>adhibitum</span> <span class='ocrx_word' id='word_1_11' title='bbox 412 209 440 258; x_wconf 84' lang='lat' dir='ltr'>ad</span> <span class='ocrx_word' id='word_1_12' title='bbox 453 207 538 271; x_wconf 83' lang='lat' dir='ltr'>aliquid</span> <span class='ocrx_word' id='word_1_13' title='bbox 551 207 745 269; x_wconf 88' lang='lat' dir='ltr'>consequendum.</span> <span class='ocrx_word' id='word_1_14' title='bbox 759 206 913 258; x_wconf 81' lang='lat' dir='ltr'><strong>Manifestum</strong></span> <span class='ocrx_word' id='word_1_15' title='bbox 922 209 956 256; x_wconf 78' lang='lat' dir='ltr'>est</span> 
     </span>
    </p>
   </div>
   <div class='ocr_carea' id='block_1_3' title="bbox 131 276 956 2906">
    <p class='ocr_par' dir='ltr' id='par_1_3' title="bbox 131 276 956 411">
     <span class='ocr_line' id='line_1_3' title="bbox 148 276 956 344; baseline -0.005 -14"><span class='ocrx_word' id='word_1_16' title='bbox 148 283 239 340; x_wconf 71' lang='lat' dir='ltr'>numm,</span> <span class='ocrx_word' id='word_1_17' title='bbox 259 279 320 344; x_wconf 85' lang='lat' dir='ltr'>qubd</span> <span class='ocrx_word' id='word_1_18' title='bbox 341 279 415 342; x_wconf 88' lang='lat' dir='ltr'>majus</span> <span class='ocrx_word' id='word_1_19' title='bbox 436 277 535 329; x_wconf 84' lang='lat' dir='ltr'>studium</span> <span class='ocrx_word' id='word_1_20' title='bbox 554 277 687 339; x_wconf 81' lang='lat' dir='ltr'>adhibetur,</span> <span class='ocrx_word' id='word_1_21' title='bbox 702 276 742 327; x_wconf 86' lang='lat' dir='ltr'>ubi</span> <span class='ocrx_word' id='word_1_22' title='bbox 759 281 796 328; x_wconf 88' lang='lat' dir='ltr'>est</span> <span class='ocrx_word' id='word_1_23' title='bbox 810 278 885 328; x_wconf 74' lang='lat' dir='ltr'>umor</span> <span class='ocrx_word' id='word_1_24' title='bbox 903 279 956 327; x_wconf 83' lang='lat' dir='ltr'>deli·</span> 
     </span>
     <span class='ocr_line' id='line_1_4' title="bbox 131 348 956 411; baseline -0.005 -10"><span class='ocrx_word' id='word_1_25' title='bbox 131 361 136 368; x_wconf 91' lang='lat'>·</span> <span class='ocrx_word' id='word_1_26' title='bbox 149 351 233 402; x_wconf 89' lang='lat' dir='ltr'>ciendi.</span> <span class='ocrx_word' id='word_1_27' title='bbox 248 353 276 400; x_wconf 82' lang='lat' dir='ltr'>ur</span> <span class='ocrx_word' id='word_1_28' title='bbox 287 351 337 400; x_wconf 79' lang='lat' dir='ltr'>iuteo</span> <span class='ocrx_word' id='word_1_29' title='bbox 348 349 387 399; x_wconf 95' lang='lat' dir='ltr'>ubi</span> <span class='ocrx_word' id='word_1_30' title='bbox 398 353 433 400; x_wconf 89' lang='lat' dir='ltr'>est</span> <span class='ocrx_word' id='word_1_31' title='bbox 445 350 555 402; x_wconf 81' lang='lat' dir='ltr'><strong>securitas</strong></span> <span class='ocrx_word' id='word_1_32' title='bbox 566 348 813 411; x_wconf 62' lang='lat' dir='ltr'>consequentiarum</span> <span class='ocrx_word' id='word_1_33' title='bbox 827 349 956 400; x_wconf 87' lang='lat' dir='ltr'>intervenit</span> 
     </span>
    </p>

    <p class='ocr_par' dir='ltr' id='par_1_4' title="bbox 149 419 954 2106">
     <span class='ocr_line' id='line_1_5' title="bbox 149 419 953 484; baseline -0.005 -10"><span class='ocrx_word' id='word_1_34' title='bbox 149 422 282 474; x_wconf 83' lang='lat' dir='ltr'>sollicitudo.</span> <span class='ocrx_word' id='word_1_35' title='bbox 301 419 338 470; x_wconf 88' lang='lat' dir='ltr'>Sic</span> <span class='ocrx_word' id='word_1_36' title='bbox 351 433 404 483; x_wconf 78' lang='lat' dir='ltr'>ergo</span> <span class='ocrx_word' id='word_1_37' title='bbox 417 420 544 474; x_wconf 86' lang='lat' dir='ltr'>sollicitudo</span> <span class='ocrx_word' id='word_1_38' title='bbox 559 419 718 483; x_wconf 72' lang='lat' dir='ltr'><strong>temporalium</strong></span> <span class='ocrx_word' id='word_1_39' title='bbox 730 433 809 471; x_wconf 87' lang='lat' dir='ltr'>rerum</span> <span class='ocrx_word' id='word_1_40' title='bbox 829 420 953 484; x_wconf 70' lang='lat' dir='ltr'>tripliciter</span> 
     </span>
     <span class='ocr_line' id='line_1_6' title="bbox 149 490 953 559; baseline 0 -16"><span class='ocrx_word' id='word_1_41' title='bbox 149 497 285 559; x_wconf 86' lang='lat' dir='ltr'>potestesse</span> <span class='ocrx_word' id='word_1_42' title='bbox 303 490 382 541; x_wconf 87' lang='lat' dir='ltr'>illicita</span> <span class='ocrx_word' id='word_1_43' title='bbox 399 505 462 542; x_wconf 92' lang='lat' dir='ltr'>:uno</span> <span class='ocrx_word' id='word_1_44' title='bbox 473 493 565 556; x_wconf 87' lang='lat' dir='ltr'>quidem</span> <span class='ocrx_word' id='word_1_45' title='bbox 579 493 662 553; x_wconf 86' lang='lat' dir='ltr'>modo,</span> <span class='ocrx_word' id='word_1_46' title='bbox 677 505 706 542; x_wconf 86' lang='lat' dir='ltr'>ex</span> <span class='ocrx_word' id='word_1_47' title='bbox 720 496 786 556; x_wconf 89' lang='lat' dir='ltr'>parte</span> <span class='ocrx_word' id='word_1_48' title='bbox 799 494 854 556; x_wconf 88' lang='lat' dir='ltr'>ejus</span> <span class='ocrx_word' id='word_1_49' title='bbox 869 494 901 543; x_wconf 89' lang='lat' dir='ltr'>‹le</span> <span class='ocrx_word' id='word_1_50' title='bbox 913 508 953 555; x_wconf 91' lang='lat' dir='ltr'>quo</span> 
     </span>
     <span class='ocr_line' id='line_1_7' title="bbox 150 562 951 627; baseline -0.004 -12"><span class='ocrx_word' id='word_1_51' title='bbox 150 563 309 626; x_wconf 89' lang='lat' dir='ltr'>sollicitamur,</span> <span class='ocrx_word' id='word_1_52' title='bbox 320 562 340 612; x_wconf 90' lang='lat' dir='ltr'>si</span> <span class='ocrx_word' id='word_1_53' title='bbox 359 563 446 613; x_wconf 89' lang='lat' dir='ltr'>scilicet</span> <span class='ocrx_word' id='word_1_54' title='bbox 460 565 595 626; x_wconf 86' lang='lat' dir='ltr'>temporalia</span> <span class='ocrx_word' id='word_1_55' title='bbox 607 567 715 626; x_wconf 87' lang='lat' dir='ltr'>tauquam</span> <span class='ocrx_word' id='word_1_56' title='bbox 729 563 801 615; x_wconf 69' lang='lat' dir='ltr'>mem</span> <span class='ocrx_word' id='word_1_57' title='bbox 814 577 951 627; x_wconf 78' lang='lat' dir='ltr'>quaeramus.</span> 
     </span>
     <span class='ocr_line' id='line_1_8' title="bbox 150 634 954 699; baseline -0.002 -14"><span class='ocrx_word' id='word_1_58' title='bbox 150 635 215 686; x_wconf 88' lang='lat' dir='ltr'>Unde</span> <span class='ocrx_word' id='word_1_59' title='bbox 229 637 252 684; x_wconf 90' lang='lat' dir='ltr'>et</span> <span class='ocrx_word' id='word_1_60' title='bbox 271 634 412 698; x_wconf 69' lang='lat' dir='ltr'>Augustinus</span> <span class='ocrx_word' id='word_1_61' title='bbox 426 634 482 684; x_wconf 87' lang='lat' dir='ltr'>dicit</span> <span class='ocrx_word' id='word_1_62' title='bbox 493 635 518 684; x_wconf 95' lang='lat' dir='ltr'>in</span> <span class='ocrx_word' id='word_1_63' title='bbox 531 635 571 685; x_wconf 77' lang='lat' dir='ltr'>lin,</span> <span class='ocrx_word' id='word_1_64' title='bbox 588 637 624 684; x_wconf 76' lang='lat' dir='ltr'>lle</span> <span class='ocrx_word' id='word_1_65' title='bbox 635 635 754 699; x_wconf 73' lang='lat' dir='ltr'>operatua·</span> <span class='ocrx_word' id='word_1_66' title='bbox 773 635 954 685; x_wconf 68' lang='lat' dir='ltr'>Mesochorum</span> 
     </span>
     <span class='ocr_line' id='line_1_9' title="bbox 151 705 954 770; baseline 0.004 -14"><span class='ocrx_word' id='word_1_67' title='bbox 151 706 219 770; x_wconf 85' lang='lat' dir='ltr'>(cap.</span> <span class='ocrx_word' id='word_1_68' title='bbox 240 705 287 768; x_wconf 69' lang='lat'>26)</span> <span class='ocrx_word' id='word_1_69' title='bbox 305 721 310 754; x_wconf 95' lang='lat'><strong>:</strong></span> <span class='ocrx_word' id='word_1_70' title='bbox 325 723 339 753; x_wconf 89' lang='grc' dir='ltr'>ιι</span> <span class='ocrx_word' id='word_1_71' title='bbox 354 707 409 756; x_wconf 86' lang='lat' dir='ltr'>Cum</span> <span class='ocrx_word' id='word_1_72' title='bbox 427 705 536 757; x_wconf 81' lang='lat' dir='ltr'>Dominus</span> <span class='ocrx_word' id='word_1_73' title='bbox 549 705 614 769; x_wconf 89' lang='lat' dir='ltr'>dicit,</span> <span class='ocrx_word' id='word_1_74' title='bbox 628 722 642 752; x_wconf 81' lang='grc' dir='ltr'>ι)</span> <span class='ocrx_word' id='word_1_75' title='bbox 657 705 744 756; x_wconf 80' lang='lat' dir='ltr'>Nolite</span> <span class='ocrx_word' id='word_1_76' title='bbox 758 706 874 756; x_wconf 78' lang='lat' dir='ltr'>solliciti</span> <span class='ocrx_word' id='word_1_77' title='bbox 895 721 954 759; x_wconf 72' lang='lat' dir='ltr'>ecce,</span> 
     </span>
     <span class='ocr_line' id='line_1_10' title="bbox 149 777 954 841; baseline -0.004 -14"><span class='ocrx_word' id='word_1_78' title='bbox 149 780 195 827; x_wconf 85' lang='lat' dir='ltr'>ete.</span> <span class='ocrx_word' id='word_1_79' title='bbox 210 793 215 826; x_wconf 93' lang='lat'><strong>:</strong></span> <span class='ocrx_word' id='word_1_80' title='bbox 231 793 245 823; x_wconf 91' lang='grc' dir='ltr'>ιι</span> <span class='ocrx_word' id='word_1_81' title='bbox 258 779 306 828; x_wconf 87' lang='lat' dir='ltr'>Hoc</span> <span class='ocrx_word' id='word_1_82' title='bbox 319 777 387 840; x_wconf 87' lang='lat' dir='ltr'>dicit,</span> <span class='ocrx_word' id='word_1_83' title='bbox 403 781 429 827; x_wconf 90' lang='lat' dir='ltr'>ut</span> <span class='ocrx_word' id='word_1_84' title='bbox 445 791 489 828; x_wconf 90' lang='lat' dir='ltr'>non</span> <span class='ocrx_word' id='word_1_85' title='bbox 501 779 544 829; x_wconf 90' lang='lat' dir='ltr'>ista</span> <span class='ocrx_word' id='word_1_86' title='bbox 557 778 701 837; x_wconf 84' lang='lat' dir='ltr'>intueantur,</span> <span class='ocrx_word' id='word_1_87' title='bbox 716 779 741 826; x_wconf 92' lang='lat' dir='ltr'>et</span> <span class='ocrx_word' id='word_1_88' title='bbox 754 780 854 841; x_wconf 86' lang='lat' dir='ltr'>propter</span> <span class='ocrx_word' id='word_1_89' title='bbox 869 779 915 828; x_wconf 90' lang='lat' dir='ltr'>ista</span> <span class='ocrx_word' id='word_1_90' title='bbox 928 777 954 825; x_wconf 85' lang='lat' dir='ltr'>ta-</span> 
     </span>
     <span class='ocr_line' id='line_1_11' title="bbox 151 848 952 913; baseline 0 -15"><span class='ocrx_word' id='word_1_91' title='bbox 151 849 211 900; x_wconf 89' lang='lat' dir='ltr'>ciant</span> <span class='ocrx_word' id='word_1_92' title='bbox 225 849 333 912; x_wconf 90' lang='lat' dir='ltr'>quidquid</span> <span class='ocrx_word' id='word_1_93' title='bbox 352 848 376 898; x_wconf 91' lang='lat' dir='ltr'>in</span> <span class='ocrx_word' id='word_1_94' title='bbox 396 850 513 913; x_wconf 79' lang='lat' dir='ltr'>Evangelii</span> <span class='ocrx_word' id='word_1_95' title='bbox 531 849 693 912; x_wconf 77' lang='lat' dir='ltr'>praedicatione</span> <span class='ocrx_word' id='word_1_96' title='bbox 713 849 789 899; x_wconf 84' lang='lat' dir='ltr'>lacere</span> <span class='ocrx_word' id='word_1_97' title='bbox 806 849 952 912; x_wconf 73' lang='lat' dir='ltr'>jubentur.»</span> 
     </span>
     <span class='ocr_line' id='line_1_12' title="bbox 150 918 949 984; baseline -0.003 -14"><span class='ocrx_word' id='word_1_98' title='bbox 150 919 200 970; x_wconf 82' lang='lat' dir='ltr'>llio</span> <span class='ocrx_word' id='word_1_99' title='bbox 216 920 282 970; x_wconf 85' lang='lat' dir='ltr'>modo</span> <span class='ocrx_word' id='word_1_100' title='bbox 296 923 372 984; x_wconf 88' lang='lat' dir='ltr'>potest</span> <span class='ocrx_word' id='word_1_101' title='bbox 388 933 437 971; x_wconf 88' lang='lat' dir='ltr'>essa</span> <span class='ocrx_word' id='word_1_102' title='bbox 450 923 609 984; x_wconf 80' lang='lat' dir='ltr'>temporalium</span> <span class='ocrx_word' id='word_1_103' title='bbox 620 919 748 971; x_wconf 81' lang='lat' dir='ltr'>sollicitudo</span> <span class='ocrx_word' id='word_1_104' title='bbox 761 918 846 970; x_wconf 89' lang='lat' dir='ltr'>illicita</span> <span class='ocrx_word' id='word_1_105' title='bbox 866 925 949 984; x_wconf 85' lang='lat' dir='ltr'>propter</span> 
     </span>
     <span class='ocr_line' id='line_1_13' title="bbox 150 990 948 1057; baseline -0.008 -13"><span class='ocrx_word' id='word_1_106' title='bbox 150 994 289 1057; x_wconf 83' lang='lat' dir='ltr'>superfluum</span> <span class='ocrx_word' id='word_1_107' title='bbox 300 992 400 1042; x_wconf 87' lang='lat' dir='ltr'>studium</span> <span class='ocrx_word' id='word_1_108' title='bbox 410 994 468 1055; x_wconf 89' lang='lat' dir='ltr'>quod</span> <span class='ocrx_word' id='word_1_109' title='bbox 483 992 605 1056; x_wconf 89' lang='lat' dir='ltr'>apponitur</span> <span class='ocrx_word' id='word_1_110' title='bbox 615 993 643 1042; x_wconf 87' lang='lat' dir='ltr'>ad</span> <span class='ocrx_word' id='word_1_111' title='bbox 652 990 787 1054; x_wconf 89' lang='lat' dir='ltr'>temporalia</span> <span class='ocrx_word' id='word_1_112' title='bbox 801 994 948 1054; x_wconf 85' lang='lat' dir='ltr'>procuranda,</span> 
     </span>
     <span class='ocr_line' id='line_1_14' title="bbox 150 1061 949 1127; baseline -0.003 -16"><span class='ocrx_word' id='word_1_113' title='bbox 150 1065 243 1127; x_wconf 88' lang='lat' dir='ltr'>propter</span> <span class='ocrx_word' id='word_1_114' title='bbox 255 1061 314 1126; x_wconf 88' lang='lat' dir='ltr'>qubd</span> <span class='ocrx_word' id='word_1_115' title='bbox 324 1064 394 1113; x_wconf 90' lang='lat' dir='ltr'>bomo</span> <span class='ocrx_word' id='word_1_116' title='bbox 404 1061 416 1112; x_wconf 86' lang='lat' dir='ltr'>&#39;a</span> <span class='ocrx_word' id='word_1_117' title='bbox 425 1062 581 1126; x_wconf 79' lang='lat' dir='ltr'>spiritualibus</span> <span class='ocrx_word' id='word_1_118' title='bbox 589 1062 672 1126; x_wconf 79' lang='lat' dir='ltr'>quillus</span> <span class='ocrx_word' id='word_1_119' title='bbox 680 1061 834 1127; x_wconf 80' lang='lat' dir='ltr'>principalius</span> <span class='ocrx_word' id='word_1_120' title='bbox 845 1063 949 1112; x_wconf 84' lang='lat' dir='ltr'>inservire</span> 
     </span>
     <span class='ocr_line' id='line_1_15' title="bbox 152 1131 951 1196; baseline -0.006 -12"><span class='ocrx_word' id='word_1_121' title='bbox 152 1134 235 1193; x_wconf 84' lang='lat' dir='ltr'>debet,</span> <span class='ocrx_word' id='word_1_122' title='bbox 253 1133 374 1183; x_wconf 79' lang='lat' dir='ltr'>retrahitur</span> <span class='ocrx_word' id='word_1_123' title='bbox 394 1149 399 1182; x_wconf 76' lang='grc' dir='ltr'>ι</span> <span class='ocrx_word' id='word_1_124' title='bbox 416 1137 439 1183; x_wconf 91' lang='lat' dir='ltr'>et</span> <span class='ocrx_word' id='word_1_125' title='bbox 452 1134 504 1184; x_wconf 84' lang='lat' dir='ltr'>ideo</span> <span class='ocrx_word' id='word_1_126' title='bbox 517 1132 599 1184; x_wconf 87' lang='lat' dir='ltr'>dicitur</span> <span class='ocrx_word' id='word_1_127' title='bbox 610 1131 709 1188; x_wconf 78' lang='lat' dir='ltr'>uoltu,</span> <span class='ocrx_word' id='word_1_128' title='bbox 723 1131 774 1181; x_wconf 81' lang='lat' dir='ltr'>xlii</span> <span class='ocrx_word' id='word_1_129' title='bbox 786 1171 793 1194; x_wconf 86' lang='lat'><strong>‚</strong></span> <span class='ocrx_word' id='word_1_130' title='bbox 804 1133 870 1196; x_wconf 86' lang='lat' dir='ltr'>qnbd</span> <span class='ocrx_word' id='word_1_131' title='bbox 883 1133 951 1182; x_wconf 78' lang='lat' dir='ltr'>solti-</span> 
     </span>
     <span class='ocr_line' id='line_1_16' title="bbox 152 1202 950 1268; baseline -0.005 -14"><span class='ocrx_word' id='word_1_132' title='bbox 152 1205 237 1254; x_wconf 82' lang='lat' dir='ltr'>oitodo</span> <span class='ocrx_word' id='word_1_133' title='bbox 246 1205 333 1254; x_wconf 78' lang='lat' dir='ltr'>soeculi</span> <span class='ocrx_word' id='word_1_134' title='bbox 340 1203 447 1268; x_wconf 78' lang='lat' dir='ltr'>suffocat</span> <span class='ocrx_word' id='word_1_135' title='bbox 456 1204 568 1254; x_wconf 85' lang='lat' dir='ltr'>verbum.</span> <span class='ocrx_word' id='word_1_136' title='bbox 579 1202 656 1254; x_wconf 80' lang='lat' dir='ltr'>Tertib</span> <span class='ocrx_word' id='word_1_137' title='bbox 666 1203 741 1264; x_wconf 86' lang='lat' dir='ltr'>modo,</span> <span class='ocrx_word' id='word_1_138' title='bbox 754 1216 782 1253; x_wconf 86' lang='lat' dir='ltr'>ex</span> <span class='ocrx_word' id='word_1_139' title='bbox 793 1209 860 1268; x_wconf 89' lang='lat' dir='ltr'>parte</span> <span class='ocrx_word' id='word_1_140' title='bbox 873 1203 950 1254; x_wconf 80' lang='lat' dir='ltr'>timoris</span> 
     </span>
     <span class='ocr_line' id='line_1_17' title="bbox 152 1275 948 1338; baseline -0.004 -13"><span class='ocrx_word' id='word_1_141' title='bbox 152 1275 269 1338; x_wconf 80' lang='lat' dir='ltr'>superflui,</span> <span class='ocrx_word' id='word_1_142' title='bbox 279 1277 369 1337; x_wconf 84' lang='lat' dir='ltr'>quando</span> <span class='ocrx_word' id='word_1_143' title='bbox 378 1276 464 1326; x_wconf 87' lang='lat' dir='ltr'>scilicet</span> <span class='ocrx_word' id='word_1_144' title='bbox 474 1276 555 1338; x_wconf 89' lang='lat' dir='ltr'>aliquis</span> <span class='ocrx_word' id='word_1_145' title='bbox 567 1275 635 1325; x_wconf 90' lang='lat' dir='ltr'>timet</span> <span class='ocrx_word' id='word_1_146' title='bbox 647 1289 676 1325; x_wconf 91' lang='lat' dir='ltr'>ue</span> <span class='ocrx_word' id='word_1_147' title='bbox 685 1275 792 1325; x_wconf 81' lang='lat' dir='ltr'>iaciendo</span> <span class='ocrx_word' id='word_1_148' title='bbox 803 1276 869 1338; x_wconf 87' lang='lat' dir='ltr'>quod</span> <span class='ocrx_word' id='word_1_149' title='bbox 883 1278 948 1333; x_wconf 81' lang='lat' dir='ltr'>debat,</span> 
     </span>
     <span class='ocr_line' id='line_1_18' title="bbox 152 1344 947 1408; baseline -0.008 -12"><span class='ocrx_word' id='word_1_150' title='bbox 152 1344 278 1396; x_wconf 67' lang='lat' dir='ltr'>necesaria</span> <span class='ocrx_word' id='word_1_151' title='bbox 296 1345 339 1396; x_wconf 90' lang='lat' dir='ltr'>sibi</span> <span class='ocrx_word' id='word_1_152' title='bbox 355 1347 468 1396; x_wconf 80' lang='lat' dir='ltr'>deliniant.</span> <span class='ocrx_word' id='word_1_153' title='bbox 488 1347 553 1405; x_wconf 83' lang='lat' dir='ltr'>Quod</span> <span class='ocrx_word' id='word_1_154' title='bbox 571 1346 678 1396; x_wconf 83' lang='lat' dir='ltr'>llomirms</span> <span class='ocrx_word' id='word_1_155' title='bbox 694 1344 816 1408; x_wconf 84' lang='lat' dir='ltr'>tripliciter</span> <span class='ocrx_word' id='word_1_156' title='bbox 834 1347 947 1396; x_wconf 79' lang='lat' dir='ltr'>excludit:</span> 
     </span>
     <span class='ocr_line' id='line_1_19' title="bbox 152 1415 948 1481; baseline -0.001 -17"><span class='ocrx_word' id='word_1_157' title='bbox 152 1415 224 1480; x_wconf 89' lang='lat' dir='ltr'>primb</span> <span class='ocrx_word' id='word_1_158' title='bbox 236 1454 244 1479; x_wconf 91' lang='lat'>,</span> <span class='ocrx_word' id='word_1_159' title='bbox 258 1420 350 1480; x_wconf 87' lang='lat' dir='ltr'>propter</span> <span class='ocrx_word' id='word_1_160' title='bbox 371 1419 459 1481; x_wconf 85' lang='lat' dir='ltr'>majora</span> <span class='ocrx_word' id='word_1_161' title='bbox 477 1416 588 1467; x_wconf 86' lang='lat' dir='ltr'>beneficia</span> <span class='ocrx_word' id='word_1_162' title='bbox 611 1416 698 1466; x_wconf 87' lang='lat' dir='ltr'>bomini</span> <span class='ocrx_word' id='word_1_163' title='bbox 719 1417 822 1479; x_wconf 78' lang='lat' dir='ltr'>prestita</span> <span class='ocrx_word' id='word_1_164' title='bbox 847 1417 948 1467; x_wconf 73' lang='lat' dir='ltr'>(tinnitus</span> 
     </span>
     <span class='ocr_line' id='line_1_20' title="bbox 152 1486 948 1556; baseline 0 -20"><span class='ocrx_word' id='word_1_165' title='bbox 152 1491 235 1552; x_wconf 79' lang='lat' dir='ltr'>prater</span> <span class='ocrx_word' id='word_1_166' title='bbox 257 1499 319 1538; x_wconf 85' lang='lat' dir='ltr'>suam</span> <span class='ocrx_word' id='word_1_167' title='bbox 340 1486 527 1556; x_wconf 82' lang='lat' dir='ltr'>sollicitudinem,</span> <span class='ocrx_word' id='word_1_168' title='bbox 544 1487 631 1538; x_wconf 79' lang='lat' dir='ltr'>scilieet</span> <span class='ocrx_word' id='word_1_169' title='bbox 648 1501 730 1551; x_wconf 87' lang='lat' dir='ltr'>corpus</span> <span class='ocrx_word' id='word_1_170' title='bbox 749 1491 773 1536; x_wconf 89' lang='lat' dir='ltr'>et</span> <span class='ocrx_word' id='word_1_171' title='bbox 787 1487 904 1552; x_wconf 86' lang='lat' dir='ltr'>animam;</span> <span class='ocrx_word' id='word_1_172' title='bbox 919 1500 948 1536; x_wconf 86' lang='lat' dir='ltr'>se-</span> 
     </span>
     <span class='ocr_line' id='line_1_21' title="bbox 154 1557 947 1624; baseline -0.005 -16"><span class='ocrx_word' id='word_1_173' title='bbox 154 1557 227 1609; x_wconf 84' lang='lat' dir='ltr'>curuo</span> <span class='ocrx_word' id='word_1_174' title='bbox 241 1561 332 1624; x_wconf 86' lang='lat' dir='ltr'>propter</span> <span class='ocrx_word' id='word_1_175' title='bbox 346 1557 518 1610; x_wconf 84' lang='lat' dir='ltr'>subventionem</span> <span class='ocrx_word' id='word_1_176' title='bbox 536 1572 581 1621; x_wconf 93' lang='lat' dir='ltr'>qua</span> <span class='ocrx_word' id='word_1_177' title='bbox 600 1560 659 1608; x_wconf 87' lang='lat' dir='ltr'>lteus</span> <span class='ocrx_word' id='word_1_178' title='bbox 678 1558 813 1608; x_wconf 87' lang='lat' dir='ltr'>animalibus</span> <span class='ocrx_word' id='word_1_179' title='bbox 830 1563 855 1609; x_wconf 88' lang='lat' dir='ltr'>et</span> <span class='ocrx_word' id='word_1_180' title='bbox 874 1559 947 1623; x_wconf 80' lang='lat' dir='ltr'>plantis</span> 
     </span>
     <span class='ocr_line' id='line_1_22' title="bbox 153 1630 947 1693; baseline -0.003 -13"><span class='ocrx_word' id='word_1_181' title='bbox 153 1631 271 1689; x_wconf 87' lang='lat' dir='ltr'>subvenit,</span> <span class='ocrx_word' id='word_1_182' title='bbox 287 1630 370 1693; x_wconf 89' lang='lat' dir='ltr'>absque</span> <span class='ocrx_word' id='word_1_183' title='bbox 387 1642 455 1692; x_wconf 88' lang='lat' dir='ltr'>opere</span> <span class='ocrx_word' id='word_1_184' title='bbox 469 1631 570 1680; x_wconf 86' lang='lat' dir='ltr'>hnmano</span> <span class='ocrx_word' id='word_1_185' title='bbox 581 1631 705 1680; x_wconf 87' lang='lat' dir='ltr'>secundum</span> <span class='ocrx_word' id='word_1_186' title='bbox 721 1631 896 1692; x_wconf 87' lang='lat' dir='ltr'>proportionem</span> <span class='ocrx_word' id='word_1_187' title='bbox 909 1642 947 1680; x_wconf 85' lang='lat' dir='ltr'>sue</span> 
     </span>
     <span class='ocr_line' id='line_1_23' title="bbox 154 1699 948 1764; baseline -0.003 -15"><span class='ocrx_word' id='word_1_188' title='bbox 154 1705 253 1764; x_wconf 78' lang='lat' dir='ltr'>natatae3</span> <span class='ocrx_word' id='word_1_189' title='bbox 266 1700 331 1752; x_wconf 82' lang='lat' dir='ltr'>tertio</span> <span class='ocrx_word' id='word_1_190' title='bbox 343 1712 370 1749; x_wconf 84' lang='lat' dir='ltr'>es</span> <span class='ocrx_word' id='word_1_191' title='bbox 379 1699 456 1749; x_wconf 90' lang='lat' dir='ltr'>diviua</span> <span class='ocrx_word' id='word_1_192' title='bbox 465 1700 717 1764; x_wconf 85' lang='lat' dir='ltr'>providentia‚propter</span> <span class='ocrx_word' id='word_1_193' title='bbox 726 1701 794 1764; x_wconf 73' lang='lat' dir='ltr'>ouJus</span> <span class='ocrx_word' id='word_1_194' title='bbox 803 1700 948 1764; x_wconf 81' lang='lat' dir='ltr'>ignorantiam</span> 
     </span>
     <span class='ocr_line' id='line_1_24' title="bbox 151 1771 947 1836; baseline -0.005 -14"><span class='ocrx_word' id='word_1_195' title='bbox 151 1772 254 1822; x_wconf 87' lang='lat' dir='ltr'>Gentiles</span> <span class='ocrx_word' id='word_1_196' title='bbox 267 1773 326 1822; x_wconf 88' lang='lat' dir='ltr'>circa</span> <span class='ocrx_word' id='word_1_197' title='bbox 341 1771 472 1835; x_wconf 88' lang='lat' dir='ltr'>temporalia</span> <span class='ocrx_word' id='word_1_198' title='bbox 487 1771 549 1820; x_wconf 91' lang='lat' dir='ltr'>bona</span> <span class='ocrx_word' id='word_1_199' title='bbox 566 1772 686 1835; x_wconf 87' lang='lat' dir='ltr'>quaerenda</span> <span class='ocrx_word' id='word_1_200' title='bbox 699 1771 852 1836; x_wconf 86' lang='lat' dir='ltr'>principalius</span> <span class='ocrx_word' id='word_1_201' title='bbox 873 1771 947 1822; x_wconf 81' lang='lat' dir='ltr'>sollici·</span> 
     </span>
     <span class='ocr_line' id='line_1_25' title="bbox 155 1841 946 1906; baseline -0.003 -14"><span class='ocrx_word' id='word_1_202' title='bbox 155 1846 238 1894; x_wconf 83' lang='lat' dir='ltr'>tantm.</span> <span class='ocrx_word' id='word_1_203' title='bbox 253 1845 282 1893; x_wconf 81' lang='lat' dir='ltr'>lit</span> <span class='ocrx_word' id='word_1_204' title='bbox 298 1843 349 1894; x_wconf 86' lang='lat' dir='ltr'>ideo</span> <span class='ocrx_word' id='word_1_205' title='bbox 361 1842 475 1892; x_wconf 83' lang='lat' dir='ltr'>concludit</span> <span class='ocrx_word' id='word_1_206' title='bbox 493 1843 553 1904; x_wconf 79' lang='lat' dir='ltr'>qubvl</span> <span class='ocrx_word' id='word_1_207' title='bbox 566 1841 721 1906; x_wconf 84' lang='lat' dir='ltr'>principaliter</span> <span class='ocrx_word' id='word_1_208' title='bbox 735 1847 814 1893; x_wconf 88' lang='lat' dir='ltr'>nostra</span> <span class='ocrx_word' id='word_1_209' title='bbox 828 1843 946 1893; x_wconf 87' lang='lat' dir='ltr'>sollicitudo</span> 
     </span>
     <span class='ocr_line' id='line_1_26' title="bbox 154 1913 946 1978; baseline -0.004 -14"><span class='ocrx_word' id='word_1_210' title='bbox 154 1928 204 1966; x_wconf 90' lang='lat' dir='ltr'>esse</span> <span class='ocrx_word' id='word_1_211' title='bbox 224 1913 290 1965; x_wconf 90' lang='lat' dir='ltr'>debet</span> <span class='ocrx_word' id='word_1_212' title='bbox 305 1915 333 1964; x_wconf 89' lang='lat' dir='ltr'>de</span> <span class='ocrx_word' id='word_1_213' title='bbox 349 1913 505 1977; x_wconf 88' lang='lat' dir='ltr'>spiritualibus</span> <span class='ocrx_word' id='word_1_214' title='bbox 517 1914 594 1974; x_wconf 85' lang='lat' dir='ltr'>bonis,</span> <span class='ocrx_word' id='word_1_215' title='bbox 608 1917 725 1978; x_wconf 84' lang='lat' dir='ltr'>sperantes</span> <span class='ocrx_word' id='word_1_216' title='bbox 737 1913 798 1976; x_wconf 82' lang='lat' dir='ltr'>qnbvl</span> <span class='ocrx_word' id='word_1_217' title='bbox 812 1914 883 1964; x_wconf 86' lang='lat' dir='ltr'>ctiam</span> <span class='ocrx_word' id='word_1_218' title='bbox 898 1919 946 1964; x_wconf 83' lang='lat' dir='ltr'>ten</span> 
     </span>
     <span class='ocr_line' id='line_1_27' title="bbox 154 1983 945 2050; baseline -0.004 -13"><span class='ocrx_word' id='word_1_219' title='bbox 154 1986 240 2050; x_wconf 90' lang='lat' dir='ltr'>poralia</span> <span class='ocrx_word' id='word_1_220' title='bbox 253 1985 318 2036; x_wconf 88' lang='lat' dir='ltr'>nobis</span> <span class='ocrx_word' id='word_1_221' title='bbox 336 1986 470 2049; x_wconf 83' lang='lat' dir='ltr'>provenient</span> <span class='ocrx_word' id='word_1_222' title='bbox 485 1985 514 2035; x_wconf 88' lang='lat' dir='ltr'>ad</span> <span class='ocrx_word' id='word_1_223' title='bbox 534 1985 706 2046; x_wconf 85' lang='lat' dir='ltr'>necessitatem,</span> <span class='ocrx_word' id='word_1_224' title='bbox 720 1984 741 2035; x_wconf 91' lang='lat' dir='ltr'>si</span> <span class='ocrx_word' id='word_1_225' title='bbox 757 1983 883 2037; x_wconf 85' lang='lat' dir='ltr'>lecerimns</span> <span class='ocrx_word' id='word_1_226' title='bbox 895 1985 945 2049; x_wconf 87' lang='lat' dir='ltr'>quod</span> 
     </span>
     <span class='ocr_line' id='line_1_28' title="bbox 156 2057 270 2106; baseline 0 0"><span class='ocrx_word' id='word_1_227' title='bbox 156 2057 270 2106; x_wconf 88' lang='lat' dir='ltr'>debemus.</span> 
     </span>
    </p>

    <p class='ocr_par' dir='ltr' id='par_1_5' title="bbox 153 2126 945 2338">
     <span class='ocr_line' id='line_1_29' title="bbox 186 2126 945 2193; baseline 0 -17"><span class='ocrx_word' id='word_1_228' title='bbox 186 2128 219 2176; x_wconf 77' lang='lat' dir='ltr'>bd</span> <span class='ocrx_word' id='word_1_229' title='bbox 237 2126 336 2190; x_wconf 90' lang='lat' dir='ltr'>primum</span> <span class='ocrx_word' id='word_1_230' title='bbox 356 2141 410 2193; x_wconf 80' lang='lat' dir='ltr'>ergo</span> <span class='ocrx_word' id='word_1_231' title='bbox 426 2128 560 2189; x_wconf 87' lang='lat' dir='ltr'>dicendum,</span> <span class='ocrx_word' id='word_1_232' title='bbox 577 2127 638 2192; x_wconf 80' lang='lat' dir='ltr'>quibu</span> <span class='ocrx_word' id='word_1_233' title='bbox 660 2127 798 2192; x_wconf 88' lang='lat' dir='ltr'>temporalia</span> <span class='ocrx_word' id='word_1_234' title='bbox 814 2127 875 2178; x_wconf 88' lang='lat' dir='ltr'>bona</span> <span class='ocrx_word' id='word_1_235' title='bbox 896 2128 945 2178; x_wconf 91' lang='lat' dir='ltr'>snb·</span> 
     </span>
     <span class='ocr_line' id='line_1_30' title="bbox 153 2197 944 2264; baseline -0.005 -14"><span class='ocrx_word' id='word_1_236' title='bbox 153 2199 216 2264; x_wconf 87' lang='lat' dir='ltr'>jecta</span> <span class='ocrx_word' id='word_1_237' title='bbox 232 2203 285 2248; x_wconf 89' lang='lat' dir='ltr'>sunt</span> <span class='ocrx_word' id='word_1_238' title='bbox 303 2200 400 2262; x_wconf 87' lang='lat' dir='ltr'>homiui,</span> <span class='ocrx_word' id='word_1_239' title='bbox 416 2203 442 2250; x_wconf 92' lang='lat' dir='ltr'>ut</span> <span class='ocrx_word' id='word_1_240' title='bbox 456 2201 491 2250; x_wconf 90' lang='lat' dir='ltr'>eis</span> <span class='ocrx_word' id='word_1_241' title='bbox 504 2203 581 2250; x_wconf 85' lang='lat' dir='ltr'>utatm</span> <span class='ocrx_word' id='word_1_242' title='bbox 599 2201 626 2250; x_wconf 84' lang='lat' dir='ltr'>ad</span> <span class='ocrx_word' id='word_1_243' title='bbox 641 2197 816 2259; x_wconf 85' lang='lat' dir='ltr'>necessitatem,</span> <span class='ocrx_word' id='word_1_244' title='bbox 828 2212 876 2249; x_wconf 89' lang='lat' dir='ltr'>non</span> <span class='ocrx_word' id='word_1_245' title='bbox 887 2203 912 2248; x_wconf 87' lang='lat' dir='ltr'>ut</span> <span class='ocrx_word' id='word_1_246' title='bbox 924 2198 944 2246; x_wconf 90' lang='lat' dir='ltr'>iu</span> 
     </span>
     <span class='ocr_line' id='line_1_31' title="bbox 156 2270 855 2338; baseline 0.001 -18"><span class='ocrx_word' id='word_1_247' title='bbox 156 2270 190 2320; x_wconf 87' lang='lat' dir='ltr'>eis</span> <span class='ocrx_word' id='word_1_248' title='bbox 203 2271 271 2322; x_wconf 80' lang='lat' dir='ltr'>tinem</span> <span class='ocrx_word' id='word_1_249' title='bbox 286 2271 409 2338; x_wconf 89' lang='lat' dir='ltr'>constituat</span> <span class='ocrx_word' id='word_1_250' title='bbox 417 2276 461 2334; x_wconf 85' lang='lat' dir='ltr'>,et</span> <span class='ocrx_word' id='word_1_251' title='bbox 472 2271 587 2336; x_wconf 77' lang='lat' dir='ltr'>superflue</span> <span class='ocrx_word' id='word_1_252' title='bbox 600 2271 660 2322; x_wconf 87' lang='lat' dir='ltr'>circa</span> <span class='ocrx_word' id='word_1_253' title='bbox 673 2283 701 2320; x_wconf 91' lang='lat' dir='ltr'>ea</span> <span class='ocrx_word' id='word_1_254' title='bbox 713 2270 855 2321; x_wconf 84' lang='lat' dir='ltr'>sollicitetur.</span> 
     </span>
    </p>

    <p class='ocr_par' dir='ltr' id='par_1_6' title="bbox 155 2341 942 2692">
     <span class='ocr_line' id='line_1_32' title="bbox 186 2341 942 2408; baseline -0.003 -18"><span class='ocrx_word' id='word_1_255' title='bbox 186 2341 219 2392; x_wconf 75' lang='lat' dir='ltr'>bul</span> <span class='ocrx_word' id='word_1_256' title='bbox 239 2343 363 2392; x_wconf 89' lang='lat' dir='ltr'>secundum</span> <span class='ocrx_word' id='word_1_257' title='bbox 377 2343 496 2395; x_wconf 84' lang='lat' dir='ltr'>dicendum</span> <span class='ocrx_word' id='word_1_258' title='bbox 504 2381 512 2408; x_wconf 86' lang='lat'><em>,</em></span> <span class='ocrx_word' id='word_1_259' title='bbox 526 2343 587 2407; x_wconf 84' lang='lat' dir='ltr'>qubd</span> <span class='ocrx_word' id='word_1_260' title='bbox 594 2342 722 2394; x_wconf 89' lang='lat' dir='ltr'>sollicitudo</span> <span class='ocrx_word' id='word_1_261' title='bbox 731 2343 782 2406; x_wconf 79' lang='lat' dir='ltr'>epus</span> <span class='ocrx_word' id='word_1_262' title='bbox 794 2342 833 2406; x_wconf 92' lang='lat' dir='ltr'>qni</span> <span class='ocrx_word' id='word_1_263' title='bbox 843 2341 942 2406; x_wconf 87' lang='lat' dir='ltr'>corporali</span> 
     </span>
     <span class='ocr_line' id='line_1_33' title="bbox 155 2412 941 2479; baseline -0.004 -17"><span class='ocrx_word' id='word_1_264' title='bbox 155 2413 231 2464; x_wconf 85' lang='lat' dir='ltr'>labora</span> <span class='ocrx_word' id='word_1_265' title='bbox 247 2425 329 2476; x_wconf 88' lang='lat' dir='ltr'>panem</span> <span class='ocrx_word' id='word_1_266' title='bbox 343 2414 451 2478; x_wconf 83' lang='lat' dir='ltr'>acquirit,</span> <span class='ocrx_word' id='word_1_267' title='bbox 469 2427 515 2465; x_wconf 90' lang='lat' dir='ltr'>uon</span> <span class='ocrx_word' id='word_1_268' title='bbox 532 2417 567 2466; x_wconf 87' lang='lat' dir='ltr'>est</span> <span class='ocrx_word' id='word_1_269' title='bbox 584 2413 712 2479; x_wconf 79' lang='lat' dir='ltr'>superitua,</span> <span class='ocrx_word' id='word_1_270' title='bbox 727 2414 767 2463; x_wconf 88' lang='lat' dir='ltr'>sed</span> <span class='ocrx_word' id='word_1_271' title='bbox 786 2413 906 2463; x_wconf 81' lang='lat' dir='ltr'>moderata.</span> <span class='ocrx_word' id='word_1_272' title='bbox 918 2412 941 2460; x_wconf 85' lang='lat' dir='ltr'>Et</span> 
     </span>
     <span class='ocr_line' id='line_1_34' title="bbox 155 2479 938 2550; baseline -0.004 -16"><span class='ocrx_word' id='word_1_273' title='bbox 155 2484 207 2534; x_wconf 87' lang='lat' dir='ltr'>ideo</span> <span class='ocrx_word' id='word_1_274' title='bbox 221 2483 371 2550; x_wconf 81' lang='lat' dir='ltr'>Hieronymus</span> <span class='ocrx_word' id='word_1_275' title='bbox 382 2485 419 2549; x_wconf 81' lang='lat' dir='ltr'>(in</span> <span class='ocrx_word' id='word_1_276' title='bbox 431 2486 485 2536; x_wconf 88' lang='lat' dir='ltr'>illud</span> <span class='ocrx_word' id='word_1_277' title='bbox 495 2503 508 2534; x_wconf 92' lang='grc' dir='ltr'>ιι</span> <span class='ocrx_word' id='word_1_278' title='bbox 518 2487 594 2537; x_wconf 89' lang='lat' dir='ltr'>Nolite</span> <span class='ocrx_word' id='word_1_279' title='bbox 601 2485 693 2537; x_wconf 86' lang='lat' dir='ltr'>solliciti</span> <span class='ocrx_word' id='word_1_280' title='bbox 704 2479 778 2535; x_wconf 77' lang='lat' dir='ltr'>ossei&gt;</span> <span class='ocrx_word' id='word_1_281' title='bbox 790 2486 889 2544; x_wconf 73' lang='lat' dir='ltr'>metat„</span> <span class='ocrx_word' id='word_1_282' title='bbox 898 2483 938 2543; x_wconf 79' lang='lat' dir='ltr'>l),</span> 
     </span>
     <span class='ocr_line' id='line_1_35' title="bbox 155 2555 940 2622; baseline -0.005 -16"><span class='ocrx_word' id='word_1_283' title='bbox 155 2555 211 2606; x_wconf 86' lang='lat' dir='ltr'>dicit</span> <span class='ocrx_word' id='word_1_284' title='bbox 223 2555 282 2620; x_wconf 90' lang='lat' dir='ltr'>qubd</span> <span class='ocrx_word' id='word_1_285' title='bbox 294 2574 307 2606; x_wconf 90' lang='grc' dir='ltr'>ιι</span> <span class='ocrx_word' id='word_1_286' title='bbox 320 2556 382 2608; x_wconf 90' lang='lat' dir='ltr'>labor</span> <span class='ocrx_word' id='word_1_287' title='bbox 395 2559 533 2608; x_wconf 80' lang='lat' dir='ltr'>exercendus</span> <span class='ocrx_word' id='word_1_288' title='bbox 548 2562 598 2622; x_wconf 88' lang='lat' dir='ltr'>est,</span> <span class='ocrx_word' id='word_1_289' title='bbox 613 2557 740 2608; x_wconf 89' lang='lat' dir='ltr'>sollicitudo</span> <span class='ocrx_word' id='word_1_290' title='bbox 755 2556 871 2618; x_wconf 87' lang='lat' dir='ltr'>tollenda,</span> <span class='ocrx_word' id='word_1_291' title='bbox 885 2569 940 2604; x_wconf 83' lang='lat' dir='ltr'>ssu·</span> 
     </span>
     <span class='ocr_line' id='line_1_36' title="bbox 155 2627 602 2692; baseline 0.002 -16"><span class='ocrx_word' id='word_1_292' title='bbox 155 2628 241 2690; x_wconf 87' lang='lat' dir='ltr'>perllua</span> <span class='ocrx_word' id='word_1_293' title='bbox 250 2627 334 2678; x_wconf 89' lang='lat' dir='ltr'>scilicet</span> <span class='ocrx_word' id='word_1_294' title='bbox 347 2627 447 2677; x_wconf 87' lang='lat' dir='ltr'>animum</span> <span class='ocrx_word' id='word_1_295' title='bbox 460 2629 602 2692; x_wconf 85' lang='lat' dir='ltr'>inquietans.</span> 
     </span>
    </p>

    <p class='ocr_par' dir='ltr' id='par_1_7' title="bbox 156 2698 938 2906">
     <span class='ocr_line' id='line_1_37' title="bbox 186 2698 938 2764; baseline 0.001 -16"><span class='ocrx_word' id='word_1_296' title='bbox 186 2699 220 2748; x_wconf 79' lang='lat' dir='ltr'>bd</span> <span class='ocrx_word' id='word_1_297' title='bbox 229 2699 322 2749; x_wconf 86' lang='lat' dir='ltr'>tertium</span> <span class='ocrx_word' id='word_1_298' title='bbox 333 2698 529 2763; x_wconf 83' lang='lat' dir='ltr'>dicendurn,qub‹l</span> <span class='ocrx_word' id='word_1_299' title='bbox 543 2700 671 2752; x_wconf 84' lang='lat' dir='ltr'>sollicitudo</span> <span class='ocrx_word' id='word_1_300' title='bbox 680 2698 848 2764; x_wconf 84' lang='lat' dir='ltr'>temporalium,</span> <span class='ocrx_word' id='word_1_301' title='bbox 857 2699 881 2749; x_wconf 90' lang='lat' dir='ltr'>in</span> <span class='ocrx_word' id='word_1_302' title='bbox 891 2709 938 2760; x_wconf 88' lang='lat' dir='ltr'>ope·</span> 
     </span>
     <span class='ocr_line' id='line_1_38' title="bbox 156 2767 936 2833; baseline 0 -15"><span class='ocrx_word' id='word_1_303' title='bbox 156 2770 217 2820; x_wconf 88' lang='lat' dir='ltr'>ribus</span> <span class='ocrx_word' id='word_1_304' title='bbox 237 2767 411 2833; x_wconf 78' lang='lat' dir='ltr'>misericordie,</span> <span class='ocrx_word' id='word_1_305' title='bbox 430 2770 547 2821; x_wconf 89' lang='lat' dir='ltr'>ordinatur</span> <span class='ocrx_word' id='word_1_306' title='bbox 562 2771 595 2823; x_wconf 82' lang='lat' dir='ltr'>ad</span> <span class='ocrx_word' id='word_1_307' title='bbox 612 2771 680 2822; x_wconf 84' lang='lat' dir='ltr'>finem</span> <span class='ocrx_word' id='word_1_308' title='bbox 700 2769 817 2822; x_wconf 81' lang='lat' dir='ltr'>eharitatis</span> <span class='ocrx_word' id='word_1_309' title='bbox 833 2786 839 2820; x_wconf 80' lang='lat'>2</span> <span class='ocrx_word' id='word_1_310' title='bbox 855 2773 877 2820; x_wconf 88' lang='lat' dir='ltr'>et</span> <span class='ocrx_word' id='word_1_311' title='bbox 895 2769 936 2819; x_wconf 80' lang='lat' dir='ltr'>ileo</span> 
     </span>
     <span class='ocr_line' id='line_1_39' title="bbox 156 2838 602 2906; baseline 0.002 -16"><span class='ocrx_word' id='word_1_312' title='bbox 156 2853 202 2890; x_wconf 89' lang='lat' dir='ltr'>uon</span> <span class='ocrx_word' id='word_1_313' title='bbox 217 2843 252 2891; x_wconf 89' lang='lat' dir='ltr'>est</span> <span class='ocrx_word' id='word_1_314' title='bbox 266 2838 344 2890; x_wconf 89' lang='lat' dir='ltr'>illicita</span> <span class='ocrx_word' id='word_1_315' title='bbox 351 2875 360 2902; x_wconf 88' lang='lat'><em>,</em></span> <span class='ocrx_word' id='word_1_316' title='bbox 376 2839 420 2891; x_wconf 92' lang='lat' dir='ltr'>nisi</span> <span class='ocrx_word' id='word_1_317' title='bbox 436 2841 469 2892; x_wconf 89' lang='lat' dir='ltr'>sit</span> <span class='ocrx_word' id='word_1_318' title='bbox 480 2842 602 2906; x_wconf 79' lang='lat' dir='ltr'>superflua.</span> 
     </span>
    </p>
   </div>
   <div class='ocr_carea' id='block_1_4' title="bbox 0 0 1008 3317">
    <p class='ocr_par' dir='ltr' id='par_1_8' title="bbox 0 0 1008 3317">
     <span class='ocr_line' id='line_1_40' title="bbox 0 0 1008 3317; baseline 0 0"><span class='ocrx_word' id='word_1_319' title='bbox 0 0 1008 3317; x_wconf 95' lang='lat' dir='ltr'> </span> 
     </span>
    </p>
   </div>
  </div>
 </body>
</html>
