1992 3317
124 218 174 271 ete
255 223 364 268 srcnnni
381 213 512 279 eumn}
524 220 616 273 coner.
634 217 673 279 nr,
687 223 742 265 err.
757 226 791 268 rr.

124 312 174 362 xlv
189 326 194 359 :
207 324 221 356 n
234 308 348 359 Creaturae
362 306 426 357 factae
435 309 489 356 sunt
502 305 527 355 in
538 306 616 356 odium
628 306 652 355 et
663 305 813 369 muscipulam
826 306 936 371 pedibus

123 382 293 447 insipientium3
309 397 324 428 p
343 380 383 445 qui
399 379 486 429 scilioet
498 380 587 428 rectum
599 376 712 441 judicium
727 378 754 427 de
766 377 803 428 bis
824 392 874 429 uon
886 382 938 433 ha-

123 457 178 506 beut
189 456 241 504 dum
252 453 366 503 estimant
377 452 401 502 in
414 452 448 502 eis
460 451 586 517 perfectum
596 450 765 514 bonum32undc
778 450 803 500 iu
812 450 847 501 eis
858 451 938 507 tinem

124 526 297 588 constituendo,
318 527 428 589 peccant,
447 526 472 573 et
494 536 574 576 uerum
595 522 681 573 bonurn
704 522 810 585 perdunt.
833 522 866 573 Et
887 526 942 578 hoc

124 600 230 649 damnum
248 596 334 647 homiui
349 595 472 646 innotescit
484 608 526 660 per
543 598 630 644 rectum
647 593 758 657 judicium
771 594 799 643 de
816 598 939 651 creaturis

123 670 183 733 qnod
199 669 295 720 habetur
309 682 348 732 per
367 668 451 719 donum
469 666 577 719 scientiae.
596 666 624 717 ut
646 665 698 717 ideo
720 665 836 719 beatitudo
852 668 940 723 luctus

124 740 216 805 ponitur
232 742 369 805 respondere
386 741 445 791 dono
459 737 571 789 scientie.

155 813 189 863 dd
206 814 304 878 primunr
317 827 372 876 ergo
386 812 520 874 dicendum,
531 811 591 876 qutd
600 812 661 862 boun
674 812 750 861 creata
766 824 813 861 uon
824 813 941 869 excitant

124 883 241 948 spirituale
255 885 375 949 gaudium,
389 883 432 933 uisi
445 884 557 946 quatenus
573 883 703 935 referuntur
719 884 747 932 ad
761 882 851 934 bonurn
870 886 940 938 divi-

124 969 192 1017 nnm;
208 970 237 1007 cu
252 971 297 1020 quo
311 954 402 1021 proprie
422 954 538 1017 consurgit
556 954 662 1017 gaudium
679 952 797 1017 spirituale
814 971 819 1003 :
836 958 862 1007 et
880 956 944 1013 idco

124 1027 209 1079 directi
222 1029 315 1092 quidem
328 1026 454 1091 spiritualis
462 1039 509 1089 pcrr
519 1028 543 1076 et
553 1025 659 1089 gaudium
670 1038 821 1088 consequens,
831 1041 944 1093 respon.

124 1100 163 1150 det
180 1101 239 1152 dono
255 1098 382 1164 sapientie.
399 1099 463 1148 Dono
480 1100 556 1148 autem
578 1096 679 1149 scientiae
696 1097 818 1161 respondet
835 1101 943 1163 quidem

124 1172 198 1236 primb
215 1174 289 1222 luctus
303 1170 331 1219 de
346 1168 468 1233 preteritis
479 1170 566 1233 erratis,
574 1172 598 1219 et
611 1172 777 1232 consequenter
788 1172 940 1238 consolatio,

124 1244 177 1292 duur
190 1245 259 1293 homo
272 1254 314 1305 per
329 1244 415 1291 rectum
422 1240 537 1304 judicium
549 1240 657 1303 scientiae,
669 1244 783 1291 cocturas
798 1242 896 1295 ordinat
913 1248 943 1299 in

123 1314 209 1363 bonurn
230 1312 341 1363 diriunn
356 1313 385 1361 Et
398 1311 465 1373 ideo,
479 1312 504 1361 iu
523 1314 567 1361 hac
579 1312 722 1362 beatitudine
740 1310 834 1375 ponitur
856 1314 945 1371 luctus

122 1397 165 1446 pro
179 1384 269 1445 merito,
278 1387 301 1435 et
312 1382 436 1435 consolatio
449 1396 591 1447 consepreus
602 1397 643 1447 pro
657 1383 759 1448 premio,
769 1396 821 1447 quae
835 1386 945 1449 quidem

123 1455 243 1507 inchoatur
255 1456 279 1505 in
293 1457 337 1505 hac
350 1455 406 1515 rita,
420 1455 539 1518 perficitur
549 1459 627 1505 aubin
644 1456 668 1505 in
681 1456 766 1506 sutura.

156 1527 189 1577 dd
202 1529 327 1578 secundam
340 1526 459 1577 dicendum
470 1564 477 1587 ,
488 1525 550 1589 qudd
561 1527 589 1577 de
602 1526 653 1591 ipsa
666 1526 850 1579 consideratione
872 1537 947 1586 veri.

123 1598 178 1649 tatis
189 1600 257 1650 homo
267 1598 363 1662 gaudct3
377 1600 416 1648 sed
431 1598 459 1647 de
472 1610 496 1647 re
511 1596 571 1648 circa
582 1612 650 1662 quarn
662 1598 791 1651 considerat
804 1602 945 1661 veritatem

123 1671 505 1734 potcsttristariquandoque1et
523 1670 650 1721 secundnm
671 1671 716 1721 boc
733 1670 807 1733 luctus
825 1672 944 1732 scientine

123 1742 261 1793 attribuitur.

154 1816 189 1865 td
208 1815 300 1865 tertium
321 1814 455 1875 dicendum,
470 1814 531 1878 qutd
552 1815 652 1867 scientiae
676 1814 802 1865 secundum
820 1820 891 1881 qnod
915 1825 947 1879 in

123 1886 276 1949 speculatione
290 1886 406 1948 consistit,
425 1898 471 1937 non
493 1886 618 1951 respondet
630 1886 747 1937 beatitudo
765 1886 862 1954 aliqna,
879 1898 946 1957 quia

122 1956 237 2008 beatitudo
255 1956 354 2008 hominis
374 1970 422 2008 non
442 1956 547 2007 consistit
565 1957 791 2009 inconsideratione
810 1966 943 2020 creatura.

122 2042 187 2089 rum,
199 2028 240 2079 sed
258 2029 283 2076 iu
296 2028 487 2093 contemplatione
501 2030 543 2080 bei
560 2029 603 2095 (t).
619 2030 663 2081 Sed
677 2029 792 2093 aequaiiter
804 2029 940 2093 beatitudo

123 2099 222 2150 hominis
232 2099 337 2150 consistit
349 2100 373 2149 iu
382 2101 457 2153 debito
469 2116 511 2153 usu
525 2106 691 2165 creaturarum,
706 2105 729 2153 et
743 2102 850 2156 ordinata
861 2108 945 2164 affec.

122 2171 185 2223 tione
197 2170 256 2221 circa
270 2171 330 2235 ipsas
348 2177 390 2223 :et
404 2175 447 2225 hoc
461 2174 513 2225 dico
527 2176 636 2239 quantum
649 2176 677 2225 ad
691 2174 860 2227 beatitudinem
874 2183 938 2237 rire,

122 2242 152 2292 Et
162 2242 212 2292 ided
229 2242 328 2296 scientie
341 2258 388 2296 nou
401 2245 531 2297 attribuitur
545 2246 620 2311 aliqua
633 2246 750 2297 beatitudo
763 2248 894 2310 pertinens
907 2260 942 2309 ad

123 2312 351 2432 {oncupiationenn
367 2317 406 2369 sed
418 2316 546 2369 intellectui
559 2321 583 2367 et
596 2316 722 2383 sapientiae,
735 2330 785 2381 quc
797 2324 855 2371 sunt
871 2324 945 2379 eirca

138 2397 209 2434 rrrna.

71 2484 75 2487 ’
152 2491 186 2556 (1)
201 2498 232 2541 Ut
240 2497 324 2553 probat
335 2500 359 2543 s.
374 2499 475 2546 Thomas
488 2498 517 2558 1,
533 2498 561 2559 2,
577 2510 616 2557 qu.
629 2500 658 2558 2,
674 2504 717 2547 art.
730 2497 757 2553 ⁸3
774 2500 815 2546 sed
829 2515 942 2563 expres.

124 2557 171 2604 sibs
182 2570 223 2616 qu.
234 2559 263 2620 3,
278 2564 323 2615 art.
335 2560 384 2620 6‚7
398 2568 423 2607 ct
433 2561 457 2607 8.
