1992 3317
151 171 197 220 ιιι
268 181 375 220 sscrruns
392 179 624 228 sscusum,ousss.
642 179 716 229 suni,
734 179 791 217 nur.
806 181 831 218 u.

179 257 226 310 Sed
240 261 318 310 souma
324 260 367 318 ost,
381 256 441 320 quod
457 256 609 322 Philosophus
619 255 676 306 aicit
682 255 707 305 iu
715 261 739 306 V
748 256 873 314 stocos..
887 255 937 321 qual

149 347 163 380 n
178 330 268 396 justitia
282 332 319 382 est
334 330 409 379 omnis
422 328 503 382 vuius.
518 346 533 376 u

180 403 331 467 (Goncnnsro.
342 427 372 438 -
386 399 441 450 Cinn
458 413 500 462 per
513 399 625 462 justitiam
642 399 744 449 omnium
753 400 865 450 virtulum
887 404 943 450 actus

149 474 178 526 sd
191 473 274 528 bonum
285 484 403 522 commuue
418 471 558 530 orniuontur,
571 469 621 534 ipsa
637 473 673 521 est
687 469 762 522 usius
774 471 917 534 generalis.)

180 543 313 610 Respondes
323 543 451 605 licendum,
460 541 632 604 qnonjustilia,
641 541 699 592 sicut
708 533 795 594 dicium
805 542 906 606 esllmt.
916 543 943 602 ιι,

149 615 236 666 ordinat
249 615 365 665 hominem
378 615 401 664 iu
412 612 581 676 comparatione
594 612 622 664 ιιι
635 611 714 663 alium.
725 613 792 670 onon
801 613 895 676 qudem
909 627 942 677 po

150 687 195 736 lost
206 698 256 736 esse
274 685 411 750 dupliciter:
426 697 473 736 uno
486 684 567 747 morlo,
578 685 607 734 nd
627 683 695 734 alium
709 683 857 745 singulariter
872 685 941 735 consi-

150 757 263 818 deratum3
276 755 445 817 ariprandum
460 755 529 807 alium
544 753 705 814 insomnium,
719 756 848 806 secuudum
865 756 944 806 scilicet

149 825 209 891 qnod
230 827 268 877 ille
282 826 322 891 qui
340 827 410 878 servit
429 827 497 877 alicui
511 826 684 886 communitati,
700 826 773 877 sarrit
784 827 893 878 omnious
911 830 944 876 io

149 897 249 950 minibus
265 899 305 962 qui
321 900 362 950 sub
379 899 540 949 communitate
557 897 596 947 illa
608 897 762 949 munirentur.
779 897 815 948 inl
833 902 944 960 utrumqne

149 983 202 1034 crgo
218 983 242 1020 ss
256 974 332 1035 polest
345 971 427 1020 habero
443 969 534 1033 justitia
547 970 671 1023 secmlum
691 968 809 1032 propriam
831 969 941 1018 rationem

150 1041 293 1094 Manifestum
303 1046 339 1092 est
350 1047 425 1092 autom
434 1041 494 1104 quod
508 1039 636 1103 omnesqui
644 1039 687 1090 sul)
697 1039 866 1092 communitate
877 1040 942 1101 aliqua
972 1038 973 1093 ι

150 1114 297 1164 continentur
310 1115 466 1176 comparantur
475 1113 502 1161 ad
517 1111 699 1161 communitatem
711 1110 770 1159 sicut
785 1114 864 1173 paules
878 1111 906 1161 al
918 1115 943 1156 tn
972 1114 973 1117 ’

150 1187 208 1235 lum.
225 1187 279 1235 Pars
290 1189 364 1234 autem
378 1185 400 1234 id
417 1184 476 1248 quod
492 1188 544 1245 est,
560 1183 631 1234 totins
647 1185 681 1232 esi
701 1182 781 1231 :unde
798 1186 822 1232 et
836 1181 942 1245 quodlibet

150 1257 234 1307 bonum
248 1257 318 1319 partis
335 1259 371 1306 est
390 1256 512 1306 ordinabile
530 1255 555 1304 in
567 1256 649 1304 bonnm
663 1253 742 1302 totius.
760 1253 893 1303 &cundum
909 1255 943 1300 noc
972 1296 974 1299 ,

150 1339 212 1388 ergo,
230 1327 314 1376 bonum
328 1326 450 1391 cujuslibet
465 1325 567 1390 uirtutis,
583 1324 631 1376 sive
651 1323 778 1374 ordinantis
793 1325 894 1388 aliquem
910 1324 942 1369 lo
972 1350 974 1383 ι

150 1397 235 1447 minem
252 1399 280 1447 ad
303 1397 416 1460 scipsum,
430 1397 479 1448 sive
497 1395 622 1447 ordinantis
642 1395 763 1458 ipsumsi
787 1395 878 1460 aliquas
899 1394 942 1444 alias
972 1414 974 1449 ι

150 1481 259 1534 personas
273 1468 413 1532 singulares,
431 1471 467 1518 est
479 1467 595 1518 raterioiio
615 1466 645 1517 ad
662 1465 748 1519 bouum
770 1479 906 1524 commune.
920 1465 942 1512 al
972 1482 974 1485 ·

151 1539 210 1604 quod
220 1538 307 1590 ordinat
315 1538 415 1602 justitia.
425 1540 455 1588 Ei
463 1539 718 1598 secundissimorum
728 1537 835 1588 omnium
846 1541 943 1592 virtutum
972 1538 974 1611 ι

150 1614 246 1674 possunt
260 1609 413 1674 adjustitiam
428 1609 543 1674 pertinere
561 1608 684 1660 secuudum
698 1608 758 1670 quod
772 1609 866 1660 ordinat
878 1609 944 1660 oom-

150 1696 204 1734 ucm
216 1689 244 1734 au
255 1684 338 1736 bonum
356 1695 484 1733 commune.
497 1683 528 1731 Et
538 1685 647 1744 quantum
661 1679 688 1730 ad
703 1680 756 1741 troc,
767 1681 862 1742 iustitia
872 1682 944 1733 licitu

152 1753 225 1806 virtus
241 1753 461 1820 generalissimis
475 1753 587 1816 adingem
598 1750 697 1815 pertinet
710 1751 817 1802 ordinare
831 1752 856 1801 in
871 1753 944 1802 bourn

153 1839 287 1888 commune,
300 1830 324 1875 ut
340 1825 406 1890 snpra
419 1825 522 1874 habitum
537 1825 573 1873 est
588 1823 628 1888 (1,
639 1826 665 1880 s,
678 1835 717 1884 qu.
729 1824 771 1883 so,
783 1826 830 1872 art.
843 1825 887 1887 s),
901 1822 946 1870 inlu

153 1897 260 1960 estquod
274 1897 326 1948 talis
337 1895 438 1960 justitia,
449 1895 557 1958 prasdiclo
570 1894 637 1943 molo
648 1891 772 1954 generalis,
785 1892 946 1958 diciturjnsti-
971 1938 972 1963 ¹

154 1970 192 2018 tiu
207 1968 308 2032 tepolis,
322 1968 375 2032 qnia
391 1967 478 2018 scilicet
489 1980 531 2030 per
546 1978 596 2015 carn
611 1965 680 2014 homo
689 1965 816 2014 concordat
830 1967 876 2029 legi
889 1962 946 2016 onii-
971 1974 972 2039 ι

152 2039 215 2090 nanti
229 2042 291 2088 antuus
305 2038 406 2088 omnium
424 2037 532 2088 virtutum
545 2036 569 2086 iu
581 2037 665 2084 bouum
683 2047 814 2085 commuue.

185 2111 216 2158 ad
238 2108 334 2172 primurn
354 2121 407 2170 ergo
426 2108 564 2170 dicendum,
580 2106 640 2169 quod
658 2105 748 2168 justitia
768 2107 896 2158 mnnintm
911 2119 946 2154 scu

154 2183 329 2232 connumeratur
344 2179 394 2230 aliis
408 2178 544 2241 uirtutibus,
561 2190 607 2227 nou
616 2175 641 2226 in
654 2179 764 2238 quantum
779 2181 816 2227 est
834 2176 945 2240 generalis.
971 2198 972 2207 ι

154 2252 194 2304 sei
208 2250 230 2300 iu
245 2253 353 2314 quantum
372 2254 408 2300 est
423 2249 530 2314 specialis
547 2249 633 2309 uirtus,
647 2251 673 2296 ut
688 2247 919 2314 intraneorum.
935 2250 946 2292 i
971 2300 972 2305 χ

155 2326 179 2374 et
194 2324 237 2372 ari.
251 2325 280 2370 12
294 2324 313 2382 l.
971 2336 973 2348 2

187 2394 220 2442 ld
235 2394 357 2444 secundnm
367 2392 485 2442 dicendum
494 2427 503 2452 ‚
512 2392 573 2454 qood
585 2391 735 2455 lampcmntia
744 2395 768 2442 ot
778 2391 886 2442 lortimlo
897 2393 946 2437 sunt
971 2356 973 2413 !

154 2463 179 2514 in
193 2463 294 2528 appetitu
308 2463 426 2522 sensitivo,
436 2462 458 2512 iu
470 2467 515 2522 cst,
526 2461 551 2511 in
564 2462 773 2526 concupiscibilius
782 2460 947 2513 irascibililln-
971 2462 973 2495 ι

153 2536 253 2601 jusmodi
263 2539 339 2586 antem
353 2535 413 2584 vires
422 2537 474 2584 sunt
483 2534 613 2598 appetitiuae
623 2536 771 2598 quorumdam
781 2536 888 2585 horrorum
899 2542 947 2592 par-

153 2607 290 2669 ticularium,
301 2605 360 2656 sicut
372 2607 395 2656 el
405 2619 483 2656 sensns
495 2609 530 2658 cst
543 2607 711 2670 particularium
722 2603 893 2668 cognoscitirns.
905 2600 948 2647 Sel

154 2679 244 2744 justitia
267 2682 302 2728 cst
323 2677 381 2728 sicut
401 2677 424 2726 in
446 2677 563 2742 subjecto,
580 2678 603 2729 in
623 2678 725 2742 appetitu
742 2675 892 2734 intellectus,
909 2669 948 2732 qui

154 2755 230 2816 potest
246 2763 296 2800 csso
310 2749 443 2799 universalis
465 2747 533 2816 boni,
545 2751 611 2814 cujus
630 2748 758 2799 intullcctus
772 2750 809 2797 cst
824 2744 945 2809 apprchen-

156 2821 227 2872 sirus.
248 2821 277 2870 lit
294 2819 345 2870 ideo
365 2820 455 2886 justitia
473 2818 545 2884 magis
566 2823 641 2885 polcst
663 2832 714 2870 csse
740 2818 813 2871 uirtus
829 2810 947 2881 sensuli&

156 2903 223 2952 quam
237 2891 384 2953 lcrnpcrantia
401 2889 439 2940 ιιι
453 2891 573 2942 fortitudo.
921 2897 925 2904 '
