1992 3317
255 162 259 172 ·
350 160 380 196 ns
396 159 532 198 nonnosum.
793 151 838 196 878

32 293 34 300 ,
74 233 160 288 intendet
168 245 204 286 non
213 236 324 298 possunt
337 238 363 284 nt
373 235 511 299 Augustinus
524 234 579 285 dicit
586 234 679 286 Contra
692 236 839 286 Parmenid-

30 309 31 312 ’
71 322 133 356 num.
144 305 196 356 Unde
207 305 318 356 Dominus
329 306 393 356 docet
400 306 545 370 ,mugisesse
553 306 838 358 sinendnmmalosnirene

30 427 32 432 .
69 382 91 428 et
103 377 195 428 ultionem
205 377 362 426 reservandam
377 377 488 440 usquead
503 382 626 427 extremum
638 377 762 459 judicium,
771 391 838 441 qoem

31 509 32 512 Ἴ
30 447 120 512 pudd
136 447 183 498 doni
198 447 262 496 simui
277 447 415 499 occidentur.
429 448 524 508 Quando
541 460 595 498 vero
615 462 644 499 ex
663 448 777 500 occisione
790 463 839 498 nra-

30 517 35 528 ”
65 517 130 570 lorun
138 531 180 568 non
188 517 288 568 imminet
298 517 421 581 periculum
428 518 511 582 bonis,
519 519 558 569 sed
571 532 643 583 magns
652 519 723 570 tutela
732 523 755 569 et
768 520 838 581 salus,

31 641 33 646 ,
64 593 114 640 tunc
128 588 185 640 licite
195 592 288 653 possunt
302 591 355 639 malt
369 589 449 639 occidi.

30 667 31 670 ’
92 661 122 711 nd
137 661 249 710 secundum
263 659 394 723 dicendum,
406 660 466 724 qudd
477 663 538 712 Deus
546 663 669 712 seeundum
680 663 782 714 ordinem
792 678 841 715 nun

62 731 176 797 sapientie,
184 731 316 795 quandoque
329 732 405 784 sertim
416 735 543 796 peccatores
551 733 634 782 occidit
647 734 675 783 ed
685 733 841 785 liberationem

30 809 32 860 j
61 804 174 864 donorum
190 803 321 866 quandoque
334 806 409 854 antem
426 802 459 854 eis
475 803 600 868 poenitendi
612 808 703 868 tempus
720 805 839 865 coneedit,

60 875 175 926 seeundum
185 875 242 937 quod
254 873 303 937 ipse
316 874 379 924 norit
392 876 439 924 suis
450 874 529 925 eiectis
542 875 655 939 expedire.
670 877 700 926 Et
712 877 756 926 hoc
769 877 839 926 etiam

31 995 33 1004 ,
60 948 151 996 humane
161 944 244 1008 justitia
255 944 357 996 imitator
370 959 411 1008 pro
423 960 512 1009 poese,·
525 946 576 996 itlos
591 946 653 996 enirn
665 946 705 1010 qni
720 951 773 997 sunt
788 961 841 1011 per·
895 981 901 991 ·

31 1079 32 1084 ἵ
58 1016 133 1068 niciosi
149 1015 238 1068 inados
251 1015 347 1080 oceidit,
361 1030 401 1068 eos
420 1029 474 1068 nero
491 1017 532 1081 qui
544 1021 655 1081 peceant,
670 1017 721 1068 aliis
742 1018 840 1080 graviter
931 1071 938 1088 ,

56 1103 96 1142 non
111 1091 224 1152 nocentes,
238 1089 267 1138 ed
279 1088 436 1153 poenitentiam
449 1093 558 1139 reservat.

83 1161 117 1210 nd
127 1160 214 1212 tertium
229 1160 355 1222 dicendum,
371 1159 432 1224 qudd
442 1161 510 1211 homo
523 1161 653 1225 peccando,
664 1159 693 1210 nb
705 1159 784 1212 ordine
802 1175 840 1212 ra·

54 1233 119 1284 tionis
135 1231 217 1282 recedit
229 1235 268 1282 :ot
277 1231 328 1283 ideo
341 1230 434 1282 dissedit
448 1231 580 1296 indignitate
592 1234 705 1296 hnmana,
715 1236 783 1296 prout
796 1233 843 1283 sei-

54 1303 104 1354 licet
118 1305 183 1354 homo
193 1307 228 1353 est
235 1304 367 1354 naturaliter
379 1304 435 1354 liber
447 1308 470 1354 et
480 1309 572 1368 propter
580 1304 680 1368 seipsum
692 1304 807 1368 existens;
816 1308 841 1356 et

52 1375 132 1425 incidit
149 1375 312 1437 quodammodo
328 1374 354 1425 in
369 1375 501 1426 servitutem
522 1375 656 1439 bestiarum,
671 1379 698 1425 nt
709 1375 795 1426 seilicet
813 1377 842 1425 do

50 1445 99 1508 ipso
116 1445 246 1508 ordinetur,
260 1439 383 1496 'secundum
396 1447 456 1510 quod
471 1449 508 1496 est
520 1445 575 1495 ntile
584 1446 643 1509 aliis,
654 1448 777 1496 seeundum
786 1446 842 1496 iilud

49 1518 89 1568 Pe.
109 1517 197 1566 xnvnl
213 1531 219 1566 :
237 1517 335 1568 «Homo
355 1529 406 1567 cum
418 1517 443 1566 in
458 1518 544 1567 honore
565 1521 639 1578 esset,
653 1529 700 1567 non
713 1518 841 1578 intellexit3
917 1539 921 1547 ⁴

49 1589 189 1652 comparatus
210 1591 245 1638 est
260 1587 371 1652 J'umentis
391 1587 566 1651 insipientibus,
579 1591 602 1638 et
620 1587 701 1637 similis
718 1589 791 1638 tantus
808 1593 844 1638 est

46 1659 99 1713 illis.
121 1675 137 1706 ι)
155 1659 185 1709 nt
198 1657 326 1720 Provcrd„
339 1660 370 1712 xl
377 1695 387 1722 ‚
400 1659 498 1708 dicitur:
514 1675 528 1707 ιι
541 1657 584 1716 oui
596 1659 679 1708 stultus
695 1663 744 1719 est,
759 1657 844 1708 serviet

46 1731 153 1792 sapienti.
171 1745 186 1777 o
196 1731 227 1780 Et
243 1729 310 1794 ideo,
324 1730 429 1794 quamuis
441 1729 557 1780 hominem
570 1729 595 1777 in
611 1742 653 1779 sua
670 1729 778 1792 dignitate
794 1742 842 1778 mn-

43 1805 136 1851 neniem
160 1800 263 1856 occidere
282 1801 312 1851 sit
329 1801 454 1852 secundnm
473 1813 498 1852 se
517 1800 618 1860 malum,
632 1805 709 1851 tumen
727 1799 843 1850 hominem

42 1875 186 1934 peecatorem
199 1872 314 1935 occidere,
328 1875 465 1936 potestesse
482 1872 581 1949 bonnm,
593 1873 652 1922 sieut
667 1871 769 1922 occidere
788 1872 843 1922 bes-

41 1944 103 1992 tiam.
123 1943 195 2006 Pejor
206 1943 267 1993 enim
281 1947 317 1993 est
330 1945 403 1994 melus
411 1945 479 1995 homo
490 1956 559 2006 quam
568 1944 650 2005 hestia,
662 1946 686 1993 et
695 1943 747 2006 pius
763 1946 842 2001 nocet,

39 2018 63 2063 nt
78 2013 238 2079 Philosophus
253 2014 328 2065 dioit'
322 2029 345 2065 nn
357 2017 368 2064 Ι
382 2013 840 2078 notit„(eap.n),etinv11ntnic.

40 2088 108 2150 (cap.
123 2091 149 2138 ⁶
160 2089 169 2148 1

340 2193 497 2244 inmensus
514 2195 554 2244 ιιι.

35 2315 128 2361 Utrdm
138 2316 249 2386 occidere
257 2316 376 2363 nominem
383 2321 532 2375 moratorem
541 2319 613 2364 liceat
624 2319 724 2374 prdoatoe
732 2329 844 2372 persono.

62 2443 100 2493 sd
109 2443 216 2494 tertium
230 2443 264 2494 sic
275 2442 404 2507 proceditur
413 2443 461 2508 (1).
475 2443 570 2494 Videtur
583 2442 643 2507 qudd
657 2441 758 2493 occidere
767 2441 847 2492 horni-

31 2525 84 2562 nem
109 2517 266 2577 peccatorem
280 2514 346 2564 dicent
360 2515 455 2578 prinatae
469 2528 582 2579 persone.
596 2515 622 2563 in
635 2515 686 2577 tege
698 2513 760 2562 enim
771 2511 847 2562 divine

30 2583 88 2633 nihil
103 2583 224 2634 illicitum
234 2586 362 2635 mandatur.
368 2586 413 2636 Sed
420 2587 516 2643 Enod„
526 2587 618 2647 xxxii,
628 2584 735 2648 precepit
742 2584 849 2647 idopses:

30 2669 42 2697 u
56 2654 167 2706 Occidet
177 2656 340 2719 unusquisque
351 2657 442 2708 tratrem
451 2671 526 2718 sunm
537 2662 561 2706 et
569 2657 674 2719 uminum
687 2659 710 2706 et
719 2654 847 2719 proximum

57 2806 95 2868 11)
114 2811 155 2855 Do
174 2809 297 2856 bisetium
308 2811 367 2856 indrd
377 2825 437 2870 ,.qu
448 2810 492 2868 65,
508 2811 590 2864 ιιιῑ.,1
604 2817 653 2856 1ιιιιι
670 2811 847 2868 innorp,tum

30 2869 94 2926 td&
114 2874 251 2932 utet1V‚
263 2873 340 2925 Senot,
351 2875 404 2922 dist.
414 2873 516 2934 di,qu.
524 2875 548 2936 2,
565 2881 609 2920 ert.
624 2874 646 2918 1.
