1992 3317
149 98 193 155 teo
261 108 372 155 ernnust
383 106 514 163 sueonos,
529 106 621 157 ponor.
638 93 719 160 uuirt·
732 103 788 147 nur.
804 101 842 145 ru.

146 191 324 275 biliaetdiviuu‚
338 192 439 257 coquito
452 194 527 241 autem
537 186 731 250 sensibilia'drgo
741 186 801 237 oeus
810 186 954 249 estpropter

147 263 409 400 ahgfiilfflffiggfsa'mor
420 334 522 398 sequitur
534 332 696 397 coguitionem¹
706 330 752 380 Sed
764 330 824 380 Dens
833 342 877 393 per
889 328 955 379 aliud

147 408 297 473 cognoscitur,
313 406 436 458 sccunddm
454 404 510 457 illud
528 406 634 466 ltom.,l
653 420 660 453 z
679 419 694 451 n
706 401 832 453 Invisibilia
849 400 892 452 liei
911 414 956 465 per

147 494 175 533 ea
191 493 241 545 quo
262 481 406 542 factasunt,
429 478 545 529 intellecta
562 475 743 541 conspiciuntur.
767 490 781 523 n
799 474 862 537 Ergo
881 472 957 523 etiam

146 557 239 619 propter
249 552 309 601 aliud
325 554 424 613 amatur,
440 554 464 601 et
475 564 521 601 nou
532 553 625 615 propter
634 561 667 599 se.

180 631 202 675 3.
218 626 346 685 Praeterea,
360 636 435 688 «spes
448 626 541 686 generet
557 622 699 685 charitatem,
719 634 733 666 »
747 621 773 667 ut
787 615 843 667 dicit
856 618 957 682 Glossa,

148 699 248 752 multi„
261 698 286 760 13
308 712 321 743 n
332 696 401 747 timor
414 694 482 745 etiam
497 695 630 745 charitatem
640 692 775 755 introducit,
789 706 803 737 o
822 694 849 739 ut
864 692 959 755 lngus-

130 766 136 782 *
150 770 211 821 tinus
221 768 276 819 dicit
284 780 351 833 super
364 770 383 818 1.
395 775 453 818 uuo.
466 770 539 818 dono.
551 762 644 832 (Tract.
656 765 715 829 iil).
723 764 769 814 Sed
780 776 834 827 spes
843 768 959 827 expectat

150 840 235 905 aliquid
256 840 351 905 adipisci
364 838 377 889 l
389 842 448 904 lico,
471 840 634 890 timor‘autem
654 835 739 899 refugit
755 833 839 897 aliquid
861 836 959 897 quodi

150 912 196 964 lieo
214 911 288 976 infligi
300 914 385 978 potest.
410 912 470 974 Ergo
485 909 578 961 ridetur
591 904 652 973 qudd
670 910 731 958 Deus
748 908 842 969 propter
859 904 958 970 alinuod

144 982 235 1035 'honum
249 990 378 1049 speratum,
393 982 430 1033 rel
442 985 535 1047 propter
548 981 637 1046 aliquod
659 978 744 1029 malum
762 978 908 1040 timendum,
925 980 958 1030 sit

151 1056 274 1119 amandns3
292 1068 338 1105 non
351 1068 404 1119 ergo
417 1057 452 1104 est
462 1054 575 1103 amandus
589 1054 682 1118 propter
691 1051 798 1114 seipsum.

183 1129 226 1179 Sed
237 1132 314 1177 contra
326 1130 375 1189 est,
390 1124 449 1189 qndd
463 1124 524 1175 sicut
537 1125 676 1187 Augustinus
689 1121 745 1173 dicit
757 1122 783 1171 in
794 1122 812 1171 l.
835 1122 875 1171 De
888 1121 957 1173 doc-

152 1200 222 1246 trino
238 1196 324 1245 odo-ist.
350 1196 416 1258 (cap.
437 1194 483 1257 3),
505 1210 519 1241 u
538 1194 582 1243 irui
606 1197 641 1244 est
661 1206 737 1243 amore
753 1191 865 1241 inhaerere
882 1191 956 1243 alicui

151 1273 242 1332 proptor
256 1268 365 1330 seipsum.
376 1282 391 1313 o
407 1266 449 1315 Sed
462 1266 508 1316 lieo
524 1266 644 1316 linendum
656 1268 705 1329 est,
717 1268 744 1315 ut
757 1264 783 1314 in
801 1264 881 1315 eodem
892 1263 955 1314 libro

150 1338 230 1388 dicitur
250 1339 278 1401 (o.
294 1341 327 1400 l).
340 1338 399 1401 Ergo
414 1338 475 1387 deus
488 1336 616 1401 diligendus
629 1340 765 1401 estpropoer
774 1336 885 1399 seipsum.

182 1409 345 1473 (Conuuusro.
357 1436 388 1446 -
400 1407 457 1458 Cium
471 1410 531 1459 lleus
556 1406 587 1458 sit
606 1408 656 1473 ipsa
673 1408 771 1458 essentia
784 1407 893 1459 honitatis
909 1421 952 1471 per

149 1492 183 1543 sc,
192 1482 215 1531 et
224 1481 318 1531 ultimus
330 1480 382 1531 linis
393 1481 505 1542 omnium,
513 1484 607 1544 propter
616 1481 716 1547 seipsum
723 1494 813 1545 quoqne
824 1480 953 1544 diligendus

150 1558 198 1619 est,
206 1566 335 1619 quanquam
349 1553 479 1619 dispositivd
490 1557 582 1619 propter
592 1554 677 1619 aliquid
687 1554 701 1603 i
714 1554 781 1605 nohis
792 1554 855 1617 diligi
866 1552 952 1618 possit,

150 1640 195 1692 quo
208 1626 337 1677 inducimur
352 1628 380 1677 ad
399 1627 474 1691 ipsum
489 1626 635 1690 amandum.)

183 1700 318 1764 despondeo
334 1700 471 1761 dicendum,
492 1698 554 1763 qudd
571 1700 595 1765 lp
613 1698 749 1764 (propter)
765 1699 871 1763 importat
888 1700 954 1750 hahi-

152 1774 255 1823 tudinem
272 1773 366 1837 alicujus
379 1784 460 1823 cause.
473 1772 514 1821 Est
529 1775 604 1822 antem
618 1772 757 1835 quadruplex
774 1784 845 1833 genus
862 1784 954 1837 causae,

154 1844 240 1895 scilieet
255 1844 341 1907 linaiis,
358 1844 472 1907 turmalis,
486 1842 589 1894 eliciens
602 1847 626 1893 et
639 1842 775 1906 materialis,
791 1843 817 1891 ad
833 1856 903 1907 quam
918 1860 955 1897 re

153 1916 243 1965 ducitur
255 1915 323 1964 etiam
334 1913 456 1969 materialis
469 1914 601 1978 dispositio,
613 1928 664 1977 qum
676 1928 723 1966 non
735 1918 770 1965 est
782 1928 851 1964 musa
865 1915 956 1981 simpli-

154 1985 222 2047 citer,
243 1986 283 2035 sed
296 1985 419 2036 secunddm
433 1986 496 2049 quid.
512 1987 541 2035 Et
556 1984 677 2037 secundirm
692 1988 741 2037 heu
754 1990 850 2049 quatuor
869 2001 956 2051 genera

155 2068 285 2118 causamn,
300 2056 380 2106 dicitur
392 2056 477 2121 aliquid
492 2062 600 2121 propter
611 2056 724 2107 alterum
742 2057 891 2121 diligendum.
907 2060 956 2112 Se-

154 2126 252 2179 cunddm
261 2127 351 2191 quidem
361 2142 435 2191 genus
444 2142 519 2179 causae
531 2129 619 2190 finalis,
628 2128 688 2181 sicud
695 2128 810 2191 diligimus
819 2129 955 2190 medicinam

153 2203 245 2263 propter
261 2198 390 2250 sanitatem.
411 2198 539 2253 Secundino
561 2204 635 2251 nutem
653 2214 725 2264 genus
743 2214 818 2253 causa}
837 2202 953 2270 formalis,

154 2270 213 2321 sicut
222 2271 336 2335 diligimus
351 2272 466 2325 hominem
476 2275 570 2337 propter
579 2272 697 2334 virtutem,
708 2273 761 2337 quia
771 2273 859 2325 scilieet
869 2276 953 2329 uirtute

154 2342 276 2394 formaliter
288 2348 323 2395 est
335 2346 421 2409 bonus,
434 2350 457 2396 et
470 2359 512 2410 per
523 2358 664 2411 consequens
678 2345 803 2408 diligibilis.
822 2348 954 2407 semodium

155 2418 230 2464 antem
245 2428 336 2466 causam
350 2416 501 2482 elicientem,
512 2420 572 2468 sient
585 2418 697 2482 diligimus
711 2419 798 2481 aliquos
810 2418 954 2483 inquantum

50 2520 53 2529 ,
154 2490 207 2538 suunt
218 2486 260 2537 filii
281 2486 332 2539 talis
343 2490 424 2553 petris.
438 2488 568 2541 Secundim
579 2495 656 2541 annm
669 2490 841 2554 dispositionem
854 2507 905 2557 qnae
918 2509 954 2544 re-

154 2557 243 2608 ducitur
260 2560 287 2609 ad
302 2572 373 2623 genus
396 2574 472 2613 causae
488 2562 628 2624 materialis,
643 2561 738 2613 dicimur
754 2562 837 2626 aliquid
860 2564 953 2629 diligere

154 2634 246 2693 propter
254 2632 277 2681 id
286 2633 345 2694 quod
356 2646 398 2683 nos
407 2635 518 2698 disposuit
530 2636 559 2685 ad
571 2634 623 2698 ejus
632 2634 787 2698 dilectionem,
796 2634 851 2699 put'a
859 2640 951 2702 propter

155 2700 232 2766 alique
243 2703 352 2753 tenenda
365 2710 486 2772 suscepta3
506 2706 611 2769 mansis
628 2710 748 2770 postquam
762 2707 811 2771 jan
828 2720 904 2759 amare
917 2709 953 2759 in-

156 2773 269 2838 cepimus,
292 2786 337 2825 non
357 2780 449 2841 propter
470 2778 510 2827 illa
530 2776 639 2826 beneficia
659 2790 761 2829 amemus
778 2780 891 2845 amicum,
912 2783 953 2833 scd

156 2849 246 2915 propter
254 2848 304 2914 ejus
317 2848 432 2900 virtutem.
440 2848 523 2899 Primis
532 2861 586 2913 ergo
597 2848 670 2900 tribus
680 2850 753 2902 modis
766 2852 836 2903 mum
847 2866 894 2906 non
903 2852 953 2906 dili·
