1992 3317
312 171 345 209 nr
359 169 424 209 norro
440 167 579 209 srrrmrrrn.
799 163 845 211 nni

46 247 179 298 omento.
196 245 292 306 odom
307 246 368 298 enm
386 245 475 298 nono
495 247 620 299 sopiuntur
635 249 662 300 oe
682 235 744 300 recti
760 249 846 314 jndicio

44 323 92 369 tam
104 319 129 370 in
139 319 331 383 contemplatione
343 319 485 381 divinornm,
501 318 567 384 qntm
580 321 649 371 etiam
664 321 689 372 in
704 321 845 376 ordinatione

47 403 125 441 rernm
143 391 291 440 humanarum
316 389 439 442 senondtm
457 389 547 442 dirimas
561 393 663 458 regulas,
680 393 790 457 qnantum
811 397 847 444 est

46 461 201 514 necessarium
215 462 244 512 nd
259 461 364 512 salntem.
375 463 404 512 Et
420 463 464 512 hoo
475 461 533 512 nulli
544 463 608 514 deest
618 463 667 514 sine
681 466 775 528 peceato
785 477 845 516 rnor-

50 532 91 584 tari
104 531 226 596 existam&
238 545 280 598 per
297 532 391 596 gratiam
407 536 494 597 gratnm
514 531 650 598 facientem,
664 535 749 600 quiesi
768 539 847 587 notura

47 617 94 656 non
108 604 185 655 detioit
194 604 220 654 in
233 604 381 668 necessariis,
397 603 469 654 multi
477 603 554 654 minin
565 605 644 668 gratia.
660 607 723 658 Unde
740 605 846 660 dioitnrl

46 679 129 734 donn..
141 677 178 726 11:
195 675 302 726 «unedo
315 675 382 726 dooet
397 689 440 726 ros
452 676 481 726 do
493 676 607 727 omnibus.
628 693 642 724 n
658 677 754 735 Quidam
772 681 848 730 eutem

49 748 124 799 aitiori
134 747 206 810 mdo
213 747 344 811 percipiunt
356 747 472 812 sapientie
485 747 583 810 donum,
596 749 619 797 et
632 750 742 811 qnantum
753 750 782 799 ad
792 761 847 802 con-

49 818 222 883 temptationem
233 818 375 880 divinornm,
389 818 413 868 'm
426 822 536 882 qnantum
550 817 636 868 seilicet
649 818 727 870 altiora
743 822 846 884 quadam

51 891 160 955 mysteria
175 892 199 939 et
215 893 354 954 eognosoont
363 893 386 941 et
397 889 448 940 aliis
459 889 607 940 manifestare
619 893 727 953 possunt,
741 895 764 942 et
779 891 847 942 etiam

49 965 161 1024 quantum
170 961 199 1010 ad
209 960 354 1012 directionem
364 961 514 1012 humanorum
523 959 646 1011 seeunddm
652 960 847 1025 regutasdirinas,

48 1033 199 1097 inquantum
221 1035 315 1096 possunt
331 1031 458 1084 secundnm
478 1045 518 1083 eas
536 1045 581 1082 non
600 1032 672 1083 solim
693 1032 797 1096 seipsos,
810 1035 849 1086 sed

49 1105 118 1154 etiem
135 1103 193 1153 otios
207 1103 320 1155 ordinare.
336 1103 364 1154 m
381 1103 425 1154 iste
444 1103 526 1167 gradus
543 1103 661 1166 sapientie
674 1115 720 1154 non
735 1105 770 1154 est
783 1116 850 1155 oom-

51 1174 388 1226 msnisomniboshabentibns
396 1175 490 1239 gratiam
497 1173 767 1238 gntumioeientem,sed
777 1175 849 1238 magis

50 1246 150 1311 pertinet
164 1247 192 1296 ad
206 1245 290 1310 predas
305 1246 374 1309 gratis
389 1247 467 1305 datas,
481 1259 539 1308 quas
552 1244 650 1309 Spiritus
667 1248 757 1296 sanctus
776 1245 851 1296 distri·

51 1317 103 1368 noia
114 1321 184 1382 pront
200 1317 263 1377 ruit,
274 1317 396 1368 serundirm
409 1315 465 1368 iliud
478 1318 488 1367 1
501 1315 536 1367 od
548 1317 618 1376 Gom,
627 1317 669 1368 xli
683 1331 689 1365 ε
705 1333 719 1364 o
734 1315 777 1366 dlii
786 1316 851 1367 datur

49 1402 92 1452 per
108 1388 216 1453 Spiritum
227 1401 301 1439 sermm
318 1387 449 1452 sapientia,
463 1392 509 1439 eto.
526 1405 539 1436 n

81 1461 116 1511 td
130 1460 230 1524 primum
243 1472 298 1523 ergo
311 1459 444 1519 dicendum,
456 1458 518 1524 qnod
532 1457 654 1522 Apostolus
664 1459 763 1524 loquitur
773 1459 806 1510 ibi
822 1461 850 1510 do

51 1532 181 1597 snpientia,
199 1529 324 1581 seeunddm
333 1529 394 1594 qndd
403 1544 429 1581 se
437 1529 541 1581 extendit
554 1529 582 1581 nd
596 1531 685 1582 oeoulta
697 1529 804 1596 mysteria
817 1529 851 1580 di·

50 1604 171 1664 νίηοωω,
184 1601 245 1652 ment
257 1605 281 1652 et
295 1601 378 1653 ibidem
389 1602 470 1652 dieitur
480 1617 487 1651 z
505 1599 653 1665 «Loqnimnr
664 1602 705 1652 Dei
716 1601 852 1666 sapientiam

49 1673 406 1810 lnffimdgmwdligenadnnmz
420 1744 480 1810 qnod
497 1743 602 1810 quamvis
617 1741 719 1794 ordinare
737 1741 792 1793 niios
810 1744 852 1793 ho-

50 1819 126 1869 mines
138 1816 205 1867 etde
222 1815 256 1866 eis
268 1815 384 1880 judicare,
399 1816 511 1880 pertineat
523 1817 550 1866 ad
565 1815 624 1866 solos
639 1816 760 1879 prelatos,
775 1817 852 1865 tamen

49 1887 157 1940 ordinare
170 1887 275 1952 proprios
289 1890 351 1938 notos
364 1889 429 1938 etde
444 1885 477 1938 eis
488 1887 604 1952 judicare,
619 1886 718 1952 pertinet
732 1886 758 1936 ad
770 1899 852 1936 unum·

51 1972 181 2024 quemque,
195 1961 222 2008 nt
233 1961 298 2023 patet
310 1971 350 2023 per
360 1958 503 2024 Dionysium,
513 1959 599 2024 Epist.
612 1958 648 2008 od
661 1955 850 2022 Demophilum.

82 2031 117 2081 nd
127 2028 224 2090 tertipm
236 2030 365 2092 dioendnm
375 2030 435 2094 qnod
444 2035 547 2081 amentes
555 2028 673 2094 nominati,
684 2027 741 2079 siout
749 2027 852 2092 etpneri‚

51 2104 140 2154 hahent
150 2101 245 2166 quidem
259 2100 362 2152 habitum
377 2101 503 2166 sapientie,
517 2101 641 2152 secundnm
653 2098 758 2166 quidest
769 2099 853 2150 donum

51 2174 151 2238 Spiritus
162 2171 252 2236 sanoti;
264 2172 306 2223 sod
320 2186 365 2223 non
376 2173 461 2224 hebent
476 2176 551 2223 actum
561 2175 654 2236 propter
667 2171 854 2236 impedimentum

51 2245 180 2311 corporale,
192 2257 238 2308 quo
250 2243 371 2309 impeditur
380 2243 403 2294 in
417 2245 451 2295 ais
462 2257 519 2294 nans
533 2243 636 2294 rationis.

352 2424 511 2476 inuentus
524 2424 561 2474 Vl.

110 2550 202 2599 Utrtm
211 2549 313 2606 septima
323 2549 441 2594 beatitudo
450 2547 590 2606 respondeat
599 2547 660 2592 dono
673 2546 801 2604 snpientia.

85 2680 118 2729 dd
134 2679 230 2729 sextum
250 2674 284 2726 sio
296 2675 427 2739 prooeditor
436 2673 480 2741 (i).
495 2673 589 2725 Videtur
602 2671 662 2738 qndd
676 2671 773 2736 septima
784 2670 856 2722 heati-

56 2750 108 2800 tudo
120 2762 172 2801 non
182 2746 321 2811 responden
337 2746 396 2797 dono
410 2745 536 2811 sapientie.
550 2744 649 2809 Septima
665 2743 725 2794 enim
741 2742 857 2793 beatitudo

87 2883 122 2950 (a)
138 2884 227 2934 nono
244 2883 318 2944 eom
331 2881 359 2942 s,
373 2882 450 2956 nnn
468 2880 515 2942 oo,
527 2886 571 2941 nn,
586 2879 619 2941 e,
635 2885 745 2952 popm
757 2877 820 2938 arr,
834 2881 859 2934 or
