1992 3317
325 124 356 176 hr
372 132 459 177 erutus
476 133 625 178 murreus.
831 125 875 177 tet

372 296 529 349 hurlcdttts
544 298 583 349 xl.

105 412 191 459 viram
201 410 270 457 homo
277 412 333 469 βω
345 413 427 523 debecrtt
442 414 660 523 athaporcam,
671 427 744 473 qoam
751 420 849 474 petrem

394 490 408 521 θ
428 490 469 523 Μ
480 491 539 524 rm.

106 596 142 647 hd
154 594 300 647 undecimum
310 595 344 648 sie
357 596 484 661 proceditur
495 597 538 663 (l).
553 597 648 649 Videtur
662 598 725 662 qutd
741 601 810 651 homo
823 600 874 665 plus

78 668 158 721 deheat
170 668 262 733 diligere
276 682 380 730 uxorem,
391 673 556 734 quampatrem
569 674 593 720 et
605 674 710 722 matrem.
718 672 800 723 Nullus
812 673 876 723 euim

77 739 169 791 dimittit
184 754 233 791 rem
246 739 347 807 aliquam
364 740 409 793 uisi
420 754 461 806 pro
475 756 501 793 re
513 742 586 805 magis
599 742 690 793 dilecta.
707 743 753 795 Sed
766 744 837 802 Gen„
846 745 875 809 ΙΙ,

78 812 159 863 dieitur
171 810 232 877 qudd
248 816 365 877 «propter
377 826 472 863 uxorem
484 812 598 877 rehnquet
610 815 678 865 homo
692 818 781 877 petrem
792 819 817 866 et
827 829 878 883 ma-

76 888 171 935 irem.»
190 886 249 949 llrgo
268 884 339 949 magis
357 884 424 937 debet
441 884 536 949 diligere
555 898 650 937 uxorem
669 886 739 949 quhm
752 892 839 951 patrem
852 893 877 941 et

77 960 181 1009 mairem.

107 1032 273 1093 2.‘Praeterea‚
287 1030 411 1097 Apostolus
424 1030 480 1083 dicit
489 1032 520 1084 ad
535 1030 637 1095 apheo,
648 1032 675 1094 V,
689 1030 751 1095 quod
761 1048 776 1080 (ι
785 1032 877 1085 uiride·

77 1102 131 1153 hert
140 1102 236 1166 diligere
249 1117 332 1156 uxores
346 1104 404 1156 siout
415 1103 503 1168 seipsos
510 1104 555 1167 (t).
568 1119 582 1151 u
594 1104 636 1155 Sed
647 1106 715 1155 horno
726 1104 794 1155 dehet
805 1105 876 1169 magis

77 1176 171 1241 diligere
182 1176 296 1241 seipsum,
306 1176 375 1240 quim
385 1179 497 1241 parentes.
509 1178 568 1241 Ergo
579 1177 649 1229 etium
659 1176 732 1242 magis
742 1177 811 1231 dehet
822 1178 875 1229 dili·

78 1262 129 1311 pere
143 1262 254 1311 uxorem,
267 1248 334 1313 quim
346 1252 460 1313 parentes.
593 1295 596 1298 .

108 1326 131 1369 d.
146 1322 274 1383 Promea,
286 1320 325 1371 uhi
339 1324 393 1371 aaut
406 1320 483 1384 plures
497 1321 598 1372 rationes
608 1321 748 1386 dilectionis,
763 1323 797 1373 iti
807 1324 875 1375 dehet

4 1430 11 1455 ,
78 1406 127 1443 esse
141 1392 217 1456 major
231 1392 330 1443 dileetio.
342 1393 386 1443 Sed
398 1393 424 1443 iu
438 1392 537 1445 amicitia
550 1408 602 1457 qua
616 1398 654 1444 est
665 1396 694 1445 ad
705 1408 811 1459 uremur,
825 1401 879 1446 suut

4 1498 5 1503 ι
78 1464 154 1528 plures
171 1464 272 1515 rationes
295 1464 438 1529 dilectionis3
454 1465 510 1515 dicit
528 1465 590 1517 euim
604 1466 756 1529 Philosophus
772 1466 799 1517 io
818 1467 876 1518 lllll.

78 1538 176 1601 Μία,
185 1536 247 1601 quod
256 1536 281 1587 iu
293 1538 337 1588 huo
350 1536 451 1587 amititia
461 1538 610 1587 videturesse
621 1538 690 1599 utile,
702 1542 727 1587 et
736 1537 877 1600 delectehila

78 1613 101 1660 et
115 1612 209 1674 propter
225 1609 348 1673 uirtutem,
366 1609 387 1659 si
406 1609 504 1661 virtuosi
521 1608 569 1659 siut
591 1610 709 1675 conjuges
728 1609 788 1672 Ergo
807 1609 880 1673 major

79 1680 145 1733 dehet
158 1694 210 1731 esse
223 1680 316 1733 dileetio
329 1682 358 1731 ad
371 1693 478 1743 uxorem,
491 1679 560 1743 quim
573 1680 602 1729 ad
615 1684 728 1744 parentes.

109 1753 156 1803 Sed
174 1756 252 1803 contra
270 1756 318 1817 est,
339 1753 400 1816 quod
417 1770 431 1800 (ι
446 1752 481 1802 vir
498 1751 566 1801 dehet
581 1751 676 1814 diligero
693 1764 787 1803 uxorem
799 1765 878 1817 suum,

79 1825 139 1880 siout
156 1837 250 1876 carnem
270 1837 346 1887 suam,
361 1840 376 1873 u
393 1827 419 1873 ut
437 1823 520 1875 dieitur
533 1824 562 1872 ad
575 1822 677 1886 Ephee„
691 1822 719 1872 ll.
734 1823 779 1875 Sed
797 1837 880 1888 corpus

79 1910 145 1947 suum
164 1895 242 1945 miuus
256 1895 323 1947 dohet
334 1897 403 1946 homo
415 1895 523 1959 diligere,
537 1893 605 1958 quim
618 1894 758 1959 proximum,
770 1898 797 1945 ut
811 1894 880 1960 suprt

80 1968 166 2019 dietum
179 1971 223 2025 est„
234 1968 295 2017 luter
305 1967 421 2031 pmrtmor
431 1966 595 2029 ¹erotem-magis
607 1966 716 2017 demutor
729 1970 835 2030 pareres
845 1968 880 2019 di·

80 2040 160 2105 ligere.
175 2040 236 2103 Ergo
252 2039 324 2103 magis
335 2039 444 2089 dehemus
458 2038 552 2101 diligero
562 2041 680 2102 parator,
693 2038 763 2101 qutu
774 2052 880 2093 uorem.

112 2112 274 2178 (Coresusro.
288 2136 319 2147 -
337 2112 476 2174 Quamquam
494 2124 551 2161 uxor
571 2108 683 2161 intensius
702 2109 817 2173 diligatur,
830 2114 881 2161 tarr·

81 2197 150 2247 quam
163 2183 236 2247 magis
250 2182 386 2247 conjuncta,
399 2183 473 2247 major
492 2186 570 2233 tamen
581 2185 617 2233 est
633 2195 663 2232 ex
675 2182 785 2233 charitate
798 2195 880 2245 pareu-

80 2255 143 2307 tihus
156 2254 284 2307 reverentia
294 2254 444 2318 exhibenda.)

113 2328 250 2392 despondeo
264 2326 398 2391 desudem,
410 2326 470 2391 oudd
482 2326 541 2379 sieut
553 2325 639 2377 dietum
653 2329 706 2388 est,
717 2326 801 2389 gradus
812 2326 882 2379 dilee-

121 2490 152 2553 (l)
165 2494 199 2539 De
218 2492 254 2537 his
267 2490 337 2539 otiam
351 2492 375 2537 irr
388 2492 424 2551 11,
439 2491 518 2542 stet..
531 2492 584 2537 dist.
607 2490 654 2553 29,
669 2499 712 2538 urt.
728 2492 759 2552 ⁷,
773 2492 802 2537 ad
819 2490 846 2546 3;
862 2498 886 2537 et

82 2566 124 2614 qu.
135 2556 164 2615 Ξ,
179 2554 207 2600 de
218 2555 308 2616 virtut,
321 2560 365 2599 art.
377 2552 401 2608 9,
417 2554 446 2600 ad
458 2554 497 2599 18.

119 2624 151 2687 (t)
168 2627 205 2673 sle
219 2626 280 2672 euim
294 2638 355 2672 vers.
371 2624 402 2670 33
416 2642 422 2669 r
442 2624 609 2685 dloueqotrpoe
623 2637 727 2672 umorem
740 2638 810 2671 ruam
823 2627 888 2672 stret

84 2687 317 2748 sermotiem,-
332 2690 393 2745 quud
409 2700 468 2735 roro.
487 2688 518 2733 28
535 2696 679 2746 expresserat
697 2690 748 2735 aliis
767 2690 846 2735 rerhls
858 2689 884 2733 in

83 2752 146 2799 huno
155 2754 266 2799 modum:
284 2752 339 2800 Viri
350 2752 433 2799 deteret
446 2750 552 2811 diltpere
566 2762 656 2799 remorer
670 2764 728 2799 soor
740 2757 770 2797 at
782 2762 887 2809 corpora

85 2826 146 2869 roo;
162 2814 244 2861 eodem
263 2828 333 2863 sensu
349 2827 376 2861 ae
390 2812 486 2862 interius
500 2815 571 2860 rolert
585 2818 608 2861 S.
623 2816 725 2861 Thomas
735 2848 741 2874 ‚
751 2820 848 2874 propter
861 2811 888 2862 ld,

4 2874 6 2885 '
87 2878 150 2937 quod
163 2879 277 2939 sequitur,
286 2891 347 2926 vers.
357 2876 405 2924 hdr
418 2878 491 2929 Nemo
503 2889 681 2928 contemtorem
691 2878 749 2927 odio
759 2876 837 2923 Meet.
880 2867 895 2878 ⁴

750 2972 794 3023 lt*
