1992 3317
119 66 166 115 att
234 74 345 115 mssa
359 74 489 127 mm,
502 74 593 121 oum.
609 74 695 125 arm,
709 74 764 112 aar.
779 75 805 111 n.

118 152 181 219 qaod
200 155 237 205 aaa
256 151 428 217 mariannam,
440 156 467 201 nt
486 150 556 215 suprl
571 150 673 201 habitum
689 151 780 215 estid).
796 150 922 201 Peccatum

120 228 197 275 autern
215 222 374 275 susurrationis
383 227 422 273 est
436 223 461 273 iu
476 223 614 287 proximum.
628 222 689 285 Ergo
702 226 822 285 peccatum
835 222 924 272 detrae-
968 284 969 287 Ἴ

117 294 187 346 tionis
200 300 237 347 est
247 294 339 359 marius
351 294 420 354 quam
433 298 554 359 peccatum
568 294 735 345 susurrationis.

149 368 198 419 scd
214 371 293 419 eonlm
306 371 357 429 en,
372 366 434 431 quod
444 366 528 417 dicitur
541 365 644 425 Baetes,
656 365 674 413 V
687 380 695 415 ι
708 382 723 413 r
735 366 859 417 henotatio
869 379 922 430 pee-

117 438 176 491 aima
188 452 258 503 super
274 437 416 503 hilinpuem3
429 436 567 489 susurratori
580 442 656 489 autem
666 436 742 488 odium
755 442 781 487 et
799 438 924 488 inimicitia

118 512 143 561 el
152 510 297 563 mummola.
311 527 327 559 a

150 582 348 648 (donauero-
360 580 450 641 Quanto
462 579 563 631 amicitie
575 581 641 631 larum
654 583 753 646 praelat,
769 580 835 631 tantd
846 594 925 632 susur-

118 654 193 717 ratio,
205 668 246 719 per
259 666 328 719 quam
338 652 438 705 micea
447 652 544 715 tollitur,
556 652 709 715 dehumioue,
721 663 764 716 per
778 664 852 716 quam
865 654 925 704 tama

119 724 223 788 luditur,
236 726 330 790 prasius
342 730 379 777 cst
393 722 533 790 peccatum.)

152 797 286 862 Respoudeo
299 797 431 861 dicendum,
445 796 508 860 quod
523 795 582 847 sicut
593 795 661 861 suprd
673 797 758 867 ᾁὶοιιιω
772 802 811 848 est
822 802 886 861 (art.
900 804 922 863 3,

121 870 148 917 nt
161 872 185 919 et
196 873 263 933 ω,
276 884 317 935 qu.
328 873 373 933 td,
385 872 427 919 art.
438 870 485 931 t),
500 870 651 933 peccatumin
665 869 794 933 pmximum
811 871 880 923 tantd
892 876 926 922 est
968 894 969 923 r

121 938 221 1005 grauiam,
229 940 314 1005 qunntd
322 940 443 1007 peripsum
453 941 527 1004 majus
533 945 694 992 nocumentum
701 941 807 1006 monimo
818 943 925 993 infertur.

121 1011 288 1063 documentum
301 1017 377 1065 autem
388 1012 451 1065 tauto
463 1013 539 1079 majus
549 1017 600 1075 est,
610 1011 694 1076 quanm
702 1014 777 1077 majus
789 1018 826 1065 est
840 1015 925 1065 bonum

121 1084 183 1149 quod
201 1084 294 1136 tollitur.
315 1086 376 1137 luter
393 1089 474 1137 enters
493 1086 548 1137 vero
570 1086 679 1137 exteriora
706 1082 767 1137 bona
790 1089 926 1151 praeeminet

121 1157 218 1223 meus,
232 1175 247 1206 u
257 1157 310 1209 cium
323 1158 373 1209 siue
381 1156 460 1209 amida
472 1158 549 1209 nullus
560 1157 638 1209 rivere
650 1158 732 1222 possit,
741 1174 756 1205 u
767 1161 795 1209 ut
804 1162 871 1223 patet
884 1173 923 1225 per

122 1228 289 1295 Philosophum
297 1230 379 1281 inlllll
386 1231 470 1281 Etdc'c.
479 1228 544 1281 Unde
553 1230 636 1281 dicitur
645 1230 749 1287 Euclea..
762 1231 809 1281 vt:
823 1233 924 1283 udmieo

123 1300 185 1352 ildeli
198 1301 260 1352 nulla
274 1305 311 1351 ast
323 1300 494 1365 manando.»
509 1301 577 1353 Fame
596 1305 671 1353 autem
685 1302 749 1367 ipsa,
762 1316 815 1366 quaa
828 1318 872 1367 per
885 1305 922 1354 de·

123 1372 255 1423 mononem
267 1372 397 1434 tollitur,ad
405 1374 450 1427 hoc
461 1372 560 1423 aramme
574 1373 702 1423 necessaria
711 1377 747 1425 est
759 1377 785 1423 ut
795 1375 867 1425 humo
878 1375 923 1425 ido

123 1456 183 1495 neus
203 1444 233 1497 ad
252 1443 376 1495 amicitiam
394 1446 512 1497 habeatur.
527 1446 555 1495 Et
573 1444 626 1495 ideo
646 1445 769 1497 susurratio
794 1450 832 1497 est
851 1448 922 1510 majus
968 1486 969 1491 ,

124 1520 242 1581 mustum
258 1514 327 1581 qulm
343 1516 467 1578 deductio,
486 1520 510 1567 ct
533 1516 602 1568 stiam
617 1515 686 1581 quam
702 1516 856 1579 conhrmelia,
871 1519 922 1581 quia

125 1588 213 1640 amicus
225 1592 262 1639 est
275 1589 356 1641 metior
367 1589 435 1654 quim
450 1590 537 1652 honor,
556 1593 580 1640 et
594 1588 665 1639 amari
678 1587 745 1651 quim
761 1589 885 1651 honmari,
899 1594 922 1639 ut

125 1659 151 1711 iu
166 1660 214 1711 eut
227 1659 312 1711 Elicio.
326 1660 478 1725 Philosophus
487 1659 551 1730 dicit.

158 1732 193 1783 nd
201 1731 299 1797 primum
312 1746 367 1797 erpo
375 1731 510 1795 mudum,
520 1730 581 1795 qadd
589 1731 677 1795 species
689 1736 713 1783 et
725 1732 829 1796 grauitas
840 1734 922 1797 peremi

127 1804 200 1869 magis
215 1804 337 1856 attenditur
350 1818 379 1856 en
397 1803 443 1855 due
456 1803 526 1867 quam
539 1816 568 1853 ex
585 1802 695 1853 materiali
716 1805 816 1866 dumeto.
832 1806 861 1855 sc
874 1805 921 1856 ideo

126 1876 214 1927 ratione
227 1876 279 1931 huis
288 1875 413 1929 susurratio
425 1874 569 1939 capacior,
582 1873 685 1938 quamvls
698 1874 812 1934 detractor
821 1878 920 1940 quaudo

126 1962 173 2013 quo
182 1950 262 2013 pejora
274 1949 343 2001 dicat.

160 2023 193 2073 nd
202 2023 329 2073 secuudum
335 2021 468 2083 mudum,
480 2019 541 2083 dudd
555 2019 616 2069 lama
631 2023 666 2070 est
676 2018 795 2083 dispositio
803 2021 833 2071 ad
844 2021 921 2071 amici·

127 2092 195 2156 tiam,
210 2097 234 2145 et
250 2094 349 2145 infamia
366 2094 395 2144 ad
409 2091 561 2142 inimicitiam.
575 2090 698 2155 Dispositio
715 2094 791 2141 sutem
810 2092 920 2144 delcitah

127 2177 156 2217 eo
168 2165 197 2215 ad
205 2166 267 2229 quod
275 2164 383 2230 dumne.
399 2165 428 2215 nt
442 2164 494 2215 ideo
509 2162 548 2215 ille
560 2162 599 2226 qui
612 2167 716 2227 operatur
729 2162 757 2213 ad
767 2162 856 2227 aliquid
866 2166 920 2229 quod

126 2240 162 2287 ast
174 2236 293 2301 dispositio
309 2237 339 2287 ed
353 2234 512 2296 inimicitiam,
526 2232 602 2285 minias
614 2237 693 2298 pumat
706 2233 774 2297 quim
788 2235 830 2287 ille
842 2238 881 2301 qui
892 2237 921 2287 di

126 2309 187 2361 recte
204 2313 310 2374 operatur
324 2309 353 2359 ad
366 2307 509 2359 inimicitiam
524 2307 684 2359 inducendam.

157 2381 191 2431 nd
203 2381 295 2431 tertium
306 2381 435 2441 dicendum,
445 2377 505 2443 quod
517 2378 554 2429 ille
564 2376 604 2441 qui
615 2377 714 2429 detrahit
723 2377 796 2442 fratri,
806 2379 831 2429 in
839 2384 920 2431 tantun

125 2451 214 2503 ddum
227 2454 346 2503 detrahere
360 2451 418 2515 legi,
429 2451 455 2501 in
471 2455 583 2514 quautam
597 2444 724 2501 contemnrl
741 2454 881 2515 preceptum
896 2454 920 2503 de

124 2522 244 2575 dilectione
257 2523 366 2588 proximi;
382 2526 460 2573 contra
478 2522 539 2585 qnod
558 2521 665 2573 directihs
684 2522 731 2585 agit
746 2522 786 2586 qui
801 2524 920 2574 amicitiam

124 2593 264 2658 disrumpere
277 2592 365 2644 nititur.
381 2592 445 2643 Unde
458 2593 502 2643 hoc
517 2596 635 2658 peccatum
645 2592 743 2645 maxime
758 2597 841 2645 contra
854 2596 919 2645 lteum

155 2722 495 2807 (timuissemus,
511 2744 917 2808 uuseucmmueuuurst,

123 2815 161 2858 ue·
178 2802 223 2865 ⁷³,
237 2806 399 2855 art.eccuc.
418 2808 444 2854 e.
515 2834 517 2846 .
871 2848 874 2864 ἱ
