1992 3317
311 168 314 174 ,
405 130 436 168 uu
451 128 521 170 aaut.
815 121 860 171 lat

66 208 125 260 sicul
139 209 163 257 ot
180 204 294 270 gaudium.
313 205 357 258 Sed
370 217 424 270 spes
437 206 500 257 addit
519 210 624 271 exparte
643 207 729 272 objecti
740 208 863 271 quamdam

63 279 183 344 specialem
193 277 319 338 rationem,
333 277 556 339 scilicetcrduum,
566 281 590 329 et
602 279 721 344 possibile
737 278 860 343 adipisci.

65 353 92 402 lli
105 349 156 400 idco
166 349 259 414 ponitur
269 347 373 413 specialis
388 347 470 400 virtus.
481 348 527 400 Sed
540 350 645 414 gaudium
657 365 687 402 ex
701 354 766 416 parte
779 349 864 413 objecti

65 419 148 472 nullum
170 419 292 484 specialem
308 419 419 471 rationem
434 419 495 470 addit
508 435 576 487 supra
594 434 707 486 amorem,
720 433 771 486 que
791 419 864 486 posuit

65 503 157 542 causare
176 490 297 554 specialem
311 490 428 543 virtutem.

98 563 130 614 ald
140 563 233 614 tertium
244 563 373 626 licendum,
382 561 442 626 quil
452 563 475 614 iu
482 567 572 628 tautum
582 564 648 615 datur
656 568 795 630 preceptum
805 564 863 628 legis

67 637 95 686 de
107 634 201 698 gaudio,
216 633 239 684 iu
253 638 362 698 quantum
377 638 411 688 est
427 640 490 688 actus
504 636 636 698 charitalis,
649 635 701 687 licet
713 649 759 689 acu
773 635 804 688 sit
815 635 867 702 pri·

69 718 120 759 mus
137 709 202 758 actus
217 706 276 772 ejus.

318 933 483 1006 eumalio
503 935 618 1001 XXIX.

211 1077 245 1126 De
255 1089 330 1136 pure,
345 1079 374 1123 tua
387 1080 495 1136 quotuor,
506 1078 624 1124 articulos
639 1079 731 1125 diuma.

103 1230 189 1280 Postea
202 1227 392 1280 considerandum
405 1232 441 1279 est
455 1228 483 1278 dc
501 1241 567 1292 pace.

105 1300 134 1358 lit
154 1298 216 1350 circa
231 1299 275 1350 hoc
287 1301 420 1362 quaeruntur
434 1303 546 1363 quatuor:
562 1304 588 1350 1⁰
599 1299 683 1352 Urmia*
700 1314 745 1365 pax
764 1301 796 1352 cit
812 1302 872 1353 idam

74 1370 134 1434 quod
154 1369 281 1420 concordia.
294 1373 320 1418 2⁰
339 1370 419 1420 Uirium
432 1371 508 1422 amaia
521 1375 631 1436 appetant
646 1385 737 1436 pacem.
753 1377 780 1422 30
793 1372 873 1424 Uirium

74 1454 119 1510 pax
134 1441 165 1494 uit
178 1439 410 1494 ellectusclauritatis.
422 1445 448 1492 tu
462 1441 541 1494 Utrum
550 1455 602 1507 pax
615 1443 646 1493 sit
659 1443 737 1494 uatus.

381 1603 544 1654 lacteolus
555 1604 573 1654 1.

234 1718 319 1764 Uirium
332 1731 380 1776 poc
388 1719 420 1764 ait
434 1719 496 1770 idem
512 1700 575 1778 quod
588 1717 723 1764 cuncordia

104 1839 144 1889 'Ad
158 1835 255 1902 primum
271 1835 305 1886 sic
320 1833 448 1900 proceditur
461 1833 505 1900 (l).
519 1834 614 1886 Videtur
629 1835 690 1900 quod
707 1849 753 1900 pax
772 1836 801 1887 sit
817 1837 878 1890 idem

79 1909 140 1975 quod
163 1907 291 1960 concordia.
308 1906 367 1958 llicit
384 1907 446 1958 euim
468 1907 606 1970 Augustinus
620 1906 690 1971 xlx,
712 1909 746 1958 De
766 1908 879 1960 Ciuitate

79 1981 130 2032 Dei
142 1979 151 2044 (
161 1993 211 2045 cap
224 1981 289 2040 2³1:
303 1995 317 2028 u
330 1981 376 2028 Pax
385 1977 502 2029 homiuum
511 1981 547 2028 est
556 1977 658 2028 ordinata
671 1978 822 2032 concordia.»
834 1981 877 2036 sed

81 2067 128 2104 nou
143 2051 257 2116 loquimur
266 2065 327 2101 nuuc
341 2050 386 2102 nisi
400 2052 428 2102 dc
438 2063 493 2115 pace
504 2049 631 2107 homiuum.
640 2051 700 2114 Ergo
713 2063 759 2114 pax
769 2053 805 2102 esi
817 2051 878 2104 idem

81 2123 142 2188 quod
161 2121 287 2172 concordia.

115 2199 138 2244 2.
152 2193 279 2258 preterea,
293 2193 413 2244 cuncordia
427 2196 462 2244 cst
480 2194 583 2258 quaedam
598 2193 652 2243 uuio
668 2193 818 2244 uoluptatum.
836 2193 881 2246 Sed

78 2267 142 2319 ratio
157 2265 220 2329 pacis
235 2265 260 2314 iu
274 2265 313 2314 tali
328 2265 413 2316 uuioue
428 2265 546 2329 consistit3
562 2265 617 2315 dicit
631 2265 691 2315 euim
704 2264 824 2330 illouysius
836 2265 880 2327 Xl,

82 2352 135 2404 cap.
153 2336 187 2386 De
200 2335 254 2386 diu.
267 2337 351 2397 Nom„
369 2335 428 2398 quod
440 2353 454 2384 u
463 2349 509 2399 pax
518 2338 553 2386 est
566 2335 667 2387 omnium
681 2335 781 2402 unitiva,
792 2340 816 2388 et
829 2349 883 2388 ccu-

81 2421 170 2462 seusus
184 2407 308 2473 operativa.
322 2409 404 2472 »Ergo
414 2421 458 2474 pax
469 2411 505 2459 est
514 2408 573 2459 idem
584 2409 643 2472 quod
653 2407 781 2459 concordia.

118 2487 142 2532 3.
157 2483 284 2542 Praeterea,
305 2491 400 2544 quorum
423 2484 458 2530 est
480 2479 541 2531 idem
562 2479 704 2544 oppositum,
721 2483 745 2531 et
762 2479 812 2543 ipsa
832 2483 886 2530 suut

82 2551 147 2606 idem
156 2552 202 2618 (2).
213 2551 256 2603 Sed
269 2550 331 2618 idem
341 2551 462 2616 opponitur
476 2551 603 2602 concordia
620 2555 643 2602 et
656 2546 723 2616 paci,
741 2550 827 2601 scilicet
840 2549 886 2602 ctis·

121 2664 153 2728 (l)
168 2669 202 2714 lle
219 2667 255 2714 liis
272 2667 343 2713 etlam
360 2665 443 2724 lum,
465 2665 611 2716 smmum
630 2663 884 2725 2'1‚qu.fl,urt.t,

87 2729 122 2780 aa
132 2729 162 2784 ὃς
177 2735 201 2776 et
213 2731 238 2780 iu
255 2731 286 2776 11.
300 2728 332 2777 od
349 2729 464 2780 lucror„
474 2730 522 2788 111,
536 2729 591 2776 loct.
604 2729 628 2774 ἢ.

123 2799 155 2864 (2)
169 2805 238 2850 Juxta
251 2801 353 2860 topicuru
365 2802 455 2848 axioma
468 2801 532 2858 quod
540 2813 571 2846 ex
581 2800 643 2848 libro
655 2802 680 2846 ΙΙ
688 2800 763 2848 Booffi
773 2797 888 2859 vortipo-

88 2867 180 2918 remeo
194 2863 283 2930 lupicis
297 2863 406 2924 implicita
425 2863 502 2926 colligi
515 2867 602 2927 pateat.
