1992 3317
146 149 179 197 ur
286 152 507 205 irruiturum,
524 152 618 203 eursu.
633 152 687 207 us,
704 153 761 194 run
778 153 812 193 rr.

150 236 275 287 iurinreous
292 236 414 287 insonante
431 238 470 287 eut
488 234 632 297 medonte,
647 234 710 284 Deus
725 232 750 283 in
762 232 803 283 illo
815 230 958 283 inmersus

151 306 240 359 occulto
261 306 408 371 inspiratione
427 310 533 371 operetur
546 310 570 357 et
580 305 640 355 reite
650 344 657 366 ,
669 308 696 354 ut
708 303 848 367 Augustinus
858 304 916 354 dicit
931 307 958 355 iu

151 378 209 428 libro
226 380 262 427 De
280 381 390 443 corrept.
404 382 428 427 et
440 383 509 443 prot.
526 377 578 441 (lib.
591 378 624 437 o).
641 376 694 427 ideo
707 388 761 439 ergo
772 375 903 431 nuessuiu
919 384 961 427 est

151 449 272 515 correptio,
286 450 340 514 quia
349 450 454 503 veturus
465 448 564 501 hominu
574 447 696 513 requiritur
709 449 737 498 ud
747 448 792 497 hur
801 448 862 511 quod
875 446 961 512 tuper-

152 525 202 573 cato
216 522 343 587 abstineot3
361 522 401 571 sed
413 530 489 574 umen
499 520 611 585 correptio
624 533 671 571 non
684 518 961 584 ostenderuntque

152 592 245 645 auxilio.
262 592 325 644 Unde
341 592 427 657 Eroti,
444 594 498 643 vti:
512 593 657 646 «considero
670 605 739 656 operer
752 592 801 654 Dei,
810 592 871 655 quod
885 604 960 643 nemo

152 664 224 727 possit
237 665 347 727 congere
360 678 428 727 quem
442 664 480 715 ilie
496 665 659 729 despexerit.»

184 736 219 797 Ad
233 736 324 793 tertium
339 737 472 798 dicendum,
483 738 557 803 qoud,
572 737 631 787 sieut
644 738 785 801 Augustinus
797 736 853 788 dieit
867 736 963 803 111113]-
981 769 983 772 -

154 811 268 875 pugnort.
280 808 329 873 (t),
344 809 439 861 verbum
453 810 510 861 iliud
531 809 665 873 intelligitur
678 810 706 859 de
721 809 813 859 homine
831 810 963 860 seeundum

155 885 240 934 statum
253 886 340 941 natue
354 883 463 947 integre,
476 884 567 948 quondo
579 883 680 934 nudum
694 886 742 933 erut
759 895 840 933 servus
855 884 961 948 precati,

155 954 214 1005 uude
228 957 317 1018 poteret
336 967 430 1019 pererro
452 958 476 1007 et
488 967 536 1007 neu
547 966 653 1019 prorue
670 953 736 1004 Nouo
748 954 819 1005 etiem
831 954 963 1018 quodsum-

155 1038 200 1091 que
212 1026 262 1077 volt
274 1027 358 1085 homo,
373 1027 438 1079 detor
451 1026 487 1091 ei3
502 1026 544 1078 sed
562 1026 607 1077 hoo
621 1026 682 1090 quod
701 1025 787 1078 bonum
801 1025 872 1089 retr,
887 1026 963 1077 habu

155 1109 184 1149 ex
203 1096 287 1157 ururiiio
301 1098 385 1163 guture.

456 1216 613 1271 donemus
626 1216 665 1269 IX.

161 1332 249 1381 lltrrtm
267 1334 310 1381 trra
326 1334 433 1393 qutjurrr
448 1337 587 1381 commeo
605 1338 640 1380 ert
657 1334 775 1392 qratiam,
789 1345 836 1393 per
855 1334 964 1393 reipsum

182 1400 362 1521 Ξίἑείιέῧορεναή
380 1400 469 1444 donum
481 1402 505 1444 et
517 1400 597 1446 virere
612 1404 749 1457 prorutum,
767 1400 854 1458 abique
868 1404 969 1449 auxilio

190 1576 223 1627 dd
244 1588 329 1627 nonum
347 1572 380 1627 sio
399 1573 528 1641 proceditur
543 1576 585 1643 (t).
607 1574 702 1628 Videtur
720 1574 790 1641 quod,
802 1574 839 1625 ille
855 1573 897 1638 qui
914 1575 969 1640 janu

159 1648 294 1705 uouseeutus
308 1652 342 1699 est
356 1649 467 1713 gratiam,
481 1649 638 1716 perseipsum
649 1648 723 1712 possit
741 1645 830 1716 operari
841 1646 931 1697 bouum
945 1653 968 1697 et

159 1720 232 1770 vitare
253 1726 384 1785 peecatum,
405 1718 552 1786 obsque'alio
572 1720 656 1772 nordio
675 1720 760 1785 gratio
782 1720 968 1786 Unumquodque

159 1790 218 1841 enim
233 1796 272 1842 out
285 1792 368 1845 frustra
382 1797 416 1847 est
428 1798 467 1845 aot
478 1793 653 1859 imperfectum,
669 1792 690 1843 si
702 1806 749 1844 uon
763 1792 844 1857 impiet
861 1791 920 1843 iliud
939 1796 968 1845 ad

160 1866 218 1929 quod
231 1864 304 1915 dator.
319 1866 363 1917 Sed
374 1866 444 1931 gratia
457 1866 486 1917 ad
499 1868 543 1916 hoo
559 1865 624 1915 dator
632 1864 712 1933 notris,
721 1864 869 1931 utpossiurps
877 1864 968 1917 bonum

160 1934 233 1986 fucere
244 1943 268 1987 et
278 1935 349 1988 vitare
363 1942 490 2003 peccaturo.
504 1937 529 1986 Si
543 1936 614 2002 igitur
626 1950 666 2003 per
677 1936 770 2001 gratiam
781 1938 826 1989 iroe
838 1938 909 1989 homo
919 1952 968 1989 non

160 2011 249 2072 potest,
267 2009 357 2061 uidetur
374 2010 434 2075 quod
449 2010 486 2059 uel
504 2008 575 2074 gretia
591 2008 621 2059 sit
635 2009 719 2059 trustra
732 2009 798 2073 deu,
817 2008 854 2059 rel
867 2009 900 2061 sit
918 2012 968 2061 iru-

160 2078 269 2141 perferto.

193 2154 216 2201 2.
237 2151 363 2215 Praeterea,
384 2166 426 2218 per
445 2152 540 2220 gratiam
559 2150 610 2222 ipse
627 2152 725 2218 Spiritus
746 2155 838 2203 sauctus
852 2152 878 2203 io
895 2155 969 2205 nobis

162 2222 262 2286 habitet,
278 2220 402 2275 seeundum
414 2224 498 2275 illudi.
512 2224 548 2275 ud
562 2224 634 2284 Cor„
648 2225 668 2277 11
682 2240 713 2273 :u
727 2223 826 2275 Nescitis
838 2224 892 2289 quie
903 2231 968 2277 teur-

163 2294 225 2360 plum
236 2298 280 2348 Dei
294 2296 358 2360 estis,
369 2300 392 2345 et
401 2294 501 2359 Spiritus
514 2296 560 2347 Dei
567 2296 654 2347 dubitat
664 2296 689 2346 in
700 2295 774 2347 vobis.
784 2313 798 2344 »
809 2296 854 2347 Sed
865 2298 970 2361 spiritus

163 2372 254 2425 sarrutus
264 2407 270 2430 ,
282 2381 333 2419 euro
347 2368 377 2417 sit
388 2367 549 2432 omnipotens,
564 2369 681 2420 sufficiens
692 2374 728 2422 est
740 2367 925 2421 utuosiodueut
943 2373 971 2422 ad

162 2438 221 2490 bene
235 2440 388 2505 operandum,
404 2444 426 2491 et
441 2443 465 2491 ut
483 2454 526 2493 nos
541 2440 555 2492 e
568 2445 663 2505 peceato
681 2440 802 2491 costudiut.
816 2440 877 2503 Ergo
898 2442 971 2493 homo

164 2511 258 2631 grotiilrm
272 2514 406 2631 oortrseoutus
418 2515 493 2585 potest
506 2516 625 2577 utromque
635 2512 810 2578 predictorum,
821 2512 907 2577 amque
923 2515 972 2566 aiio

165 2595 349 2645 mmmm

199 2698 229 2762 (1)
245 2703 365 2749 Putetitius
380 2703 448 2765 oiim,
464 2705 505 2753 sed
523 2718 570 2751 uon
586 2718 668 2764 uerus,
682 2706 737 2764 quie
751 2707 775 2752 iu
789 2706 890 2754 indiculo
904 2708 971 2755 Pos-

165 2764 218 2813 dour
233 2764 272 2820 qui
291 2769 406 2813 recensuit
425 2771 475 2827 ejus
491 2765 577 2825 libros,
593 2776 633 2816 out
649 2770 709 2826 opud
727 2770 813 2817 Bedum
826 2770 865 2830 qui
885 2776 910 2817 et
924 2784 968 2819 eos

166 2826 351 2885 trequentiseirut
363 2832 433 2891 oitot,
448 2831 505 2878 uuili
517 2834 577 2878 ures
590 2833 712 2879 habentur.

199 2895 230 2963 18]
245 2900 280 2967 ite
288 2900 323 2951 hir
334 2903 405 2953 utitur
414 2916 483 2963 super
496 2903 587 2951 Pontou
596 2906 664 2968 xiii,
676 2906 722 2953 eol.
731 2904 755 2952 8.
