1992 3317
392 195 424 234 ou
438 195 544 236 rourum.
814 181 868 232 stat

60 271 152 324 dicitur
165 269 225 322 enim
243 272 327 330 Pron,
342 271 413 322 XXtX
431 287 439 320 ι
456 289 469 319 a
480 271 537 322 edm
551 270 618 336 impii
633 271 772 334 nupserint
783 271 869 334 prind-

56 347 160 406 patum,
175 345 251 406 gemet
267 342 373 405 popolus.
389 358 403 390 n
421 343 479 406 Ergo
500 342 586 392 invidia
600 355 647 392 nou
658 345 696 393 est
714 355 804 406 semper
815 355 869 406 pec-

64 417 154 464 catum.

98 488 122 532 3.
138 485 265 546 Praeterea,
278 483 365 534 inuidia
382 484 456 534 zelum
474 485 594 547 quemdam
613 483 724 534 nominet.
742 484 789 549 Sed
804 485 868 535 zelus

64 555 158 620 quidam
175 559 211 605 ast
227 556 316 615 bouus,
329 555 453 607 secundini
467 557 523 606 iilud
539 556 632 606 esaim.
647 555 735 606 uXvui
752 572 759 604 ε
776 557 869 608 ateius

65 625 150 677 domnis
168 630 214 677 tue
227 626 325 676 comedit
341 639 386 676 ua.
402 627 487 690 »Ergo
502 626 592 677 inuidia
605 641 651 677 nou
667 639 756 691 seraper
769 632 805 678 est
815 641 868 692 pee-

67 699 155 746 catum.
430 721 433 726 ·

102 773 127 820 ι.
141 772 268 832 Protomae,
281 783 348 834 poeua
363 771 472 820 dividitur
482 774 562 821 contra
571 771 671 834 cuipam,
683 771 726 822 Sed
735 771 822 823 invidio
832 776 868 823 est

67 841 174 903 quaedam
187 853 270 903 poena;
285 840 340 890 dicit
352 841 413 892 euim
427 842 562 905 Gregorius,
575 843 594 891 V
608 841 697 893 itcrat.
708 843 718 906 (
725 847 751 892 ut
761 844 846 908 sopri)
859 860 865 894 :

69 911 151 962 «Com
165 911 332 962 devictummor
350 913 429 962 livoris
445 915 543 976 putredo
564 912 702 976 corruperit,
715 912 765 976 ipsa
778 927 868 978 quoque

67 982 183 1034 exteriora
205 981 307 1034 indicent
325 983 392 1046 qudrn
413 984 511 1048 graviter
531 984 633 1036 animum
652 985 743 1034 vesania
764 985 867 1049 instiget.

68 1053 138 1104 Color
147 1053 232 1116 quippe
245 1054 330 1116 patiore
341 1055 449 1115 aridior,
459 1056 519 1105 ocuti
533 1056 696 1119 deprimantur,
711 1069 776 1106 mens
787 1069 869 1107 amen·

68 1125 141 1186 ditur,
154 1125 255 1175 membra
264 1125 401 1188 frigescunt,
415 1127 440 1175 iit
455 1125 479 1177 iu
489 1125 628 1189 cogitatione
636 1127 719 1188 rabios,
732 1128 756 1176 in
764 1128 870 1178 dentibus

69 1196 165 1246 stridor.
175 1212 190 1244 n
205 1197 264 1258 Ergo
275 1196 360 1246 invidia
374 1209 420 1246 uon
429 1200 464 1247 est
474 1203 604 1260 peccatum.
896 1215 903 1227 ·

101 1267 146 1317 Sed
161 1271 239 1318 cantra
248 1271 293 1329 est,
302 1269 362 1330 qnod
374 1267 498 1318 dicitnrod
510 1270 606 1328 dotat„
617 1271 636 1316 V
646 1287 653 1320 ι
662 1288 676 1319 a
684 1271 735 1321 Nou
745 1269 871 1322 efficiamur
907 1281 911 1288 ’

66 1337 146 1390 innuis
156 1338 233 1400 glorio
240 1339 324 1402 cupidi,
334 1339 432 1390 ioricam
440 1342 702 1405 prouocantes,inricom
709 1343 868 1394 invidentes.»

102 1409 111 1474 (
123 1410 269 1460 Concuusro.
280 1437 311 1448 -
322 1409 418 1460 Tristari
430 1411 490 1474 qudi
507 1413 623 1475 mouimus
636 1414 661 1463 in
676 1413 819 1476 aliquobouo
830 1427 870 1464 er·

68 1483 153 1540 collat,
168 1480 297 1532 estdirecid
311 1487 387 1532 contra
406 1482 504 1546 proximi
517 1483 677 1547 dilectionem
690 1485 750 1536 uodo
767 1485 871 1549 sequitur

67 1553 191 1615 iuvidiam,
207 1565 258 1618 que
275 1554 387 1617 ejusmodi
399 1553 492 1604 tristitia
505 1557 548 1616 eet,
559 1568 710 1619 temperasse
719 1561 845 1620 peccatum
858 1557 867 1619 )

101 1623 239 1686 Respondeo
248 1624 378 1684 dicendum,
386 1626 448 1689 qudd
458 1626 518 1675 sicud
527 1625 612 1676 dictum
621 1631 666 1688 ost,
675 1627 764 1678 inuidia
776 1627 870 1677 esttris-

70 1695 123 1746 titia
142 1695 248 1757 quedam
261 1695 289 1745 do
301 1695 381 1745 alienis
397 1696 470 1746 honis.
492 1697 536 1748 Sed
549 1697 598 1746 huc
615 1697 796 1761 tristitiapotest
814 1710 870 1747 con-

68 1767 161 1828 tingere
178 1770 275 1828 quatuor
288 1767 370 1818 modia.
384 1769 433 1818 Uno
447 1767 540 1830 quidem
556 1768 637 1830 modo,
651 1767 704 1817 edm
716 1768 799 1830 aliquis
810 1769 871 1818 dotet

69 1840 100 1888 de
113 1837 174 1886 bono
189 1837 286 1900 aiicujus
299 1837 441 1900 inquantum
452 1851 481 1888 ex
492 1851 520 1889 eo
535 1838 628 1889 timetur
643 1843 818 1898 nocumentum,
834 1840 871 1888 rel

69 1907 117 1962 sibi
132 1906 190 1970 ipsi,
204 1909 241 1958 rei
258 1909 327 1958 otiam
341 1908 393 1958 aiiis
402 1908 479 1970 henim
496 1913 520 1959 et
536 1910 589 1959 tatis
598 1909 691 1960 tristitie
705 1923 751 1960 non
764 1913 800 1960 est
813 1910 873 1958 iuvi·

69 1980 124 2042 dia,
143 1981 169 2027 ut
185 1979 329 2040 dictumest,
344 1985 368 2030 et
380 1984 516 2042 potestesse
529 1981 579 2031 sine
592 1985 695 2044 peccato.
710 1981 772 2031 Unde
786 1981 872 2042 Grego-

68 2051 135 2111 rius‚
150 2050 212 2100 XXII
228 2050 330 2106 Merui„
346 2051 495 2115 correano)
509 2068 515 2101 :
528 2070 542 2100 a
552 2053 651 2103 Ereuire
663 2053 796 2116 pierumque
812 2053 871 2103 solet

70 2126 114 2183 ui,
132 2133 178 2172 nou
199 2121 283 2172 amissd
295 2122 419 2182 charitate,
438 2126 462 2174 et
478 2123 566 2174 inimici
579 2137 621 2174 uos
639 2124 706 2174 ruina
723 2119 833 2185 latitet,
847 2127 873 2173 et

70 2207 162 2244 rursum
173 2197 223 2256 ejus
233 2193 304 2256 gioria
316 2193 364 2244 siue
376 2194 468 2244 invidio
479 2195 545 2258 culpa
554 2195 672 2246 contristet
680 2213 688 2258 3
697 2194 750 2245 cium
759 2200 783 2245 et
791 2197 872 2245 ruente

69 2277 115 2324 oo,
127 2265 236 2327 quosdam
250 2263 308 2314 boue
321 2263 378 2326 eripi
390 2263 517 2325 oredimus,
531 2269 555 2316 et
570 2266 702 2328 proiicieute
716 2267 773 2326 iiio,
786 2266 872 2330 pieros-

70 2349 118 2399 que
133 2333 219 2398 iniuste
233 2335 330 2400 opprimi
351 2334 505 2387 formidamus.
521 2354 536 2384 n
548 2338 597 2388 tilio
617 2339 684 2388 roodo
701 2341 776 2403 potest
792 2336 873 2400 aliquis

72 2407 198 2458 trieteride
214 2408 273 2458 bono
294 2407 400 2467 alterius,
412 2419 458 2457 ooo
471 2421 539 2459 err-eo
557 2409 617 2472 quod
634 2411 685 2473 ipso
696 2411 766 2459 hauet
779 2409 872 2471 bouum,

72 2480 113 2530 sed
128 2492 159 2528 ex
175 2491 202 2530 eo
213 2478 272 2543 qudd
287 2478 352 2528 uobis
366 2479 431 2528 deest
444 2478 529 2528 bonum
543 2480 598 2530 iliud
611 2482 671 2544 quod
687 2481 739 2544 ipse
753 2481 836 2541 habet3
850 2483 874 2530 et

72 2552 118 2601 hoc
135 2549 226 2614 proprie
250 2554 285 2600 est
307 2550 382 2608 zelus,
404 2552 432 2598 ut
453 2550 605 2614 Philosophus
618 2552 673 2605 dicit
690 2552 715 2603 io
732 2551 754 2600 ll
773 2550 872 2600 Rdeior.

75 2623 138 2686 (cap.
152 2622 202 2686 ii).
211 2623 241 2671 Et
250 2621 320 2672 siiste
334 2621 395 2670 zelus
405 2620 434 2670 sit
443 2621 501 2670 circe
512 2623 571 2672 bona
580 2625 685 2684 honesta,
699 2619 819 2672 laudabitis
828 2627 874 2682 est,

73 2691 200 2744 seeuodirm
214 2693 270 2742 iilud
284 2695 293 2742 l
305 2691 340 2742 cd
352 2699 418 2750 dor.J
435 2693 485 2740 Xiv
499 2709 505 2742 ι
523 2693 693 2744 uAEmulamioi
704 2692 843 2758 spiritualim
859 2709 873 2738 o

75 2764 95 2814 si
115 2767 192 2814 summ
206 2764 238 2814 sit
253 2766 281 2815 de
294 2764 361 2814 bouis
374 2763 550 2828 temporalibus,
566 2769 702 2828 potestesse
716 2777 768 2813 cum
782 2765 875 2825 peccato

75 2839 99 2886 et
113 2837 164 2886 siue
178 2839 281 2900 peccato.
291 2837 367 2886 Tertio
377 2835 442 2885 modo
452 2835 535 2898 aliquis
547 2835 649 2887 tristatur
659 2838 688 2887 de
700 2837 759 2886 bono
772 2833 875 2897 alterius,

75 2907 101 2958 iu
118 2911 229 2976 quonium
242 2907 281 2961 illc
291 2907 328 2962 cui
340 2907 422 2960 accidit
432 2907 531 2971 bouum,
546 2912 582 2960 cst
595 2922 623 2961 eo
633 2909 748 2974 indiguus.
760 2907 815 2966 Quo
826 2903 877 2968 qui·
