1992 3317
121 89 166 142 too
246 102 354 142 erenum
370 101 493 150 ιιοιιιιιιιι,
506 99 598 145 onnon.
616 99 667 150 ιιι,
681 99 737 136 ιιι.
754 99 788 135 ιιι.

123 181 232 243 origin„
247 179 286 229 ιιιι.
302 181 331 241 ll,
350 191 399 240 cap.
417 181 446 226 ιι
456 176 475 239 ),
487 193 501 224 u
515 175 632 238 negligens
646 174 729 224 dicitnr
744 173 812 238 quasi
821 187 863 224 neo
877 171 915 223 eli·

122 263 209 314 gens.»
226 248 309 299 Electio
319 252 395 297 antem
405 251 466 297 reeta
479 260 557 296 eorum
572 249 685 310 qnaesurnt
696 247 816 310 adfinem,
828 246 854 294 ad
865 259 914 310 pru-

123 322 222 372 dentiam
233 320 340 384 pertinet.
355 320 418 369 Unde
431 318 571 382 negligentia
584 317 682 380 pertinet
695 318 722 367 ad
736 317 916 382 imprudentiam.

155 395 187 444 dd
199 393 295 456 primum
305 403 358 454 ergo
367 390 497 452 dicendum,
509 390 567 454 quod
582 389 720 453 negligentia
732 387 836 443 considit
850 389 919 450 injuc-

121 465 184 514 fectu
197 461 309 511 interioris
324 465 402 522 actus,
417 462 444 511 ad
454 475 523 524 quem
535 461 636 525 pertinet
645 461 713 509 eliani
724 460 815 510 electio.
831 459 920 522 Pigritia

124 538 200 587 ιιιιιιιι
207 535 231 582 et
239 537 315 595 torpor
321 531 394 595 magis
401 532 516 596 pertinent
525 533 553 582 ad
561 531 728 592 executionem,
738 530 772 580 ita
780 535 857 582 emen
864 531 921 594 guod

123 604 216 669 pigritia
237 604 344 668 importat
360 604 488 657 tarditatem
506 605 533 654 ad
551 603 725 668 exequendum,
741 607 821 668 torpor
843 603 921 654 muris-

125 675 213 726 sionem
224 676 343 739 quamdam
356 675 464 740 importat
475 675 500 725 in
512 675 563 738 ipsa
574 675 718 725 executione.
734 675 763 724 Et
777 675 830 726 ideo
844 689 922 726 conre-

127 746 215 797 nienter
230 751 307 810 torpor
326 760 355 797 ex
376 747 454 797 acedia
468 747 579 809 nascitur,
593 746 645 810 quia
662 745 739 796 acedia
756 751 794 796 est
809 764 823 796 u
836 746 923 797 tristitia

127 831 264 881 aggravans,
273 834 287 865 ιι
301 818 323 868 id
334 821 369 867 est
380 818 507 882 impediens
518 817 618 866 animum
630 817 658 867 ab
669 819 793 881 operando.

161 890 194 938 dd
208 890 331 940 secundnm
343 889 477 952 dicendum,
491 888 556 952 quod
568 889 661 940 omissio
674 889 772 952 pertinet
781 891 812 940 ad
829 890 922 940 exterio

129 973 178 1010 rem
193 965 284 1026 actum;
297 966 332 1011 est
349 959 409 1012 enim
432 960 524 1010 omissio
541 961 631 1025 quando
645 961 828 1026 pretermittitur
848 961 922 1024 aliquis

131 1034 194 1081 actm
206 1032 304 1082 debitus.
316 1033 345 1081 Et
356 1031 407 1082 ideo
418 1031 540 1095 opponitur
551 1031 658 1094 J'ustitie,
670 1035 693 1080 et
706 1035 744 1080 est
752 1031 851 1082 effectus
860 1031 924 1094 negli-

130 1103 230 1166 gentio,
245 1103 303 1153 siout
316 1102 384 1152 etiam
400 1102 505 1154 executio
517 1101 574 1165 justi
587 1101 661 1166 operis
675 1105 710 1152 est
724 1102 823 1154 edoctus
836 1103 924 1154 rationis

131 1177 207 1223 recte.

164 1245 197 1293 ad
218 1243 306 1294 tertium
329 1243 464 1308 dicendum,
482 1243 544 1309 qrrdd
559 1244 694 1308 negligentia
713 1247 752 1295 est
771 1245 833 1294 circa
857 1249 924 1296 actnn

132 1312 294 1376 precipiendi,
305 1317 333 1365 ad
348 1328 415 1378 gueni
429 1315 498 1365 etiam
512 1315 757 1380 pertinotsollicitudo.
773 1316 845 1366 Aliter
855 1319 923 1365 tamen

133 1383 191 1432 circa
199 1388 276 1433 actum
290 1387 351 1436 huno
363 1385 437 1435 delicit
453 1387 581 1449 negligens,
590 1391 614 1436 et
624 1385 688 1436 aliter
700 1386 848 1446 inconstans3
856 1387 926 1436 incon·

133 1457 196 1504 stans
208 1455 269 1505 enim
282 1456 357 1509 delicit
373 1455 397 1504 in
413 1456 564 1520 precipiendo
583 1456 646 1521 qnasi
662 1456 777 1520 abaliquo
791 1457 924 1521 impeditus,

134 1524 251 1589 negligens
268 1529 342 1577 autem
356 1541 397 1590 per
409 1527 524 1577 delectum
537 1531 645 1592 prompte
655 1527 789 1578 voluntatis.

167 1599 200 1647 dd
210 1601 312 1661 ιιιιιιιιιιιιι
326 1597 461 1660 dicendum,
474 1598 534 1662 quod
547 1599 615 1648 timor
627 1598 669 1648 Dei
680 1601 787 1661 operatur
800 1599 830 1648 ad
844 1598 926 1648 vitatio

135 1681 188 1719 nem
199 1669 321 1732 cujuslibet
332 1668 428 1733 peceati,
440 1667 503 1733 quia,
515 1673 541 1718 ut
554 1667 637 1720 dicitnr
651 1669 780 1725 proverb..
800 1671 854 1732 xv,
872 1681 927 1732 uper

137 1738 240 1790 timorem
251 1740 338 1790 llomini
352 1738 450 1788 declinat
462 1739 537 1789 omnis
553 1739 566 1790 a
582 1740 650 1790 malo.
663 1756 677 1787 ιι
688 1739 717 1789 Et
727 1740 779 1790 ideo
795 1741 866 1791 timor
879 1739 928 1788 facit

136 1810 296 1873 negligentiam
314 1811 399 1872 uitare,
415 1823 462 1860 non
478 1813 556 1862 tamen
568 1810 600 1860 ita
618 1809 676 1874 quod
697 1809 784 1861 directe
797 1810 929 1874 negligentia

137 1880 214 1930 timori
230 1885 368 1944 opponatur,
383 1882 422 1930 sed
438 1879 463 1930 in
476 1885 584 1943 qnantum
597 1881 666 1931 timor
679 1880 764 1930 excitat
778 1882 895 1931 hominem
907 1879 928 1928 ad

139 1954 203 2001 aetus
218 1952 320 2002 rationis.
335 1952 399 2002 Unde
415 1952 485 2002 etiam
496 1953 565 2016 supra
576 1953 676 2003 habitunt
695 1955 732 2002 est
743 1954 784 2017 (t,
803 1957 828 2017 2,
842 1967 883 2016 qu.
897 1955 928 2005 tl.

140 2025 207 2142 uallata
215 2021 234 2085 ),
249 2021 301 2071 edm
314 2024 342 2074 de
354 2023 497 2088 passionibus
510 2028 622 2089 ageretur,
637 2023 725 2090 quod«
733 2023 803 2076 timor
816 2024 871 2074 iacit
881 2037 929 2074 oon·

140 2104 159 2141 si
201 2105 289 2143 aros.»

430 2203 587 2256 numanatis
602 2205 640 2256 lli.

225 2329 312 2374 (Itium
325 2331 471 2388 negligentia
477 2333 551 2388 possit
559 2344 608 2376 ease
616 2331 735 2388 peecatum
745 2327 856 2375 mortale.

174 2456 207 2506 nd
226 2457 318 2508 tertium
337 2458 372 2509 sie
390 2457 528 2520 proceditur.
540 2456 635 2508 Videtur
650 2455 711 2520 qudd
731 2456 869 2520 negligentia
890 2463 929 2504 nou

143 2529 216 2592 possit
232 2542 283 2580 esse
304 2533 422 2594 peccatum
443 2530 548 2580 mortale.
572 2529 630 2588 Quia
647 2540 715 2592 super
734 2527 790 2576 illud
808 2527 868 2583 tob,
885 2527 928 2575 lll:

145 2617 160 2647 u
173 2601 272 2651 Verebar
289 2601 365 2652 omnia
387 2613 455 2664 opera
471 2613 537 2661 nica,
552 2604 606 2664 eto,
622 2616 636 2648 ιι
650 2599 704 2650 dicit
726 2600 806 2650 Gloesa
823 2596 928 2660 Gregorii,

145 2670 206 2735 quod
220 2689 233 2719 u
243 2672 303 2721 illam
318 2671 421 2736 (scilicet
433 2671 608 2735 negligentiam)
621 2672 694 2722 minor
710 2684 772 2721 annor
787 2670 828 2720 liei
842 2681 930 2732 exagge·

146 2749 212 2794 rat.»
227 2744 269 2794 Sed
281 2743 417 2807 ubicumque
430 2747 466 2794 est
480 2747 596 2807 peceatum
614 2743 722 2804 mortale,
741 2740 842 2791 totaliter·
856 2741 930 2792 tollitur

147 2828 209 2869 aanor
222 2814 271 2866 liei.
285 2815 344 2881 Ergo
356 2815 494 2880 negligentia
506 2819 597 2865 nonest
609 2818 725 2880 peecatum
736 2813 839 2867 morule.
