1992 3317
132 152 176 200 tbtt
256 158 508 211 momenmentum,
526 158 674 208 ornemur,
693 160 747 199 aut.
766 163 794 198 11.

130 238 249 299 sufficere,
259 250 301 301 per
310 236 369 299 quod
378 237 446 287 bomo
457 236 548 300 attingit
561 236 630 287 inem
639 236 737 287 virtutis.
751 236 796 287 Sed
810 236 862 289 iiuis
874 252 926 305 pro-

128 312 193 374 prius
208 308 262 358 ittet
280 311 316 358 est
329 308 461 371 cunjunctio
476 310 582 359 humane
596 308 678 359 mentis
692 308 720 358 ad
733 308 855 360 veritatem
868 308 928 360 ‹iivi-

130 394 195 439 nam,
212 380 272 443 quot
283 382 360 443 potest
373 377 442 428 etiam
455 392 508 429 esse
520 378 568 429 sine
582 378 689 429 exteriori
702 379 854 431 confessione.
869 382 929 445 Ergo

129 451 241 503 confessio
253 451 305 501 tidei
320 453 411 500 nonest
423 450 551 501 necessaria
565 451 591 499 art
604 450 710 499 satutem.

160 528 183 571 2.
199 524 325 585 Praeterea,
339 534 381 585 per
390 522 526 572 exteriorem
541 521 705 571 contessionem
721 520 773 571 idei
784 522 852 572 homo
862 522 932 573 tidem

128 607 193 644 suam
209 594 251 643 aiii
264 593 350 645 bomini
362 592 479 655 patefacit.
494 593 539 643 sen
551 594 594 642 true
608 604 654 642 non
667 596 701 643 cst
713 593 866 644 necessarium
883 595 930 645 nisi

128 664 174 716 iltis
188 665 228 729 qui
241 666 326 716 babent
342 663 399 714 aiios
412 665 436 714 in
448 664 491 715 tide
505 664 624 714 instruere.
640 664 699 727 Ergo
713 662 804 714 uidetur
813 663 875 728 quiri
888 668 933 716 mi-

130 750 196 789 nores
210 750 256 787 non
269 740 387 787 teneantur
399 738 427 786 art
439 736 493 787 fidei
504 736 678 787 contessionem.

161 814 184 859 3.
201 810 327 872 Preterea,
344 807 399 858 iilud
416 809 475 872 quod
497 809 573 871 petest
594 820 688 870 vergere
706 807 730 859 iu
753 809 886 859 scandatum
911 814 934 861 et

129 880 320 945 perturbationem
339 880 448 940 aliorum,
467 893 514 929 non
535 882 571 929 est
593 880 746 930 necessarium
769 880 797 929 art
819 880 933 945 saluum

129 952 183 1002 dicit
194 952 255 1002 euim
269 952 399 1015 Apostolus,
412 953 431 1001 t.
444 952 479 1001 od
492 954 560 1013 corn,
570 952 590 1001 Χ
601 966 606 999 :
624 950 701 1001 «Sine
719 950 845 1001 offensione
856 956 934 1003 estote

128 1024 210 1075 iudaeis
225 1028 248 1074 et
260 1023 381 1085 Gentibus,
393 1027 417 1073 et
431 1022 539 1073 Ecclesia
551 1022 599 1071 Dei.
611 1038 624 1069 u
639 1022 684 1072 Sed
702 1035 743 1087 per
759 1022 933 1073 confessionem

129 1096 181 1147 briei
194 1097 328 1160 quandoque
339 1096 366 1145 ad
378 1094 569 1159 perturbationem
578 1094 682 1143 infideles
696 1098 858 1157 provocantur.
871 1096 936 1159 Ergo

129 1168 241 1219 confessio
259 1167 313 1217 fidei
326 1180 372 1217 non
385 1171 421 1216 est
433 1166 563 1216 necessaria
577 1167 604 1215 ed
619 1166 722 1215 satutem.

161 1239 293 1289 Sedcontra
308 1240 359 1301 est,
369 1239 429 1301 queri
441 1237 565 1301 Apostolus
574 1236 638 1296 dicit,
648 1236 684 1285 ud
693 1238 773 1291 Rom„
783 1236 804 1285 x
816 1250 822 1283 ι
833 1252 848 1283 u
857 1236 935 1289 Corde

130 1311 229 1360 creditur
241 1310 268 1360 ad
280 1308 408 1372 justitiam,
422 1322 460 1359 ore
474 1309 551 1357 autent
561 1308 675 1358 confessio
686 1307 712 1358 iit
725 1308 753 1357 ud
764 1307 872 1357 satutem.
885 1326 901 1357 u

161 1381 319 1446 (Coresusro.
335 1380 441 1431 —Fidei
457 1380 570 1431 consessio
584 1391 630 1429 neu
645 1392 733 1443 semper
750 1380 773 1428 et
787 1379 816 1429 ad
840 1393 937 1445 semper

130 1453 158 1503 de
167 1453 301 1503 necessitate
311 1452 389 1503 orons
402 1456 452 1512 est,
462 1452 501 1501 sed
513 1465 553 1516 pro
565 1451 615 1501 loro
629 1453 652 1500 et
661 1453 777 1513 tempure3
791 1452 886 1513 quando
900 1456 939 1504 ui-

130 1523 212 1573 delicet
233 1524 284 1587 ejus
305 1523 396 1574 omissio
417 1522 454 1572 uei
474 1525 551 1572 contra
571 1523 681 1571 honorem
701 1521 747 1570 beo
761 1519 883 1587 debitum,
900 1528 939 1576 vet

128 1600 205 1646 eontra
218 1596 315 1660 proximi
326 1595 445 1646 utilitatem
459 1594 544 1657 esset.)

162 1668 295 1731 Respondeo
306 1666 438 1728 dicendum,
450 1664 513 1729 pubi
525 1677 551 1716 ea
562 1679 611 1728 quae
623 1667 676 1714 sunt
688 1662 816 1731 necessaria
830 1666 861 1715 ad
871 1669 940 1719 satu·

129 1742 188 1800 tem,
200 1740 285 1789 cadunt
298 1739 341 1789 sub
353 1738 473 1803 preceptis
486 1737 570 1787 divinar
579 1737 644 1799 tegis
655 1736 774 1787 Confessio
788 1740 867 1787 autem
879 1739 939 1792 fidei

130 1809 182 1859 cim
202 1811 230 1860 sit
248 1811 359 1874 quoidam
377 1809 549 1868 affirmativum,
569 1822 617 1859 non
633 1811 709 1873 potest
728 1808 808 1858 cadere
825 1809 873 1861 nisi
893 1816 940 1865 sub

129 1886 242 1945 praecepto
255 1882 397 1932 affirmative.
415 1882 478 1933 Unde
493 1883 573 1932 eodem
584 1883 650 1932 moto
663 1884 698 1931 est
710 1880 737 1931 de
749 1883 892 1933 necessariis
911 1890 942 1937 ad

131 1953 300 2016 salutemque
319 1954 385 2003 modo
404 1957 478 2018 potest
496 1954 575 2003 cadere
597 1954 639 2003 sub
657 1956 771 2017 precepto
787 1953 943 2010 affirmativo

130 2022 212 2073 divinae
223 2024 287 2086 legis.
300 2024 415 2088 Preceptu
425 2027 501 2075 arrtem
516 2024 658 2087 affirmativa,
671 2028 697 2073 ut
712 2023 877 2087 supradictum
890 2034 942 2094 est,

130 2106 175 2144 non
188 2092 288 2157 obligant
302 2096 330 2145 art
341 2110 447 2161 semper,
457 2096 502 2146 etsi
513 2109 602 2159 semper
611 2096 721 2159 obligent3
738 2095 840 2157 obligant
853 2103 942 2152 autem

130 2178 171 2228 pro
186 2165 237 2215 loco
250 2169 273 2215 et
288 2171 388 2229 tempure
407 2168 532 2217 secuudum
552 2166 607 2217 alias
622 2166 803 2217 circumstantias
822 2168 940 2237 debitas,

130 2235 255 2287 secuudirrn
269 2251 325 2300 quas
340 2243 428 2301 oportet
442 2241 517 2289 aetum
530 2240 656 2287 humanum
669 2238 758 2289 limitari
771 2238 799 2287 ad
814 2240 860 2289 huc
873 2249 943 2305 quod

129 2309 236 2359 sitactus
248 2308 348 2359 uirtutis.
361 2310 399 2359 Sic
412 2323 467 2374 ergo
485 2311 587 2359 confiteri
600 2311 668 2362 tidem
683 2325 728 2361 uon
743 2324 843 2375 semper,
856 2328 943 2381 nerpue

128 2378 153 2428 in
163 2380 264 2443 quolibet
276 2380 333 2443 ioco,
349 2385 384 2430 est
394 2382 422 2431 rte
435 2380 571 2432 necessitate
586 2382 680 2443 salutis,
695 2382 772 2433 sedin
786 2382 867 2446 aliquo
882 2386 942 2441 ioco

129 2454 153 2500 ei
161 2452 279 2513 tempore3
289 2452 378 2514 quando
389 2451 475 2502 scilicet
485 2464 525 2517 per
535 2451 680 2504 omissionem
689 2455 758 2515 huJus
768 2454 942 2523 consessionis,

129 2522 296 2574 subtraheretur
312 2524 384 2573 bonor
398 2522 487 2574 debitus
505 2524 563 2585 Deo,
580 2528 619 2574 aut
633 2526 701 2575 etiam
714 2523 800 2574 utilitas
816 2529 942 2589 proximis

128 2594 296 2659 impendenda:
310 2598 365 2660 puta
377 2595 396 2646 si
410 2594 490 2658 aliquis
510 2594 660 2661 interrogatus
673 2599 701 2651 de
717 2596 775 2660 fide,
789 2600 897 2665 taceret,
917 2612 946 2657 et

128 2678 156 2715 er
171 2667 214 2716 hoe
225 2669 361 2729 crederetur,
374 2666 411 2718 vel
420 2668 478 2729 quod
492 2668 779 2732 connumeremur
794 2671 855 2732 quod
878 2672 944 2729 tides

129 2748 175 2785 uon
192 2739 253 2787 esset
267 2750 334 2800 vera,
349 2739 387 2787 rel
402 2735 441 2785 atii
458 2750 499 2800 per
512 2737 563 2802 ejus
575 2738 753 2789 taciturnitatem
771 2742 942 2795 averterentur

129 2805 213 2928 zafd⁰³
223 2807 247 2859 in
259 2807 390 2873 hujusmodi
399 2807 460 2859 enim
475 2808 567 2860 casibus
579 2810 692 2863 confessio
704 2814 739 2863 est
750 2810 779 2861 de
790 2814 942 2868 necessitate

164 2878 216 2930 utis.
