1992 3317
122 206 152 255 ιι
238 214 312 255 eninr
329 214 458 264 securiore,
476 214 570 263 punse.
587 214 657 268 uxrrr,
676 214 732 254 arr.
750 216 802 255 viu.

123 291 208 345 arbitrii
218 294 242 343 in
253 295 338 356 Deum,
348 294 440 344 tertium
450 297 486 343 εει
497 297 572 344 motus
582 292 648 344 tiberi
657 292 745 343 arbitrii
755 294 780 343 in
790 296 933 361 peccatum,

123 368 226 429 quartum
243 377 297 415 veru
312 368 348 415 est
363 364 467 416 remissio
485 366 569 429 eulpae.
590 364 661 428 Cujus
679 364 736 414 ratio
753 368 804 427 εει,
825 366 885 431 quia
908 370 936 421 in

122 437 224 502 quolibet
239 440 302 487 motu
315 437 447 487 naturaliter
460 437 558 500 primum
573 440 607 487 εει
624 434 694 486 ruotio
707 435 779 499 ipsius
798 440 940 503 moventis,

124 509 246 558 secundum
260 511 334 559 autem
348 510 383 558 εει
395 508 513 571 dispositio
524 507 624 559 materiae
638 504 686 558 sive
698 510 774 557 motus
786 505 867 571 ipsius
879 526 938 563 mo-

123 578 184 640 bilis,
194 579 297 629 ultimum
313 592 368 629 vero
380 583 415 628 est
427 578 478 628 finis
489 580 527 628 vei
541 579 652 629 terminus
663 582 738 628 motus
751 578 778 628 ad
793 592 865 641 quem
883 585 939 633 ter-

123 649 222 699 minatur
235 650 304 700 motio
320 650 442 701 mouentis.
461 651 512 713 tpsa
533 649 602 714 igitur
618 649 659 699 Dei
672 650 787 699 moventis
803 651 878 701 motio
898 661 940 705 est

123 721 202 785 gratiae
215 721 313 784 infusio,
326 724 352 771 ut
364 722 450 772 dictum
459 725 494 771 est
506 734 574 785 supra
589 722 641 787 (art.
654 720 693 783 6);
708 724 782 771 motus
794 725 873 771 autem
895 728 939 775 vel

125 791 244 855 dispositio
257 792 347 843 mobilis
359 796 395 842 εει
411 793 495 856 duplex
511 797 586 843 mutus
602 790 675 841 tiberii
691 791 796 855 arbitrii,
813 795 940 847 terminus
987 808 988 847 i

125 870 199 914 autem
216 864 253 914 rei
269 864 320 914 duis
338 867 413 914 motus
427 867 464 914 est
475 863 580 914 remissio
597 864 685 926 cutpae,
697 867 722 911 ut
734 859 762 912 ex'
777 878 848 927 supra
863 866 940 919 dictis
987 858 988 923 i

126 940 188 1000 patet
204 938 254 1001 (art.
269 936 303 1001 6).
316 935 405 986 Ειίιιεε
420 935 516 986 natmati
529 934 606 987 ordine
617 934 716 999 primum
726 934 751 984 in
760 936 940 999 justificatione
987 928 988 1003 ι

126 1006 190 1072 impii
207 1012 242 1059 est
255 1006 332 1072 gratia
344 1007 440 1070 iniusio3
453 1006 578 1057 secundum
589 1008 625 1056 εει
638 1009 712 1055 motus
723 1005 789 1056 liberi
799 1007 892 1061 arbitrii
912 1012 940 1061 iu
987 1008 988 1063 ι

124 1080 212 1143 Beum3
232 1079 322 1131 tertium
344 1092 399 1129 vero
420 1082 455 1129 εει
474 1080 549 1127 motus
568 1076 632 1126 tiberi
649 1075 734 1129 arbitrii
751 1076 775 1125 in
796 1082 938 1139 peccatum.

126 1153 223 1214 Propior
235 1152 282 1201 troc
296 1150 359 1200 enim
377 1149 414 1199 itte
432 1149 471 1213 qui
487 1147 636 1211 justificatur,
652 1147 775 1199 detestetur
793 1154 939 1217 peccatum,

127 1222 182 1286 quia
194 1226 231 1273 εει
246 1224 323 1271 contra
338 1222 409 1271 iteum
428 1220 510 1271 :uude
529 1222 604 1271 motus
622 1218 687 1269 liberi
706 1218 792 1268 arbitrii
808 1218 833 1269 iu
854 1222 941 1275 Deum

127 1292 237 1356 procedit
249 1292 380 1342 naturaiiter
393 1295 480 1341 motum
488 1290 554 1341 liberi
567 1289 653 1340 arbitrii
665 1290 688 1339 in
698 1292 825 1353 peccatum,
837 1306 895 1344 cunr
908 1297 944 1347 sit

128 1377 197 1413 causa
214 1370 238 1413 et
250 1364 308 1413 ratio
325 1362 384 1427 ejus.
400 1364 514 1421 Quantum
529 1374 584 1411 vero
604 1361 631 1410 ad
649 1360 754 1410 ultimum
774 1366 809 1413 est
823 1364 942 1419 remissio
987 1400 988 1421 r

128 1436 210 1499 culpe,
220 1435 246 1485 ad
256 1448 323 1498 quam
333 1438 381 1485 tota
393 1434 438 1483 ista
450 1432 605 1484 transmutatio
616 1431 732 1483 ordinatur
741 1432 801 1483 siout
810 1434 840 1485 ad
850 1436 940 1504 onem,
987 1428 988 1509 i

129 1509 154 1555 ut
163 1505 247 1556 dictum
257 1510 292 1555 cst
303 1505 416 1569 (urttct
426 1504 462 1567 t).
987 1510 988 1527 ¹

161 1578 193 1626 dd
205 1577 303 1641 primum
313 1589 367 1640 ergo
384 1574 517 1638 dicendum,
534 1576 594 1639 quod
605 1588 707 1625 recessus
721 1575 734 1624 t
748 1576 844 1627 termino
854 1580 880 1629 ει
898 1595 943 1634 ac-

129 1661 206 1701 cessus
216 1650 244 1698 ad
251 1648 374 1699 terminum
390 1646 509 1711 dupliciter
518 1645 655 1696 considerari
667 1648 770 1708 possunt.
786 1648 837 1697 Uno
852 1654 940 1717 modo,

129 1733 158 1770 ex
173 1723 237 1785 parte
249 1720 351 1782 mobilis3
368 1722 392 1769 et
409 1718 443 1767 sic
466 1718 599 1768 naturaliter
611 1730 715 1767 recessus
731 1716 858 1770 dtermino
873 1737 944 1787 prae.

130 1793 190 1843 cedit
202 1805 317 1843 accessum
325 1792 355 1842 ad
365 1790 502 1852 terminum3
513 1790 576 1853 prius
585 1789 646 1839 enim
659 1792 692 1839 εει
702 1787 840 1853 insubjectn
852 1796 944 1848 mobili

130 1862 261 1927 oppositum
278 1864 339 1926 quod
357 1861 474 1926 abjicitur,
495 1863 518 1911 et
538 1860 681 1923 postmodum
702 1862 737 1909 est
762 1860 785 1910 id
808 1864 873 1925 quod
896 1882 943 1932 per
987 1862 988 1907 ι

131 1938 217 1984 motum
231 1934 358 1997 assequitur
366 1932 459 1983 mobile.
471 1934 515 1983 Sed
525 1944 554 1981 es
562 1934 625 1996 parte
633 1930 721 1995 agentis
733 1935 769 1982 est
778 1930 793 1983 d
802 1944 941 2003 convers03
987 1910 988 1983 i

131 2018 201 2067 agens
214 2004 275 2055 enim
286 2006 432 2069 perferinam
450 2016 501 2068 que
514 2003 539 2053 in
558 2017 586 2053 eo
599 2003 740 2067 praeexistit,
758 2004 806 2067 agit
817 2007 847 2057 ad
858 2021 943 2062 remu-

131 2077 230 2125 vendum
243 2075 379 2125 contrarium
394 2074 475 2125 :sicut
487 2076 522 2125 sol
533 2086 575 2137 per
588 2088 651 2127 suam
665 2076 740 2125 iucem
749 2075 799 2138 agit
814 2078 844 2127 ad
858 2093 945 2133 remo-

131 2148 230 2198 vendum
240 2148 352 2197 tenebras.
367 2148 395 2197 nt
408 2146 459 2198 ideo
474 2161 504 2197 ex
514 2149 577 2211 parte
589 2146 652 2208 sotis,
662 2147 726 2211 prius
737 2148 773 2197 εει
786 2146 941 2216 illuminare,

130 2232 199 2282 quam
217 2219 320 2269 tenebras
337 2224 453 2270 remouere
467 2218 517 2281 (tt3
538 2232 567 2268 ex
590 2222 654 2282 parte
673 2221 748 2269 etitem
771 2218 830 2269 ueris
850 2220 945 2276 illumi-

132 2290 216 2352 nandi,
231 2290 295 2355 prius
312 2294 347 2341 εει
364 2289 485 2355 purgarit
502 2290 616 2353 tenebris,
631 2302 699 2353 quem
713 2290 822 2353 consequi
838 2292 942 2359 lumen,

130 2361 209 2413 ordine
217 2366 314 2423 naturae,
323 2361 505 2424 licetutrumque
513 2361 542 2412 sit
551 2358 618 2411 siurul
627 2363 736 2425 tempore.
747 2362 775 2411 Et
784 2361 945 2425 quiainiusio
987 2364 988 2431 t

165 2503 195 2566 (t)
212 2510 256 2552 Seu
272 2508 350 2553 tumen
367 2508 486 2553 effundere
505 2508 542 2555 rel
561 2508 700 2566 immittere,
717 2508 823 2563 quamvis
839 2514 945 2559 nonnisi

130 2575 185 2625 post
192 2570 300 2627 expulsas
310 2571 420 2615 tenebras
427 2570 452 2615 in
460 2571 565 2627 subjecto
575 2576 702 2627 receptum.
713 2572 776 2625 Apta
786 2572 858 2626 porro
867 2585 944 2619 eom—
987 2594 988 2631 ι

130 2633 220 2689 paratio
232 2632 288 2676 sotis
297 2638 321 2678 ει
331 2634 478 2691 tenebrarum
489 2633 513 2677 iu
525 2634 643 2689 proposito
652 2666 658 2689 ,
667 2634 721 2689 quia
732 2632 811 2689 gratim
822 2634 846 2685 iu
858 2638 947 2695 Scrip-
987 2660 988 2665 =

130 2694 187 2739 turis
202 2695 295 2753 lumini,
311 2699 334 2738 ει
345 2700 440 2749 peccate
455 2696 558 2740 tenebris
570 2694 740 2752 comparantur.
757 2695 792 2739 Sic
805 2696 947 2752 Apostolus

131 2756 216 2801 Paulus
230 2756 295 2806 Act„
305 2758 390 2814 XXVI,
402 2768 463 2801 vers.
476 2756 506 2800 18
517 2776 522 2801 :
537 2758 566 2803 Ut
575 2760 748 2804 conuertuntur
757 2757 772 2800 d
781 2758 889 2805 tenebris
902 2764 941 2806 orl
987 2736 988 2825 Ῐ

131 2820 218 2868 lucem,
226 2823 248 2864 et
257 2820 383 2877 accipiant
391 2820 556 2865 remissionem
563 2824 732 2879 peccatorum,
739 2821 760 2865 et
770 2824 858 2867 sortem
866 2824 946 2869 inter·
987 2832 988 2883 t

131 2886 237 2935 cunctum
247 2894 298 2939 qun
309 2895 356 2926 non
365 2882 431 2927 aliter
445 2882 513 2937 qutm
525 2884 671 2941 pergratiam
686 2882 814 2939 obtinetur,
825 2889 851 2929 ut
862 2885 945 2945 01ης-

132 2951 246 2991 sostumns
266 2946 289 2991 iu
308 2957 361 2991 curn
381 2945 578 3004 locum,11⁰mit.
598 2946 774 3005 n11‚inriruet.
801 2946 880 2992 sicet
905 2953 946 2995 ad
987 2952 988 3008 i
