1992 3317
143 109 189 159 'lot
224 107 228 114 '
262 119 370 159 auruum
385 119 511 168 recuruum,
529 117 622 162 oumsr.
639 118 713 168 auru,
729 115 786 155 aar.
803 117 821 155 r.

140 197 223 260 aliquio
243 197 354 246 constanti
373 199 397 245 et
409 199 518 258 perpetua
534 194 653 244 voluntale
666 195 706 258 jus
728 207 797 243 suurn
816 191 937 258 uuicuique

141 268 230 330 trihuit;
248 268 283 318 rel
296 270 331 317 eat
347 267 436 316 habitus
449 267 571 316 seeundum
586 277 653 328 quem
667 264 751 328 aliquis
764 264 845 315 dieitur
858 278 936 328 opera-

141 340 201 390 tirus
215 338 336 390 seeundum
352 338 485 388 electionem
496 337 581 400 justi.)

172 407 304 473 lleupouieo
317 407 444 468 dicandum,
463 407 522 470 quhrl
535 407 642 470 praeliata
653 405 751 470 justitiae
766 406 875 458 diffinitio
889 422 936 458 oon-

141 481 234 532 veuieus
244 480 292 540 est,
309 477 329 528 ei
348 477 408 527 reete
422 477 567 540 intelligatur.
581 477 639 528 Cium
652 480 716 528 euim
728 477 805 527 omnis
820 478 895 528 uirtus
911 481 937 528 sit

140 549 230 602 habitus
241 548 324 612 quiesi
337 547 475 612 principium
488 549 543 599 boui
551 552 628 610 aetus,
640 561 737 599 ueoeaae
749 553 786 598 eut
800 548 864 612 quhrl
874 549 936 599 mm
968 566 970 605 ι

142 621 263 673 diffiniatur
276 631 316 683 per
332 623 408 668 aetum
416 619 508 683 honum,
522 620 562 682 qui
575 623 610 670 eut
626 620 688 670 eirea
696 619 815 684 proprium
826 622 936 671 materian

140 690 239 742 virtutis.
254 691 292 740 Est
306 693 381 740 autem
393 690 483 754 justitia
496 689 610 753 precipue
626 689 685 739 eirca
699 703 727 740 ea
740 704 794 753 quae
807 691 838 742 ad
852 693 937 742 alterum

142 766 195 812 eunt
202 798 210 824 ‚
225 763 283 811 eleut
297 761 357 812 eirea
371 761 485 825 propriam
498 760 626 824 materiam,
634 763 660 810 ut
670 761 730 811 iutra
738 761 830 825 patehit
841 763 895 827 (art,
909 762 936 822 at

142 835 171 884 llt
183 832 235 884 ideo
254 837 317 883 aetus
327 831 420 896 justitie
434 845 474 897 per
489 833 682 896 comparationem
695 834 724 882 ad
740 834 860 896 proprium
873 838 937 882 mate-

142 904 199 955 riam
217 903 308 955 uirtutis
324 908 346 954 et
359 905 472 967 obtectum
489 903 599 966 tangitur,
609 916 661 952 eum
679 903 763 953 dicitur
778 919 784 953 :
798 920 814 952 ιι
826 906 870 955 lua
882 917 937 954 suun

143 975 264 1039 uuicuique
284 975 398 1039 lrihuens3
417 991 431 1022 ι
449 975 518 1039 quia,
533 978 561 1024 ut
576 974 676 1024 isidorus
696 973 794 1024 uiritim
815 975 860 1026 lih.
884 977 937 1036 llly-
968 1014 970 1021 .

145 1047 237 1110 molop.
255 1061 260 1096 :
274 1064 288 1096 ιι
295 1047 379 1097 lustus-
387 1044 478 1108 dieitur,
491 1045 544 1109 quia
555 1045 595 1109 jue
604 1044 711 1096 custodit.
726 1061 741 1092 ι
751 1045 790 1095 nd
800 1047 850 1098 hoo
862 1052 936 1104 autem
968 1038 970 1123 ff

144 1118 205 1183 quod
223 1119 306 1182 uliquis
319 1121 381 1168 uetus
394 1117 454 1167 eirea
466 1116 629 1180 quamcumque
643 1115 763 1167 materiam
781 1116 813 1166 sit
824 1118 937 1178 munuum,
968 1130 970 1133 ·

144 1189 263 1252 requiritur
276 1187 336 1252 quod
352 1189 382 1238 sit
394 1187 549 1248 voluntarius,
564 1191 587 1238 et
599 1186 660 1250 quod
672 1187 703 1237 ait
716 1187 809 1238 staohir
823 1193 850 1240 et
860 1190 936 1246 limine

144 1259 197 1323 quia
207 1259 357 1322 Philosophus
379 1258 433 1308 uicit
445 1258 469 1308 in
485 1259 504 1308 ll
518 1260 612 1318 Elinia,
623 1257 684 1322 quoi
700 1259 730 1308 ad
752 1258 853 1309 virtutis
873 1264 937 1310 amru

142 1331 264 1394 requiritur
276 1345 282 1380 :
293 1330 367 1394 primo
378 1329 470 1394 quidem
476 1367 484 1393 ‚
496 1329 557 1394 quod
573 1333 701 1394 «operetur
711 1329 806 1394 suieua3
818 1347 836 1378 ιι
847 1331 937 1383 amram

143 1406 235 1464 antem,
250 1399 309 1465 qrrod
326 1401 454 1464 «eligens,
469 1404 492 1452 et
504 1405 597 1466 proptor
613 1401 715 1452 debitum
731 1401 818 1467 finem3
836 1420 852 1451 ι
867 1403 937 1461 enin,

143 1472 203 1538 quod
220 1490 234 1521 ι
249 1472 395 1523 immobiliter
410 1476 524 1536 operetur.
537 1489 552 1520 ι
569 1473 669 1523 Primum
681 1476 759 1524 numm
771 1475 859 1524 horum
874 1475 938 1524 inelu-

143 1545 204 1596 ditur
221 1543 246 1594 iu
260 1545 372 1608 aeouud03
388 1543 439 1608 quia
452 1561 466 1592 ιι
475 1545 535 1608 quod
549 1557 589 1607 per
601 1543 753 1606 ignorantiam
768 1546 849 1609 agitur
864 1551 899 1596 est
909 1545 938 1593 iu·

143 1616 310 1678 voluntarium,
323 1631 337 1662 ι
350 1617 376 1664 ut
391 1614 505 1664 dicituriu
517 1616 548 1664 lll
564 1615 754 1666 hemeterium
770 1615 796 1666 in
808 1617 938 1668 diffinitione

143 1686 235 1751 justitie
245 1724 251 1750 ,
262 1685 332 1750 primo
344 1685 435 1750 pouithr
448 1685 574 1746 voluntat,
585 1687 614 1736 ad
627 1686 797 1736 ostendendum
809 1687 874 1750 quod
884 1692 939 1738 actm

142 1755 236 1818 jnrtitiae
252 1755 319 1806 dehet
336 1768 387 1806 esse
400 1754 550 1805 voluntarius.
569 1754 666 1804 Additur
676 1758 754 1804 autem
774 1755 804 1806 de
817 1757 940 1807 onustantia

145 1830 169 1878 et
188 1827 353 1892 perpetuitate,
370 1827 399 1876 au
423 1825 585 1888 designandam
603 1829 667 1876 aetus
687 1826 828 1877 firmitatem.
851 1828 939 1878 litium

145 1899 251 1961 praedicta
269 1897 372 1949 diffinitio
388 1900 423 1948 est
442 1897 555 1961 completa
574 1897 679 1948 diffinitio
694 1898 807 1962 justitiae,
823 1899 870 1949 nisi
888 1898 939 1962 quod

146 1975 209 2020 aetus
222 1969 313 2032 ponitur
331 1983 372 2033 pro
386 1969 480 2030 halitu,
492 1968 531 2032 qui
552 1981 593 2032 per
605 1969 841 2033 aetumepeeifieatur‚
855 1972 939 2020 habitus

146 2041 206 2091 euim
222 2041 250 2089 ad
270 2043 343 2090 aetum
356 2041 445 2090 dieitur,
462 2041 492 2089 lit
503 2041 525 2089 ai
543 2039 595 2102 quis
609 2039 678 2090 vellet
692 2052 743 2090 earn
758 2041 783 2090 iu
793 2042 940 2092 dehitamfor·

146 2124 205 2160 mam
223 2110 364 2161 diitlnitiouis
381 2113 505 2172 reducere,
515 2115 593 2174 posset
606 2111 640 2160 sio
660 2110 734 2161 (liuere
745 2149 752 2172 ,
762 2111 825 2174 quod
836 2129 851 2160 ιι
858 2113 939 2176 justitia

146 2185 181 2231 eet
196 2179 287 2231 habitus
301 2183 423 2232 secunlum
438 2194 507 2244 quem
519 2182 602 2246 aliquia
614 2181 730 2232 menam
742 2186 767 2232 et
785 2189 894 2248 perpetua
904 2196 939 2232 re

145 2252 232 2302 luntate
245 2251 284 2316 jus
297 2265 362 2302 suum
376 2251 498 2316 unicuique
509 2253 601 2303 tribuit
610 2268 624 2299 ιι
638 2250 668 2302 Et
677 2253 742 2316 quasi
755 2258 792 2304 est
806 2256 885 2305 eadem
898 2254 939 2304 dii·

146 2321 219 2373 finitio
237 2336 287 2372 enm
301 2335 328 2373 ea
341 2336 407 2386 quam
421 2324 574 2387 Philosophus
589 2324 655 2388 pouit
666 2323 693 2373 iu
706 2325 726 2371 ll
738 2325 836 2380 little„
850 2326 937 2382 alimus,

144 2392 205 2458 quod
226 2411 240 2442 ιι
252 2394 339 2459 justitia
363 2397 400 2445 est
418 2395 508 2444 habitus
523 2397 648 2445 meandum
670 2407 740 2458 quern
761 2396 844 2460 aliquio
863 2397 940 2447 dicitur

145 2465 275 2529 operatium
291 2465 415 2516 seeundum
427 2467 560 2518 electionem
574 2466 668 2530 justi.»

177 2537 211 2586 nd
226 2537 324 2600 primum
345 2549 399 2600 ergo
420 2537 557 2598 lieentum,
572 2537 632 2602 quoa
652 2537 770 2588 volantes
785 2537 823 2589 hio
843 2538 939 2590 nominat

147 2611 236 2670 aetum,
252 2622 298 2660 nou
319 2608 453 2672 potentiam.
467 2609 508 2660 Est
527 2612 604 2660 autem
628 2613 782 2674 consuetum,
806 2611 864 2675 quoa
882 2611 939 2674 apul

148 2683 250 2730 auctores
263 2679 353 2730 habitus
364 2693 405 2744 per
420 2684 485 2730 aolus
496 2679 637 2730 diffiniantur
649 2680 725 2731 :sieut
737 2683 874 2745 huguaiinua
886 2681 939 2730 dicit

148 2765 217 2872 auger
230 2754 312 2809 loon„
328 2751 413 2815 (luant.
427 2752 474 2817 it)
487 2791 493 2815 ‚
507 2749 567 2817 quod
583 2768 598 2800 ι
611 2753 668 2805 fides
681 2755 820 2807 enumero
829 2752 886 2820 qnod
898 2764 939 2800 nou

149 2837 173 2873 ιι
189 2835 222 2874 eu.
237 2839 251 2870 ιι
377 2849 380 2856 -
