1992 3317
245 123 248 128 '
313 136 348 176 un
362 132 445 177 cansa
459 134 564 177 cunum.
812 132 843 179 ss

34 209 170 261 ίείίωίίίίί
192 212 456 267 deducentcmoere
475 227 514 267 res
536 214 843 285 mundanae,ucirealiquo

32 282 147 348 numquis
159 284 275 348 poso'tse
289 286 497 351 momentum,
509 287 618 339 tamenid
632 287 709 353 certo,
720 287 765 342 niul
775 290 844 341 elre-

31 354 112 419 veum,
127 356 190 407 scire
208 369 259 408 non
273 358 387 423 potest.)

38 426 187 504 ‘despondeo
195 429 410 494 dloeudum‚qudd
419 430 540 497 tripliciter
547 431 633 499 adnot
642 432 747 499 cognosci
756 438 840 501 potest.

31 498 68 548 luo
80 500 150 551 nodo
162 513 207 565 per
221 501 418 566 rerelmionem3
430 507 457 553 et
468 505 513 554 troo
523 506 591 556 modo
604 508 679 571 potest
692 506 773 571 uliquis
784 506 843 558 scire

31 571 132 622 elabere
142 574 446 638 monumemtum
455 576 517 627 deus
530 578 574 627 hoc
593 576 714 643 aliqnando
728 577 842 645 aliquibus

29 656 49 692 rr
62 644 153 709 sporidi
161 646 314 711 privilegio,
327 651 356 697 nt
367 648 500 699 mundialis
512 648 617 713 gaudum
627 650 695 701 etiam
707 650 842 703 intersita

30 716 83 766 uris
93 717 203 783 incipiat,
217 722 245 769 ct
261 719 426 771 confidentius
440 724 464 771 et
474 720 557 772 lortius
571 720 690 787 magnifiee
702 734 771 787 opera
788 734 840 789 pro·

30 793 149 854 necamur,
168 794 195 841 et
212 791 282 841 mala
303 791 432 856 presentis
454 792 509 845 vite
531 793 675 859 sustineant,
691 793 750 845 dent
771 794 841 845 Panlo

28 866 94 911 ntum
104 862 181 913 estll.
198 863 240 912 a'd
253 862 333 923 eor„
344 863 388 913 llll
403 863 536 915 :osntdclt
548 864 589 915 titi
604 865 676 929 gratia
691 878 752 917 met.
762 882 777 913 u
789 864 839 917 tlte

28 932 78 983 nudo
92 934 164 985 lromo
180 934 315 999 cognoscit
330 934 420 999 aliquid
429 936 589 1003 perseipsum,
601 942 624 988 et
640 940 683 989 hoc
692 938 840 990 certitudine-

32 1005 72 1054 iter.
85 1007 114 1057 Et
128 1007 165 1057 sic
183 1008 272 1059 nullus
286 1011 373 1073 potest
392 1008 451 1059 scire
469 1022 495 1060 sc
512 1010 595 1061 habero
608 1008 714 1075 gratim
729 1008 840 1061 certitudo

27 1077 73 1125 uim
84 1091 131 1130 non
148 1082 237 1144 potest
255 1078 345 1129 haberi
362 1080 392 1129 de
405 1080 495 1145 aliquo,
511 1080 556 1131 nisi
576 1082 648 1147 possit
666 1081 786 1146 dijudicari
799 1094 840 1149 per

26 1151 125 1215 rropn'um
139 1152 316 1219 principium
329 1151 366 1201 siu
386 1152 448 1202 enim
466 1152 577 1205 certitudo
591 1154 688 1203 nabetur
702 1152 731 1204 de
750 1154 840 1205 conclu·

26 1221 113 1275 simibus
127 1221 336 1277 demonstrativis
349 1235 393 1287 per
403 1222 616 1276 indemonstrabilia
626 1224 765 1275 universalia
778 1225 839 1290 priu-

26 1295 180 1358 rlpia3nnllus
200 1300 290 1347 antem
304 1300 388 1359 posset
403 1295 462 1346 scire
477 1296 599 1348 solabere
614 1296 731 1349 scientiam
745 1296 840 1361 alcuius

28 1369 182 1432 induendis,
192 1369 217 1420 si
226 1367 379 1433 principium
388 1366 511 1431 ignoraret.
524 1368 663 1434 Principium
673 1374 748 1420 aulem
761 1368 838 1434 gratiae

31 1451 45 1488 c
57 1440 169 1506 ddjedum
182 1444 251 1504 etus,
264 1442 305 1490 est
316 1438 369 1505 ipse
384 1440 460 1503 Deus,
475 1442 515 1505 qul
528 1444 622 1506 pmpler
635 1441 670 1492 sni
680 1440 840 1493 excellentiam

32 1514 126 1567 mironis
138 1516 257 1578 ignotus,
275 1512 407 1562 secundnm
419 1512 474 1563 illnd
487 1512 543 1573 lob,
555 1513 648 1565 llllllVl
665 1530 670 1563 :
685 1514 766 1564 «Eece
781 1514 840 1565 Dens

32 1598 110 1649 magnus
126 1587 233 1638 uincens
253 1584 382 1635 scientiam
395 1588 505 1636 nostram.
517 1602 531 1633 u
542 1586 570 1636 lit
586 1585 637 1637 ideo
652 1587 703 1651 ejus
718 1586 839 1651 prasentia

32 1657 121 1710 unone
140 1664 165 1711 et
188 1656 306 1709 absentia
322 1668 365 1721 per
378 1656 538 1708 certitudinem
556 1657 664 1723 cognosci
679 1670 726 1709 non
742 1663 835 1722 potest,

33 1733 141 1782 mnndum
150 1730 212 1781 illud
227 1727 293 1789 dod,
303 1728 337 1779 lx
351 1745 357 1778 :
369 1743 384 1776 «
392 1728 418 1779 si
430 1730 519 1780 venerit
530 1731 559 1781 ad
572 1742 617 1795 me,
627 1743 676 1781 non
684 1730 767 1781 uidebo
776 1742 837 1794 eum;

34 1802 47 1849 d
59 1808 129 1854 anum
143 1803 252 1863 abierit,
270 1814 320 1851 non
338 1800 471 1864 intelligam.
483 1818 498 1849 u
517 1802 546 1852 lit
559 1802 611 1854 ideo
621 1804 691 1855 domo
702 1814 749 1852 non
764 1806 839 1867 potest

35 1887 65 1936 uer
76 1876 241 1927 oerdtndinem
261 1872 410 1937 dijudicare,
424 1877 501 1925 utrum
514 1874 563 1938 ipse
580 1872 663 1925 lrabeat
677 1874 786 1939 gutiam,
798 1886 836 1927 te-

37 1948 117 1997 mdum
128 1948 187 1997 illud
201 1948 222 1997 1.
239 1944 280 1995 od
298 1943 371 2004 Cor„
385 1944 414 1994 lv
430 1961 436 1994 :
452 1946 520 1996 «Sed
531 1958 604 2011 neque
620 1946 732 2012 meipsum
745 1947 831 2013 judium

36 2017 65 2080 pat
75 2024 147 2071 autum
156 2018 255 2083 judicat
269 2028 307 2067 me
315 2054 322 2078 ‚
331 2016 442 2067 Dominus
450 2020 496 2067 est.
509 2015 605 2069 »Temo
614 2018 682 2070 modo
692 2019 834 2083 cognoscitur

36 2091 105 2154 etquid
117 2089 314 2156 conjecturaliter
328 2101 370 2153 per
384 2086 459 2153 adque
476 2088 550 2153 signa.
567 2088 597 2139 Et
611 2091 655 2141 doc
673 2091 740 2142 modo
754 2090 836 2155 aliquis

37 2175 158 2226 utrumme
168 2165 252 2227 potest
266 2173 293 2211 se
308 2157 500 2225 hibernentium
513 2200 520 2226 ,
534 2160 675 2227 inquantum
687 2160 772 2213 seilicet
784 2174 836 2229 per·

38 2235 82 2297 n'pit
92 2250 115 2287 ec
124 2232 241 2287 delectari
250 2232 275 2283 in
287 2231 354 2295 Deo,
369 2238 394 2283 et
407 2237 554 2285 contemnere
572 2246 608 2285 res
621 2234 760 2297 mundanas,
772 2236 796 2284 et
811 2235 836 2285 ln

39 2312 133 2368 dunum
142 2309 216 2358 humo
230 2319 282 2356 non
298 2310 334 2355 est
346 2305 451 2356 uonscim
461 2305 507 2357 sibi
516 2305 614 2371 dionius
623 2307 711 2372 peccati
723 2307 832 2357 monam.

39 2378 152 2431 Somnium
161 2392 236 2444 quem
247 2378 342 2428 modum
352 2381 429 2442 potest
436 2376 534 2441 intelligi
545 2380 604 2443 quod
613 2379 709 2429 turbetur
719 2378 832 2443 apocal„

40 2452 72 2499 ll:
89 2451 223 2503 «Vincenti
238 2449 300 2500 dabo
311 2462 395 2501 manna
411 2450 583 2516 absconditum,
597 2451 658 2515 qnod
672 2464 741 2502 numo
753 2450 833 2514 nouit,

40 2523 76 2573 nisi
89 2525 126 2589 qni
142 2524 243 2589 ancipit,
258 2539 273 2570 u
289 2522 344 2585 quia
357 2522 445 2573 scilicet
457 2523 496 2574 ille
513 2523 552 2587 qui
565 2523 649 2589 accipit
661 2538 701 2589 per
714 2524 836 2587 ornandam

41 2596 191 2659 experientiam
210 2593 340 2645 dulcedinis
361 2594 440 2657 nouit,
454 2608 522 2659 quam
541 2608 587 2647 non
605 2595 723 2660 experitur
738 2594 776 2647 ille
796 2597 836 2661 qui

42 2678 76 2716 uon
89 2666 175 2731 accipit.
190 2666 241 2717 Ista
254 2669 334 2715 tamen
350 2665 450 2730 cognitio
471 2668 603 2732 imperfecta
618 2669 662 2719 est.
681 2667 744 2718 Unde
761 2668 836 2732 lpus·

43 2738 91 2789 tolus
101 2738 155 2791 dicit
168 2740 187 2789 l.
205 2738 279 2794 eor„
293 2738 322 2786 lll
340 2753 345 2787 :
361 2737 452 2789 «Nihil
462 2738 520 2791 milri
533 2740 638 2791 conscius
655 2752 720 2803 snm,
734 2740 774 2790 sed
788 2752 835 2791 non

44 2810 63 2859 ‘n
72 2810 112 2862 loc
122 2810 263 2876 iustificatos
281 2822 348 2875 snm;
359 2826 375 2859 u
388 2810 443 2875 quia
459 2815 485 2861 ut
501 2810 584 2863 dieitur
593 2810 620 2863 in
631 2808 724 2863 Psalm.
742 2809 835 2863 llllllt

46 2881 143 2937 «ulna
155 2882 210 2950 quis
224 2879 354 2946 iutelligit?
363 2879 392 2935 ab
405 2883 509 2949 mcum,
521 2887 565 2937 etc.
575 2900 589 2933 u
