1992 3317
138 97 183 146 tdt
237 105 346 147 assuunt
361 107 490 156 mouns,
507 107 599 154 ouusr.
617 107 708 156 nostr,
724 106 780 146 aar.
797 107 833 146 m.

136 185 202 236 ritate
215 187 332 249 sensatur,
346 197 475 248 quanquam
485 184 511 234 in
520 183 558 234 ria
574 183 662 250 impiari
674 197 723 234 uon
732 185 816 250 possit,
824 183 849 234 in
859 183 936 248 patria

137 260 213 338 tamen
227 256 260 306 sio
273 255 417 321 implebitur,
431 260 458 307 ut
469 255 492 306 in
503 268 531 307 eo
541 268 609 308 omne
618 259 720 306 romum
733 254 869 306 desiderium
881 268 938 306 oon·

136 325 445 462 quffidwffioendum’
459 397 520 462 qudd
530 397 649 464 plenitudo
660 398 736 463 gaudii
750 401 826 463 potest
836 395 937 464 intettigi

136 469 264 534 dupliciter.
279 471 330 521 Uno
343 471 410 522 modo
423 483 452 522 eu
464 473 529 534 parte
543 470 578 520 rei
591 469 673 532 deque
682 471 801 534 gaudetur,
814 472 841 520 ut
848 469 938 521 seilicet

95 599 97 606 Ι
135 543 223 592 tantum
237 542 361 604 gaudeatur
371 543 399 593 de
410 555 451 604 ea,
465 546 575 606 quantum
584 544 620 592 est
631 542 723 604 dignum
742 541 770 592 de
784 550 811 592 ea
824 541 935 607 gauderi:

134 613 200 665 etsie
212 613 252 664 bei
267 614 340 664 sotum
349 615 456 678 modium
467 617 502 665 est
515 613 745 680 prenominatum,
762 613 815 677 quia
828 611 939 676 gaudium

135 685 175 736 liei
188 689 223 735 est
238 685 367 749 infinitum,
380 690 403 737 et
411 688 455 737 boo
469 690 504 736 est
515 685 652 750 condignum
665 683 760 735 induite
770 683 870 735 bonitati
882 683 934 747 bei3

135 755 255 820 cujuslibet
268 760 342 807 autem
357 761 465 809 ereatura
479 757 586 822 gaudium
603 761 693 822 oportet
705 769 756 807 esse
771 756 870 806 diuitum.
886 754 937 806 Atio

136 829 202 878 modo
215 829 290 892 potest
302 827 398 892 intelligi
408 829 527 898 plenitudo
535 827 612 892 gaudii
619 842 650 879 ex
659 830 723 892 parte
735 825 863 891 gaudentis.
873 825 937 875 Gau-

134 897 196 949 dium
210 901 284 949 autem
295 903 438 963 eomparatur
447 899 475 950 ad
488 900 631 963 desiderium,
646 899 706 950 sieut
718 897 785 962 quies
795 897 824 947 ad
835 901 932 959 motum,

134 969 327 1034 utsupridiotum
333 970 438 1032 ssimum
448 971 476 1020 da
486 971 633 1036 passionibus
639 974 744 1035 ageretur
753 970 787 1034 (i,
795 975 820 1034 a,
830 985 871 1034 ou.
881 972 935 1036 25).

115 1075 120 1086 .
135 1042 175 1092 Est
189 1045 265 1092 autem
281 1043 345 1107 quies
361 1041 429 1106 piena
442 1041 495 1092 uim
513 1042 571 1092 nibil
588 1044 700 1093 resistite
714 1045 785 1092 motu.
800 1043 865 1092 Unde
880 1045 937 1094 tune

136 1111 241 1176 gaudium
257 1115 293 1164 est
311 1113 405 1178 plenum
423 1113 512 1178 quando
525 1113 574 1177 iam
592 1112 649 1164 nibil
661 1112 835 1164 desiderandum
852 1117 933 1166 restat.

135 1183 246 1244 Quamdiu
257 1187 331 1234 autem
344 1183 367 1248 iu
380 1185 424 1234 hoo
435 1185 521 1235 mundo
535 1183 682 1249 sumus,i10u
695 1187 772 1236 cessat
779 1183 804 1234 in
815 1183 882 1236 uobis
894 1187 934 1236 de·

135 1253 212 1305 siderii
220 1256 309 1317 motus,
319 1253 372 1318 qnia
389 1255 461 1304 adhue
473 1259 544 1307 restat
553 1255 614 1321 quod
625 1257 671 1307 beo
680 1257 753 1320 magis
766 1257 935 1322 appropinque-

135 1337 186 1374 mus
197 1337 239 1388 per
251 1327 354 1389 gratiam,
363 1329 389 1375 ut
400 1339 429 1376 ex
438 1326 507 1391 supra
516 1326 583 1380 dietis
592 1332 656 1392 petet
665 1329 720 1394 (qu.
730 1331 770 1390 at,
778 1332 822 1379 art.
835 1333 849 1380 t
863 1332 889 1380 et
899 1334 931 1390 7).

133 1395 176 1446 Sed
191 1395 281 1458 quaudo
293 1396 340 1462 jam
355 1398 382 1448 ad
396 1398 562 1450 beatitudinem
570 1400 695 1464 perfectam
706 1403 841 1466 peruentum
854 1401 931 1462 inerit,

135 1465 192 1516 nibil
204 1466 374 1518 desiderandum
386 1469 493 1535 restabit,
505 1469 558 1536 quia
570 1469 603 1522 ibi
614 1471 659 1522 erit
669 1473 738 1536 piena
751 1470 792 1522 bei
804 1471 893 1534 irnitio,
905 1472 930 1526 iu

134 1551 178 1602 qua
196 1539 263 1588 bomo
277 1539 389 1591 obtinebit
405 1541 515 1606 quidquid
530 1542 600 1595 etiam
614 1542 671 1593 cirea
687 1543 732 1592 aiia
747 1543 808 1594 bona
821 1542 933 1594 desidera·

134 1607 206 1674 verit,
223 1609 346 1662 mumdum
357 1611 412 1662 iilud
425 1612 521 1664 Prulm.
534 1613 588 1665 cat:
605 1632 619 1663 «
629 1614 672 1674 Qui
686 1614 759 1679 reptet
776 1615 800 1664 iu
814 1613 880 1667 bunis
893 1615 932 1666 de·

132 1679 239 1732 siderium
254 1682 371 1748 tuum(t).
383 1699 396 1732 a
406 1683 436 1734 m
451 1683 502 1736 ideo
516 1685 617 1750 quiesset
632 1685 781 1755 desiderium,
796 1699 843 1750 non
859 1686 931 1738 sotum

134 1763 179 1816 quo
192 1751 347 1804 desideramus
359 1753 444 1817 Deum,
460 1755 582 1807 sedetiam
597 1757 640 1807 erit
650 1757 751 1807 omnium
768 1757 930 1809 desideriorum

133 1822 207 1884 quies.
218 1822 284 1874 Unde
293 1825 399 1888 gaudium
412 1826 530 1877 beatorum
540 1829 576 1878 est
585 1827 686 1892 perfecie
698 1829 801 1895 plenum.
810 1831 851 1880 Est
862 1830 931 1880 etiam

133 1895 323 1958 superplenum,
337 1896 391 1960 quia
407 1897 458 1962 plus
472 1897 605 1948 obtinebunt
614 1898 683 1964 qadim
695 1899 822 1951 desiderare
835 1901 931 1953 sudeus

130 1963 189 2014 uiui.
201 1981 215 2012 u
229 1965 278 2015 iton
290 1966 351 2016 enim
360 1968 385 2017 in
396 1981 433 2019 oor
443 1967 544 2020 bominis
554 1970 656 2021 aseendit
664 1971 860 2036 quopraeparuuir
872 1975 932 2025 bens

134 2033 280 2097 diligentibus
290 2049 323 2099 se,
332 2052 346 2083 n
356 2043 382 2088 ut
392 2038 474 2089 dicitnr
486 2041 497 2089 i
509 2039 546 2089 oei
558 2040 626 2100 Cor„
638 2041 667 2090 ΙΙ.
683 2043 712 2092 Et
726 2043 769 2092 tuoe
779 2047 814 2094 est
827 2045 888 2108 quod
898 2044 932 2097 di-

133 2103 193 2154 eitur
203 2106 275 2166 inc„
283 2105 311 2156 ti
324 2122 329 2156 ε
342 2109 492 2158 «Mansuram
504 2109 585 2159 bonam
601 2114 625 2160 et
635 2110 836 2179 supereffluentem
846 2114 932 2166 dabunt

132 2174 158 2224 iu
165 2175 241 2225 sinum
251 2181 360 2228 vestrum.
371 2195 385 2227 u
395 2179 452 2238 Quia
460 2181 536 2230 tamen
547 2179 609 2230 uuita
617 2187 721 2233 ereatura
729 2187 766 2234 est
774 2197 847 2250 capax
856 2184 934 2250 gaudii

133 2247 160 2297 de
177 2247 222 2298 Deo
235 2248 257 2298 ei
267 2249 385 2314 madiani,
400 2249 453 2302 iude
465 2256 501 2302 est
516 2250 576 2315 quod
587 2251 649 2302 istud
661 2255 767 2318 gaudium
781 2256 874 2306 omniuo
885 2257 931 2323 pie·

132 2331 186 2368 num
200 2329 245 2368 non
256 2319 345 2384 eapitur
355 2321 380 2372 in
390 2322 483 2374 homine
492 2361 498 2386 ,
507 2323 547 2373 sed
562 2322 638 2387 potius
651 2326 720 2377 homo
733 2325 803 2376 intrat
812 2325 930 2390 inimum,

131 2389 256 2440 saeuudirm
265 2391 321 2442 iilud
330 2393 436 2455 Maedis„
444 2394 505 2445 XX'V
515 2409 520 2444 :
531 2395 648 2446 nintrain
657 2397 764 2458 gaudium
773 2397 930 2450 nomiminis

163 2461 197 2512 dd
207 2461 305 2526 primum
319 2477 372 2530 ergo
386 2465 521 2527 dicendum,
533 2464 595 2531 qubd
606 2467 662 2519 ratio
676 2468 714 2518 ilia
728 2469 830 2533 pmmdit
841 2469 869 2522 de
880 2471 929 2535 pis·

131 2529 236 2584 mitudiue
251 2533 445 2600 garaideinais
460 2535 493 2586 rei
508 2537 536 2588 de
551 2551 594 2602 uua
608 2536 728 2602 gaudetur.

165 2630 196 2694 (ii
212 2636 256 2681 tibi
266 2635 424 2682 'theodoretus
435 2637 464 2683 ds
475 2639 583 2694 prosam
592 2640 664 2697 susm
674 2641 891 2701 sumu-mutinae,
904 2642 927 2688 iu

127 2707 178 2751 quo
192 2696 253 2742 torae
266 2698 388 2744 mutatoria
401 2699 465 2744 Dema
475 2701 577 2758 impleta
590 2703 631 2746 ssd
644 2704 787 2761 ismarus
798 2705 827 2750 de
839 2705 925 2763 imaro,

130 2757 185 2813 quia
203 2760 472 2818 memonasterium
494 2761 535 2806 itte
549 2764 669 2812 mandat
687 2763 867 2820 Meam,
879 2780 928 2815 Μ

131 2821 341 2882 ιοιίαιααορεαηυ
354 2823 633 2884 sicutissitproreptst.
907 2871 912 2878 .
