<?xml version="1.0" encoding="UTF-8"?>
<!DOCTYPE html PUBLIC "-//W3C//DTD XHTML 1.0 Transitional//EN"
    "http://www.w3.org/TR/xhtml1/DTD/xhtml1-transitional.dtd">
<html xmlns="http://www.w3.org/1999/xhtml" xml:lang="en" lang="en">
 <head>
  <title>
</title>
<meta http-equiv="Content-Type" content="text/html;charset=utf-8" />
  <meta name='ocr-system' content='tesseract 3.04.00' />
  <meta name='ocr-capabilities' content='ocr_page ocr_carea ocr_par ocr_line ocrx_word'/>
</head>
<body>
  <div class='ocr_page' id='page_1' title='image "./summatheologica03nicogoog_0689.png"; bbox 0 0 1992 3317; ppageno 0'>
   <div class='ocr_carea' id='block_1_1' title="bbox 137 102 831 162">
    <p class='ocr_par' dir='ltr' id='par_1_1' title="bbox 137 102 831 162">
     <span class='ocr_line' id='line_1_1' title="bbox 137 102 831 162; baseline -0.006 -9"><span class='ocrx_word' id='word_1_1' title='bbox 137 102 183 154; x_wconf 76' lang='grc' dir='ltr'><strong>ιιι</strong></span> <span class='ocrx_word' id='word_1_2' title='bbox 244 109 354 154; x_wconf 72' lang='lat' dir='ltr'><strong>munna</strong></span> <span class='ocrx_word' id='word_1_3' title='bbox 369 111 498 162; x_wconf 80' lang='grc' dir='ltr'>ιιιιιιιιιι,</span> <span class='ocrx_word' id='word_1_4' title='bbox 514 111 606 158; x_wconf 76' lang='lat' dir='ltr'><strong>unser.</strong></span> <span class='ocrx_word' id='word_1_5' title='bbox 624 109 704 160; x_wconf 79' lang='lat' dir='ltr'><strong>marr.</strong></span> <span class='ocrx_word' id='word_1_6' title='bbox 721 109 778 150; x_wconf 80' lang='lat' dir='ltr'><strong>rur.</strong></span> <span class='ocrx_word' id='word_1_7' title='bbox 796 104 831 152; x_wconf 78' lang='lat' dir='ltr'><strong>vt.</strong></span> 
     </span>
    </p>
   </div>
   <div class='ocr_carea' id='block_1_2' title="bbox 112 187 944 2323">
    <p class='ocr_par' dir='ltr' id='par_1_2' title="bbox 112 187 935 397">
     <span class='ocr_line' id='line_1_2' title="bbox 135 187 935 256; baseline -0.005 -14"><span class='ocrx_word' id='word_1_8' title='bbox 135 194 212 242; x_wconf 73' lang='lat' dir='ltr'><strong>numm</strong></span> <span class='ocrx_word' id='word_1_9' title='bbox 221 228 228 255; x_wconf 92' lang='lat'><strong>,</strong></span> <span class='ocrx_word' id='word_1_10' title='bbox 238 204 288 256; x_wconf 79' lang='lat' dir='ltr'><strong>qun</strong></span> <span class='ocrx_word' id='word_1_11' title='bbox 298 191 325 241; x_wconf 82' lang='lat' dir='ltr'><strong>od</strong></span> <span class='ocrx_word' id='word_1_12' title='bbox 339 190 431 240; x_wconf 81' lang='lat' dir='ltr'><strong>hauc.»</strong></span> <span class='ocrx_word' id='word_1_13' title='bbox 446 189 506 255; x_wconf 75' lang='lat' dir='ltr'><strong>Ergo</strong></span> <span class='ocrx_word' id='word_1_14' title='bbox 520 188 548 239; x_wconf 83' lang='lat' dir='ltr'><strong>sd</strong></span> <span class='ocrx_word' id='word_1_15' title='bbox 557 187 703 252; x_wconf 81' lang='lat' dir='ltr'><strong>prudentiam</strong></span> <span class='ocrx_word' id='word_1_16' title='bbox 714 199 761 240; x_wconf 89' lang='lat' dir='ltr'><strong>uon</strong></span> <span class='ocrx_word' id='word_1_17' title='bbox 771 188 935 253; x_wconf 81' lang='lat' dir='ltr'><strong>pertiueipre·</strong></span> 
     </span>
     <span class='ocr_line' id='line_1_3' title="bbox 136 257 935 324; baseline -0.008 -11"><span class='ocrx_word' id='word_1_18' title='bbox 136 263 232 314; x_wconf 89' lang='lat' dir='ltr'><strong>stituere</strong></span> <span class='ocrx_word' id='word_1_19' title='bbox 249 261 318 311; x_wconf 87' lang='lat' dir='ltr'><strong>tinem</strong></span> <span class='ocrx_word' id='word_1_20' title='bbox 337 259 461 310; x_wconf 77' lang='grc' dir='ltr'>ιίιιιιιίιιιιι</span> <span class='ocrx_word' id='word_1_21' title='bbox 474 258 611 322; x_wconf 78' lang='lat' dir='ltr'>moralibus,</span> <span class='ocrx_word' id='word_1_22' title='bbox 626 258 666 310; x_wconf 90' lang='lat' dir='ltr'><strong>sed</strong></span> <span class='ocrx_word' id='word_1_23' title='bbox 680 257 755 310; x_wconf 84' lang='lat' dir='ltr'><strong>solum</strong></span> <span class='ocrx_word' id='word_1_24' title='bbox 768 260 891 324; x_wconf 77' lang='lat' dir='ltr'><strong>disponere</strong></span> <span class='ocrx_word' id='word_1_25' title='bbox 911 258 935 308; x_wconf 91' lang='lat' dir='ltr'><strong>de</strong></span> 
     </span>
     <span class='ocr_line' id='line_1_4' title="bbox 112 330 441 397; baseline -0.006 -13"><span class='ocrx_word' id='word_1_26' title='bbox 112 384 116 393; x_wconf 80' lang='grc'><strong>,</strong></span> <span class='ocrx_word' id='word_1_27' title='bbox 134 334 172 384; x_wconf 86' lang='lat' dir='ltr'><strong>his</strong></span> <span class='ocrx_word' id='word_1_28' title='bbox 184 346 234 397; x_wconf 82' lang='lat' dir='ltr'><strong>que</strong></span> <span class='ocrx_word' id='word_1_29' title='bbox 252 331 347 382; x_wconf 85' lang='lat' dir='ltr'><strong>suntad</strong></span> <span class='ocrx_word' id='word_1_30' title='bbox 362 330 441 382; x_wconf 85' lang='lat' dir='ltr'><strong>finem.</strong></span> 
     </span>
    </p>

    <p class='ocr_par' dir='ltr' id='par_1_3' title="bbox 133 400 938 682">
     <span class='ocr_line' id='line_1_5' title="bbox 167 400 936 470; baseline -0.005 -15"><span class='ocrx_word' id='word_1_31' title='bbox 167 406 328 470; x_wconf 79' lang='lat' dir='ltr'><strong>(Gonmnsrn.</strong></span> <span class='ocrx_word' id='word_1_32' title='bbox 337 427 368 437; x_wconf 93' lang='lat'>—</span> <span class='ocrx_word' id='word_1_33' title='bbox 382 400 440 452; x_wconf 86' lang='lat' dir='ltr'><strong>Cdm</strong></span> <span class='ocrx_word' id='word_1_34' title='bbox 456 402 577 467; x_wconf 83' lang='lat' dir='ltr'><strong>prudentie</strong></span> <span class='ocrx_word' id='word_1_35' title='bbox 589 402 619 454; x_wconf 92' lang='lat' dir='ltr'><strong>sit</strong></span> <span class='ocrx_word' id='word_1_36' title='bbox 633 401 799 454; x_wconf 83' lang='lat' dir='ltr'><strong>uniuersalium</strong></span> <span class='ocrx_word' id='word_1_37' title='bbox 816 401 936 468; x_wconf 90' lang='lat' dir='ltr'><strong>principio-</strong></span> 
     </span>
     <span class='ocr_line' id='line_1_6' title="bbox 133 470 935 539; baseline -0.004 -12"><span class='ocrx_word' id='word_1_38' title='bbox 133 470 188 527; x_wconf 79' lang='lat' dir='ltr'><strong>rum&#39;</strong></span> <span class='ocrx_word' id='word_1_39' title='bbox 201 476 228 525; x_wconf 87' lang='lat' dir='ltr'><strong>ad</strong></span> <span class='ocrx_word' id='word_1_40' title='bbox 242 472 391 539; x_wconf 75' lang='lat' dir='ltr'><strong>particulares</strong></span> <span class='ocrx_word' id='word_1_41' title='bbox 403 472 552 538; x_wconf 83' lang='lat' dir='ltr'><strong>operabilium</strong></span> <span class='ocrx_word' id='word_1_42' title='bbox 566 473 724 526; x_wconf 78' lang='lat' dir='ltr'><strong>conclusiones</strong></span> <span class='ocrx_word' id='word_1_43' title='bbox 737 474 878 538; x_wconf 72' lang='lat' dir='ltr'><strong>applicatio,</strong></span> <span class='ocrx_word' id='word_1_44' title='bbox 891 486 935 525; x_wconf 88' lang='lat' dir='ltr'><strong>nou</strong></span> 
     </span>
     <span class='ocr_line' id='line_1_7' title="bbox 133 543 938 611; baseline 0.002 -15"><span class='ocrx_word' id='word_1_45' title='bbox 133 549 221 611; x_wconf 84' lang='lat' dir='ltr'><strong>speclan</strong></span> <span class='ocrx_word' id='word_1_46' title='bbox 240 545 267 595; x_wconf 86' lang='lat' dir='ltr'><strong>ad</strong></span> <span class='ocrx_word' id='word_1_47' title='bbox 287 543 360 608; x_wconf 83' lang='lat' dir='ltr'><strong>ipsam</strong></span> <span class='ocrx_word' id='word_1_48' title='bbox 382 544 526 608; x_wconf 79' lang='lat' dir='ltr'><strong>praestituere</strong></span> <span class='ocrx_word' id='word_1_49' title='bbox 547 544 694 596; x_wconf 84' lang='lat' dir='ltr'><strong>rationalibus</strong></span> <span class='ocrx_word' id='word_1_50' title='bbox 710 543 840 598; x_wconf 81' lang='grc' dir='ltr'>ιίιιιιιίιιιιι</span> <span class='ocrx_word' id='word_1_51' title='bbox 856 546 938 607; x_wconf 82' lang='lat' dir='ltr'><strong>duem,</strong></span> 
     </span>
     <span class='ocr_line' id='line_1_8' title="bbox 134 615 865 682; baseline 0.003 -15"><span class='ocrx_word' id='word_1_52' title='bbox 134 617 174 667; x_wconf 90' lang='lat' dir='ltr'><strong>sed</strong></span> <span class='ocrx_word' id='word_1_53' title='bbox 188 615 330 668; x_wconf 84' lang='lat' dir='ltr'><strong>solummodo</strong></span> <span class='ocrx_word' id='word_1_54' title='bbox 343 615 371 666; x_wconf 90' lang='lat' dir='ltr'><strong>de</strong></span> <span class='ocrx_word' id='word_1_55' title='bbox 384 615 420 666; x_wconf 84' lang='lat' dir='ltr'><strong>lais</strong></span> <span class='ocrx_word' id='word_1_56' title='bbox 434 629 487 680; x_wconf 81' lang='lat' dir='ltr'><strong>qum</strong></span> <span class='ocrx_word' id='word_1_57' title='bbox 501 617 529 666; x_wconf 86' lang='lat' dir='ltr'><strong>sd</strong></span> <span class='ocrx_word' id='word_1_58' title='bbox 546 616 616 668; x_wconf 80' lang='lat' dir='ltr'><strong>finem</strong></span> <span class='ocrx_word' id='word_1_59' title='bbox 632 619 701 680; x_wconf 84' lang='lat' dir='ltr'><strong>sunt,</strong></span> <span class='ocrx_word' id='word_1_60' title='bbox 720 616 865 682; x_wconf 77' lang='lat' dir='ltr'><strong>disponere.)</strong></span> 
     </span>
    </p>

    <p class='ocr_par' dir='ltr' id='par_1_4' title="bbox 135 686 944 1881">
     <span class='ocr_line' id='line_1_9' title="bbox 166 686 939 751; baseline 0.001 -15"><span class='ocrx_word' id='word_1_61' title='bbox 166 687 302 751; x_wconf 76' lang='lat' dir='ltr'><strong>despondeo</strong></span> <span class='ocrx_word' id='word_1_62' title='bbox 324 686 462 751; x_wconf 89' lang='lat' dir='ltr'><strong>dicendum,</strong></span> <span class='ocrx_word' id='word_1_63' title='bbox 485 686 547 750; x_wconf 84' lang='lat' dir='ltr'><strong>qudd</strong></span> <span class='ocrx_word' id='word_1_64' title='bbox 564 687 617 738; x_wconf 84' lang='lat' dir='ltr'><strong>finis</strong></span> <span class='ocrx_word' id='word_1_65' title='bbox 633 687 741 737; x_wconf 76' lang='lat' dir='ltr'><strong>umatum</strong></span> <span class='ocrx_word' id='word_1_66' title='bbox 766 689 890 742; x_wconf 77' lang='lat' dir='ltr'><strong>moralium</strong></span> <span class='ocrx_word' id='word_1_67' title='bbox 906 691 939 740; x_wconf 82' lang='lat' dir='ltr'><strong>est</strong></span> 
     </span>
     <span class='ocr_line' id='line_1_10' title="bbox 135 758 938 812; baseline -0.002 -2"><span class='ocrx_word' id='word_1_68' title='bbox 135 759 220 810; x_wconf 82' lang='lat' dir='ltr'><strong>bonum</strong></span> <span class='ocrx_word' id='word_1_69' title='bbox 232 759 367 808; x_wconf 87' lang='lat' dir='ltr'><strong>humanum.</strong></span> <span class='ocrx_word' id='word_1_70' title='bbox 377 759 467 809; x_wconf 84' lang='lat' dir='ltr'><strong>Bonum</strong></span> <span class='ocrx_word' id='word_1_71' title='bbox 475 761 552 808; x_wconf 86' lang='lat' dir='ltr'><strong>autem</strong></span> <span class='ocrx_word' id='word_1_72' title='bbox 563 760 670 810; x_wconf 77' lang='lat' dir='ltr'><strong>humane</strong></span> <span class='ocrx_word' id='word_1_73' title='bbox 676 758 759 810; x_wconf 83' lang='lat' dir='ltr'><strong>uuimae</strong></span> <span class='ocrx_word' id='word_1_74' title='bbox 770 761 809 809; x_wconf 85' lang='lat' dir='ltr'><strong>est</strong></span> <span class='ocrx_word' id='word_1_75' title='bbox 817 760 938 812; x_wconf 74' lang='lat' dir='ltr'><strong>secundom</strong></span> 
     </span>
     <span class='ocr_line' id='line_1_11' title="bbox 135 828 937 894; baseline 0 -15"><span class='ocrx_word' id='word_1_76' title='bbox 135 830 247 881; x_wconf 87' lang='lat' dir='ltr'><strong>rationem</strong></span> <span class='ocrx_word' id='word_1_77' title='bbox 258 842 323 893; x_wconf 88' lang='lat' dir='ltr'><strong>esse,</strong></span> <span class='ocrx_word' id='word_1_78' title='bbox 335 833 481 894; x_wconf 79' lang='lat' dir='ltr'><strong>utputetper</strong></span> <span class='ocrx_word' id='word_1_79' title='bbox 490 828 679 894; x_wconf 72' lang='lat' dir='ltr'><strong>dionysium,lV.</strong></span> <span class='ocrx_word' id='word_1_80' title='bbox 688 843 740 894; x_wconf 87' lang='lat' dir='ltr'><strong>cap.</strong></span> <span class='ocrx_word' id='word_1_81' title='bbox 749 829 855 882; x_wconf 82' lang='lat' dir='ltr'><strong>Dedin.</strong></span> <span class='ocrx_word' id='word_1_82' title='bbox 866 833 937 882; x_wconf 84' lang='lat' dir='ltr'><strong>Nom.</strong></span> 
     </span>
     <span class='ocr_line' id='line_1_12' title="bbox 135 900 941 967; baseline -0.004 -13"><span class='ocrx_word' id='word_1_83' title='bbox 135 901 200 954; x_wconf 85' lang='lat' dir='ltr'><strong>Unde</strong></span> <span class='ocrx_word' id='word_1_84' title='bbox 209 914 303 953; x_wconf 86' lang='lat' dir='ltr'><strong>necesse</strong></span> <span class='ocrx_word' id='word_1_85' title='bbox 314 904 350 953; x_wconf 92' lang='lat' dir='ltr'><strong>est</strong></span> <span class='ocrx_word' id='word_1_86' title='bbox 362 900 422 964; x_wconf 84' lang='lat' dir='ltr'><strong>qudd</strong></span> <span class='ocrx_word' id='word_1_87' title='bbox 435 901 493 952; x_wconf 87' lang='lat' dir='ltr'><strong>lines</strong></span> <span class='ocrx_word' id='word_1_88' title='bbox 503 902 620 953; x_wconf 84' lang='lat' dir='ltr'><strong>moralium</strong></span> <span class='ocrx_word' id='word_1_89' title='bbox 629 901 739 952; x_wconf 76' lang='lat' dir='ltr'><strong>rutulum</strong></span> <span class='ocrx_word' id='word_1_90' title='bbox 753 903 906 967; x_wconf 79' lang='lat' dir='ltr'><strong>praeexistant</strong></span> <span class='ocrx_word' id='word_1_91' title='bbox 919 903 941 952; x_wconf 88' lang='lat' dir='ltr'><strong>ia</strong></span> 
     </span>
     <span class='ocr_line' id='line_1_13' title="bbox 136 971 942 1039; baseline -0.004 -14"><span class='ocrx_word' id='word_1_92' title='bbox 136 973 236 1026; x_wconf 86' lang='lat' dir='ltr'><strong>ratione.</strong></span> <span class='ocrx_word' id='word_1_93' title='bbox 251 973 316 1024; x_wconf 86' lang='lat' dir='ltr'><strong>Sicut</strong></span> <span class='ocrx_word' id='word_1_94' title='bbox 334 975 410 1023; x_wconf 86' lang='lat' dir='ltr'><strong>autem</strong></span> <span class='ocrx_word' id='word_1_95' title='bbox 424 971 449 1022; x_wconf 93' lang='lat' dir='ltr'><strong>in</strong></span> <span class='ocrx_word' id='word_1_96' title='bbox 467 972 556 1025; x_wconf 85' lang='lat' dir='ltr'><strong>ratione</strong></span> <span class='ocrx_word' id='word_1_97' title='bbox 572 974 713 1038; x_wconf 81' lang='lat' dir='ltr'><strong>speculativa</strong></span> <span class='ocrx_word' id='word_1_98' title='bbox 730 977 784 1024; x_wconf 91' lang='lat' dir='ltr'><strong>sunl</strong></span> <span class='ocrx_word' id='word_1_99' title='bbox 797 975 904 1039; x_wconf 72' lang='lat' dir='ltr'><strong>quadarn</strong></span> <span class='ocrx_word' id='word_1_100' title='bbox 920 978 942 1023; x_wconf 86' lang='lat' dir='ltr'><strong>ut</strong></span> 
     </span>
     <span class='ocr_line' id='line_1_14' title="bbox 137 1045 944 1110; baseline -0.004 -13"><span class='ocrx_word' id='word_1_101' title='bbox 137 1046 269 1097; x_wconf 83' lang='lat' dir='ltr'><strong>natumliter</strong></span> <span class='ocrx_word' id='word_1_102' title='bbox 285 1048 355 1108; x_wconf 89' lang='lat' dir='ltr'><strong>nota,</strong></span> <span class='ocrx_word' id='word_1_103' title='bbox 369 1057 464 1109; x_wconf 87' lang='lat' dir='ltr'><strong>quornm</strong></span> <span class='ocrx_word' id='word_1_104' title='bbox 477 1048 514 1096; x_wconf 84' lang='lat' dir='ltr'><strong>est</strong></span> <span class='ocrx_word' id='word_1_105' title='bbox 524 1045 663 1106; x_wconf 84' lang='lat' dir='ltr'><strong>intellectus,</strong></span> <span class='ocrx_word' id='word_1_106' title='bbox 679 1049 703 1095; x_wconf 88' lang='lat' dir='ltr'><strong>et</strong></span> <span class='ocrx_word' id='word_1_107' title='bbox 718 1045 826 1109; x_wconf 75' lang='lat' dir='ltr'><strong>quedem</strong></span> <span class='ocrx_word' id='word_1_108' title='bbox 842 1060 897 1110; x_wconf 75' lang='lat' dir='ltr'><strong>qne</strong></span> <span class='ocrx_word' id='word_1_109' title='bbox 908 1059 944 1110; x_wconf 88' lang='lat' dir='ltr'><strong>per</strong></span> 
     </span>
     <span class='ocr_line' id='line_1_15' title="bbox 137 1115 942 1180; baseline -0.001 -13"><span class='ocrx_word' id='word_1_110' title='bbox 137 1117 175 1168; x_wconf 89' lang='lat' dir='ltr'><strong>iila</strong></span> <span class='ocrx_word' id='word_1_111' title='bbox 198 1115 356 1178; x_wconf 85' lang='lat' dir='ltr'><strong>innotescunt,</strong></span> <span class='ocrx_word' id='word_1_112' title='bbox 371 1115 459 1166; x_wconf 88' lang='lat' dir='ltr'><strong>scilicet</strong></span> <span class='ocrx_word' id='word_1_113' title='bbox 480 1115 652 1179; x_wconf 80' lang='lat' dir='ltr'><strong>conclusiones,</strong></span> <span class='ocrx_word' id='word_1_114' title='bbox 667 1129 763 1180; x_wconf 85' lang='lat' dir='ltr'><strong>querum</strong></span> <span class='ocrx_word' id='word_1_115' title='bbox 782 1119 819 1168; x_wconf 82' lang='lat' dir='ltr'><strong>est</strong></span> <span class='ocrx_word' id='word_1_116' title='bbox 833 1116 942 1178; x_wconf 69' lang='lat' dir='ltr'><strong>scientia,</strong></span> 
     </span>
     <span class='ocr_line' id='line_1_16' title="bbox 136 1185 943 1253; baseline 0.001 -16"><span class='ocrx_word' id='word_1_117' title='bbox 136 1187 169 1238; x_wconf 88' lang='lat' dir='ltr'><strong>ita</strong></span> <span class='ocrx_word' id='word_1_118' title='bbox 187 1186 310 1237; x_wconf 86' lang='lat' dir='ltr'><strong>iuratione</strong></span> <span class='ocrx_word' id='word_1_119' title='bbox 327 1185 426 1250; x_wconf 83' lang='lat' dir='ltr'><strong>practica</strong></span> <span class='ocrx_word' id='word_1_120' title='bbox 438 1187 588 1253; x_wconf 80' lang='lat' dir='ltr'><strong>prmexistuut</strong></span> <span class='ocrx_word' id='word_1_121' title='bbox 603 1187 722 1251; x_wconf 74' lang='lat' dir='ltr'><strong>quadem,</strong></span> <span class='ocrx_word' id='word_1_122' title='bbox 737 1189 764 1238; x_wconf 90' lang='lat' dir='ltr'><strong>ut</strong></span> <span class='ocrx_word' id='word_1_123' title='bbox 777 1188 898 1252; x_wconf 83' lang='lat' dir='ltr'><strong>principia</strong></span> <span class='ocrx_word' id='word_1_124' title='bbox 908 1202 943 1238; x_wconf 85' lang='grc' dir='ltr'>ιιι-</span> 
     </span>
     <span class='ocr_line' id='line_1_17' title="bbox 138 1256 941 1321; baseline 0.002 -14"><span class='ocrx_word' id='word_1_125' title='bbox 138 1258 240 1309; x_wconf 84' lang='lat' dir='ltr'><strong>turaliter</strong></span> <span class='ocrx_word' id='word_1_126' title='bbox 254 1260 317 1308; x_wconf 82' lang='lat' dir='ltr'><strong>nota.</strong></span> <span class='ocrx_word' id='word_1_127' title='bbox 332 1257 361 1307; x_wconf 82' lang='lat' dir='ltr'><strong>Et</strong></span> <span class='ocrx_word' id='word_1_128' title='bbox 376 1257 511 1321; x_wconf 84' lang='lat' dir='ltr'><strong>hujusmodi</strong></span> <span class='ocrx_word' id='word_1_129' title='bbox 531 1263 583 1308; x_wconf 89' lang='lat' dir='ltr'><strong>sunt</strong></span> <span class='ocrx_word' id='word_1_130' title='bbox 604 1257 661 1308; x_wconf 88' lang='lat' dir='ltr'><strong>lines</strong></span> <span class='ocrx_word' id='word_1_131' title='bbox 680 1256 790 1310; x_wconf 85' lang='lat' dir='ltr'><strong>uirtutum</strong></span> <span class='ocrx_word' id='word_1_132' title='bbox 807 1259 941 1320; x_wconf 85' lang='lat' dir='ltr'><strong>moralium,</strong></span> 
     </span>
     <span class='ocr_line' id='line_1_18' title="bbox 138 1327 943 1398; baseline 0.004 -21"><span class='ocrx_word' id='word_1_133' title='bbox 138 1328 192 1392; x_wconf 85' lang='lat' dir='ltr'><strong>quia</strong></span> <span class='ocrx_word' id='word_1_134' title='bbox 206 1327 259 1377; x_wconf 88' lang='lat' dir='ltr'><strong>linis</strong></span> <span class='ocrx_word' id='word_1_135' title='bbox 272 1340 297 1378; x_wconf 87' lang='lat' dir='ltr'><strong>se</strong></span> <span class='ocrx_word' id='word_1_136' title='bbox 309 1327 378 1378; x_wconf 85' lang='lat' dir='ltr'><strong>hebet</strong></span> <span class='ocrx_word' id='word_1_137' title='bbox 390 1327 415 1379; x_wconf 92' lang='lat' dir='ltr'><strong>in</strong></span> <span class='ocrx_word' id='word_1_138' title='bbox 426 1327 588 1394; x_wconf 73' lang='lat' dir='ltr'><strong>sperabimus,</strong></span> <span class='ocrx_word' id='word_1_139' title='bbox 601 1328 660 1380; x_wconf 85' lang='lat' dir='ltr'><strong>sicut</strong></span> <span class='ocrx_word' id='word_1_140' title='bbox 672 1327 812 1394; x_wconf 89' lang='lat' dir='ltr'><strong>principium</strong></span> <span class='ocrx_word' id='word_1_141' title='bbox 827 1331 852 1382; x_wconf 93' lang='lat' dir='ltr'><strong>iu</strong></span> <span class='ocrx_word' id='word_1_142' title='bbox 866 1344 943 1398; x_wconf 86' lang='lat' dir='ltr'><strong>specu·</strong></span> 
     </span>
     <span class='ocr_line' id='line_1_19' title="bbox 139 1397 943 1468; baseline 0.006 -19"><span class='ocrx_word' id='word_1_143' title='bbox 139 1398 229 1462; x_wconf 86' lang='lat' dir='ltr'><strong>lstieis,</strong></span> <span class='ocrx_word' id='word_1_144' title='bbox 243 1401 270 1448; x_wconf 85' lang='lat' dir='ltr'><strong>nt</strong></span> <span class='ocrx_word' id='word_1_145' title='bbox 281 1397 349 1462; x_wconf 80' lang='lat' dir='ltr'><strong>sopri</strong></span> <span class='ocrx_word' id='word_1_146' title='bbox 359 1400 463 1451; x_wconf 82' lang='lat' dir='ltr'><strong>habitum</strong></span> <span class='ocrx_word' id='word_1_147' title='bbox 472 1405 516 1452; x_wconf 87' lang='lat' dir='ltr'><strong>est.</strong></span> <span class='ocrx_word' id='word_1_148' title='bbox 528 1402 555 1452; x_wconf 81' lang='lat' dir='ltr'><strong>Et</strong></span> <span class='ocrx_word' id='word_1_149' title='bbox 564 1401 667 1466; x_wconf 79' lang='lat' dir='ltr'><strong>quedam</strong></span> <span class='ocrx_word' id='word_1_150' title='bbox 677 1405 731 1452; x_wconf 85' lang='lat' dir='ltr'><strong>sunt</strong></span> <span class='ocrx_word' id='word_1_151' title='bbox 743 1402 769 1452; x_wconf 91' lang='lat' dir='ltr'><strong>in</strong></span> <span class='ocrx_word' id='word_1_152' title='bbox 781 1403 874 1454; x_wconf 85' lang='lat' dir='ltr'><strong>ratione</strong></span> <span class='ocrx_word' id='word_1_153' title='bbox 887 1417 943 1468; x_wconf 82' lang='lat' dir='ltr'><strong>proc-</strong></span> 
     </span>
     <span class='ocr_line' id='line_1_20' title="bbox 140 1468 941 1537; baseline 0.006 -18"><span class='ocrx_word' id='word_1_154' title='bbox 140 1468 199 1534; x_wconf 87' lang='lat' dir='ltr'><strong>tice,</strong></span> <span class='ocrx_word' id='word_1_155' title='bbox 214 1473 240 1520; x_wconf 89' lang='grc' dir='ltr'><strong>ιιι</strong></span> <span class='ocrx_word' id='word_1_156' title='bbox 249 1469 414 1523; x_wconf 88' lang='lat' dir='ltr'><strong>conclusiones.</strong></span> <span class='ocrx_word' id='word_1_157' title='bbox 423 1473 453 1522; x_wconf 80' lang='lat' dir='ltr'><strong>nt</strong></span> <span class='ocrx_word' id='word_1_158' title='bbox 460 1472 596 1537; x_wconf 87' lang='lat' dir='ltr'><strong>hujusmodi</strong></span> <span class='ocrx_word' id='word_1_159' title='bbox 605 1475 658 1522; x_wconf 90' lang='lat' dir='ltr'><strong>suut</strong></span> <span class='ocrx_word' id='word_1_160' title='bbox 667 1484 694 1524; x_wconf 87' lang='lat' dir='ltr'><strong>ca</strong></span> <span class='ocrx_word' id='word_1_161' title='bbox 702 1486 754 1536; x_wconf 82' lang='lat' dir='ltr'><strong>quae</strong></span> <span class='ocrx_word' id='word_1_162' title='bbox 766 1475 822 1524; x_wconf 85' lang='lat' dir='ltr'><strong>suni</strong></span> <span class='ocrx_word' id='word_1_163' title='bbox 829 1474 858 1526; x_wconf 86' lang='lat' dir='ltr'><strong>ed</strong></span> <span class='ocrx_word' id='word_1_164' title='bbox 868 1475 941 1533; x_wconf 80' lang='lat' dir='ltr'><strong>tinem,</strong></span> 
     </span>
     <span class='ocr_line' id='line_1_21' title="bbox 139 1539 942 1609; baseline 0.007 -19"><span class='ocrx_word' id='word_1_165' title='bbox 139 1539 164 1590; x_wconf 91' lang='lat' dir='ltr'><strong>in</strong></span> <span class='ocrx_word' id='word_1_166' title='bbox 178 1553 229 1605; x_wconf 81' lang='lat' dir='ltr'><strong>que</strong></span> <span class='ocrx_word' id='word_1_167' title='bbox 242 1540 387 1606; x_wconf 82' lang='lat' dir='ltr'><strong>pervenimus</strong></span> <span class='ocrx_word' id='word_1_168' title='bbox 400 1557 430 1595; x_wconf 83' lang='lat' dir='ltr'><strong>ex</strong></span> <span class='ocrx_word' id='word_1_169' title='bbox 444 1543 502 1608; x_wconf 83' lang='lat' dir='ltr'><strong>ipsis</strong></span> <span class='ocrx_word' id='word_1_170' title='bbox 520 1543 610 1596; x_wconf 81' lang='lat' dir='ltr'><strong>tinibus.</strong></span> <span class='ocrx_word' id='word_1_171' title='bbox 627 1544 656 1594; x_wconf 86' lang='lat' dir='ltr'><strong>Et</strong></span> <span class='ocrx_word' id='word_1_172' title='bbox 669 1541 749 1594; x_wconf 85' lang='lat' dir='ltr'><strong>horum</strong></span> <span class='ocrx_word' id='word_1_173' title='bbox 760 1548 797 1594; x_wconf 91' lang='lat' dir='ltr'><strong>est</strong></span> <span class='ocrx_word' id='word_1_174' title='bbox 810 1545 942 1609; x_wconf 85' lang='lat' dir='ltr'><strong>prudentis,</strong></span> 
     </span>
     <span class='ocr_line' id='line_1_22' title="bbox 141 1613 943 1680; baseline 0.002 -16"><span class='ocrx_word' id='word_1_175' title='bbox 141 1613 260 1679; x_wconf 88' lang='lat' dir='ltr'><strong>applicans</strong></span> <span class='ocrx_word' id='word_1_176' title='bbox 276 1613 415 1666; x_wconf 74' lang='lat' dir='ltr'><strong>universalia</strong></span> <span class='ocrx_word' id='word_1_177' title='bbox 436 1615 550 1680; x_wconf 88' lang='lat' dir='ltr'><strong>principia</strong></span> <span class='ocrx_word' id='word_1_178' title='bbox 569 1617 598 1666; x_wconf 86' lang='lat' dir='ltr'><strong>ad</strong></span> <span class='ocrx_word' id='word_1_179' title='bbox 619 1615 767 1680; x_wconf 78' lang='lat' dir='ltr'><strong>particulares</strong></span> <span class='ocrx_word' id='word_1_180' title='bbox 787 1617 943 1669; x_wconf 87' lang='lat' dir='ltr'><strong>conclusiones</strong></span> 
     </span>
     <span class='ocr_line' id='line_1_23' title="bbox 142 1685 942 1752; baseline 0.003 -16"><span class='ocrx_word' id='word_1_181' title='bbox 142 1685 301 1750; x_wconf 83' lang='lat' dir='ltr'><strong>operabiiium.</strong></span> <span class='ocrx_word' id='word_1_182' title='bbox 318 1685 347 1738; x_wconf 86' lang='lat' dir='ltr'><strong>Et</strong></span> <span class='ocrx_word' id='word_1_183' title='bbox 361 1685 413 1739; x_wconf 88' lang='lat' dir='ltr'><strong>iden</strong></span> <span class='ocrx_word' id='word_1_184' title='bbox 427 1686 456 1737; x_wconf 87' lang='lat' dir='ltr'><strong>ed</strong></span> <span class='ocrx_word' id='word_1_185' title='bbox 471 1685 613 1751; x_wconf 88' lang='lat' dir='ltr'><strong>prudentiam</strong></span> <span class='ocrx_word' id='word_1_186' title='bbox 627 1699 674 1736; x_wconf 89' lang='lat' dir='ltr'><strong>non</strong></span> <span class='ocrx_word' id='word_1_187' title='bbox 689 1686 790 1750; x_wconf 87' lang='lat' dir='ltr'><strong>pertinet</strong></span> <span class='ocrx_word' id='word_1_188' title='bbox 803 1689 942 1752; x_wconf 71' lang='lat' dir='ltr'><strong>prostituere</strong></span> 
     </span>
     <span class='ocr_line' id='line_1_24' title="bbox 142 1756 942 1825; baseline 0.005 -19"><span class='ocrx_word' id='word_1_189' title='bbox 142 1757 211 1809; x_wconf 88' lang='lat' dir='ltr'><strong>linem</strong></span> <span class='ocrx_word' id='word_1_190' title='bbox 225 1757 348 1809; x_wconf 83' lang='lat' dir='ltr'><strong>uirtutibus</strong></span> <span class='ocrx_word' id='word_1_191' title='bbox 362 1758 499 1823; x_wconf 83' lang='lat' dir='ltr'><strong>moralibus,</strong></span> <span class='ocrx_word' id='word_1_192' title='bbox 515 1759 555 1812; x_wconf 89' lang='lat' dir='ltr'><strong>sed</strong></span> <span class='ocrx_word' id='word_1_193' title='bbox 571 1756 645 1808; x_wconf 84' lang='lat' dir='ltr'><strong>solim</strong></span> <span class='ocrx_word' id='word_1_194' title='bbox 661 1756 782 1824; x_wconf 88' lang='lat' dir='ltr'><strong>disponere</strong></span> <span class='ocrx_word' id='word_1_195' title='bbox 800 1759 830 1811; x_wconf 89' lang='lat' dir='ltr'><strong>de</strong></span> <span class='ocrx_word' id='word_1_196' title='bbox 842 1760 882 1811; x_wconf 87' lang='lat' dir='ltr'><strong>his</strong></span> <span class='ocrx_word' id='word_1_197' title='bbox 898 1771 942 1825; x_wconf 87' lang='lat' dir='ltr'><strong>que</strong></span> 
     </span>
     <span class='ocr_line' id='line_1_25' title="bbox 143 1829 328 1881; baseline 0.011 -3"><span class='ocrx_word' id='word_1_198' title='bbox 143 1829 237 1881; x_wconf 84' lang='lat' dir='ltr'><strong>suntad</strong></span> <span class='ocrx_word' id='word_1_199' title='bbox 251 1830 328 1881; x_wconf 86' lang='lat' dir='ltr'><strong>linem.</strong></span> 
     </span>
    </p>

    <p class='ocr_par' dir='ltr' id='par_1_5' title="bbox 142 1898 944 2179">
     <span class='ocr_line' id='line_1_26' title="bbox 174 1898 944 1969; baseline 0.004 -19"><span class='ocrx_word' id='word_1_200' title='bbox 174 1900 208 1950; x_wconf 77' lang='lat' dir='ltr'><strong>nd</strong></span> <span class='ocrx_word' id='word_1_201' title='bbox 219 1900 318 1964; x_wconf 89' lang='lat' dir='ltr'><strong>primurn</strong></span> <span class='ocrx_word' id='word_1_202' title='bbox 329 1914 384 1966; x_wconf 78' lang='lat' dir='ltr'><strong>ergo</strong></span> <span class='ocrx_word' id='word_1_203' title='bbox 394 1900 528 1963; x_wconf 86' lang='lat' dir='ltr'><strong>dicendum,</strong></span> <span class='ocrx_word' id='word_1_204' title='bbox 539 1898 599 1964; x_wconf 87' lang='lat' dir='ltr'><strong>qudd</strong></span> <span class='ocrx_word' id='word_1_205' title='bbox 613 1899 736 1952; x_wconf 83' lang='lat' dir='ltr'><strong>uirtutibus</strong></span> <span class='ocrx_word' id='word_1_206' title='bbox 751 1901 881 1956; x_wconf 74' lang='lat' dir='ltr'><strong>moralibus</strong></span> <span class='ocrx_word' id='word_1_207' title='bbox 894 1917 944 1969; x_wconf 76' lang='lat' dir='ltr'><strong>prce</strong></span> 
     </span>
     <span class='ocr_line' id='line_1_27' title="bbox 144 1970 942 2039; baseline 0.003 -18"><span class='ocrx_word' id='word_1_208' title='bbox 144 1970 219 2021; x_wconf 84' lang='lat' dir='ltr'><strong>stituit</strong></span> <span class='ocrx_word' id='word_1_209' title='bbox 236 1971 303 2020; x_wconf 83' lang='lat' dir='ltr'><strong>tinem</strong></span> <span class='ocrx_word' id='word_1_210' title='bbox 318 1972 375 2023; x_wconf 88' lang='lat' dir='ltr'><strong>ratio</strong></span> <span class='ocrx_word' id='word_1_211' title='bbox 394 1972 516 2038; x_wconf 83' lang='lat' dir='ltr'><strong>naturalis,</strong></span> <span class='ocrx_word' id='word_1_212' title='bbox 527 1985 579 2036; x_wconf 80' lang='lat' dir='ltr'><strong>que</strong></span> <span class='ocrx_word' id='word_1_213' title='bbox 594 1971 676 2024; x_wconf 82' lang='lat' dir='ltr'><strong>dicitur</strong></span> <span class='ocrx_word' id='word_1_214' title='bbox 692 1973 839 2039; x_wconf 69' lang='lat' dir='ltr'><strong>synderesis,</strong></span> <span class='ocrx_word' id='word_1_215' title='bbox 854 1979 880 2025; x_wconf 94' lang='lat' dir='ltr'><strong>ut</strong></span> <span class='ocrx_word' id='word_1_216' title='bbox 892 1975 916 2026; x_wconf 89' lang='lat' dir='ltr'><strong>in</strong></span> <span class='ocrx_word' id='word_1_217' title='bbox 926 1975 942 2023; x_wconf 92' lang='lat'><strong>1.</strong></span> 
     </span>
     <span class='ocr_line' id='line_1_28' title="bbox 143 2040 944 2112; baseline 0.009 -23"><span class='ocrx_word' id='word_1_218' title='bbox 143 2040 246 2090; x_wconf 81' lang='lat' dir='ltr'><strong>holitum</strong></span> <span class='ocrx_word' id='word_1_219' title='bbox 255 2045 289 2091; x_wconf 88' lang='lat' dir='ltr'><strong>est</strong></span> <span class='ocrx_word' id='word_1_220' title='bbox 297 2041 394 2107; x_wconf 90' lang='lat' dir='ltr'><strong>(scilicet</strong></span> <span class='ocrx_word' id='word_1_221' title='bbox 408 2045 427 2094; x_wconf 87' lang='lat'><strong>1.</strong></span> <span class='ocrx_word' id='word_1_222' title='bbox 438 2046 507 2108; x_wconf 74' lang='lat' dir='ltr'><strong>part,</strong></span> <span class='ocrx_word' id='word_1_223' title='bbox 518 2058 558 2108; x_wconf 83' lang='lat' dir='ltr'><strong>qu.</strong></span> <span class='ocrx_word' id='word_1_224' title='bbox 569 2047 608 2108; x_wconf 79' lang='lat' dir='ltr'><strong>dn,</strong></span> <span class='ocrx_word' id='word_1_225' title='bbox 620 2048 663 2094; x_wconf 83' lang='lat' dir='ltr'><strong>art.</strong></span> <span class='ocrx_word' id='word_1_226' title='bbox 681 2046 732 2109; x_wconf 63' lang='lat' dir='ltr'><strong>tul,</strong></span> <span class='ocrx_word' id='word_1_227' title='bbox 747 2058 795 2096; x_wconf 93' lang='lat' dir='ltr'><strong>nou</strong></span> <span class='ocrx_word' id='word_1_228' title='bbox 805 2051 885 2098; x_wconf 85' lang='lat' dir='ltr'><strong>eutem</strong></span> <span class='ocrx_word' id='word_1_229' title='bbox 896 2061 944 2112; x_wconf 90' lang='lat' dir='ltr'><strong>pru-</strong></span> 
     </span>
     <span class='ocr_line' id='line_1_29' title="bbox 142 2110 473 2179; baseline 0.018 -18"><span class='ocrx_word' id='word_1_230' title='bbox 142 2110 234 2174; x_wconf 88' lang='lat' dir='ltr'><strong>dentis,</strong></span> <span class='ocrx_word' id='word_1_231' title='bbox 246 2111 334 2165; x_wconf 87' lang='lat' dir='ltr'><strong>ratione</strong></span> <span class='ocrx_word' id='word_1_232' title='bbox 344 2114 392 2179; x_wconf 86' lang='lat' dir='ltr'><strong>jam</strong></span> <span class='ocrx_word' id='word_1_233' title='bbox 405 2115 473 2167; x_wconf 86' lang='lat' dir='ltr'><strong>dicta.</strong></span> 
     </span>
    </p>

    <p class='ocr_par' dir='ltr' id='par_1_6' title="bbox 173 2183 697 2252">
     <span class='ocr_line' id='line_1_30' title="bbox 173 2183 697 2252; baseline 0.008 -18"><span class='ocrx_word' id='word_1_234' title='bbox 173 2183 202 2234; x_wconf 82' lang='lat' dir='ltr'><strong>lit</strong></span> <span class='ocrx_word' id='word_1_235' title='bbox 213 2196 254 2247; x_wconf 93' lang='lat' dir='ltr'><strong>per</strong></span> <span class='ocrx_word' id='word_1_236' title='bbox 262 2184 307 2233; x_wconf 82' lang='lat' dir='ltr'><strong>lunc</strong></span> <span class='ocrx_word' id='word_1_237' title='bbox 320 2189 382 2250; x_wconf 85' lang='lat' dir='ltr'><strong>pelet</strong></span> <span class='ocrx_word' id='word_1_238' title='bbox 393 2187 512 2252; x_wconf 86' lang='lat' dir='ltr'><strong>responsio</strong></span> <span class='ocrx_word' id='word_1_239' title='bbox 524 2186 553 2236; x_wconf 86' lang='lat' dir='ltr'><strong>ed</strong></span> <span class='ocrx_word' id='word_1_240' title='bbox 563 2187 697 2238; x_wconf 90' lang='lat' dir='ltr'><strong>secundum.</strong></span> 
     </span>
    </p>

    <p class='ocr_par' dir='ltr' id='par_1_7' title="bbox 174 2253 943 2323">
     <span class='ocr_line' id='line_1_31' title="bbox 174 2253 943 2323; baseline 0.01 -19"><span class='ocrx_word' id='word_1_241' title='bbox 174 2253 444 2323; x_wconf 69' lang='lat' dir='ltr'><strong>numerumnunerum,</strong></span> <span class='ocrx_word' id='word_1_242' title='bbox 454 2257 514 2322; x_wconf 87' lang='lat' dir='ltr'><strong>qudd</strong></span> <span class='ocrx_word' id='word_1_243' title='bbox 526 2257 577 2308; x_wconf 87' lang='lat' dir='ltr'><strong>unis</strong></span> <span class='ocrx_word' id='word_1_244' title='bbox 585 2271 632 2310; x_wconf 91' lang='lat' dir='ltr'><strong>nou</strong></span> <span class='ocrx_word' id='word_1_245' title='bbox 642 2257 739 2323; x_wconf 76' lang='lat' dir='ltr'><strong>pertinet</strong></span> <span class='ocrx_word' id='word_1_246' title='bbox 754 2259 783 2310; x_wconf 84' lang='lat' dir='ltr'><strong>nd</strong></span> <span class='ocrx_word' id='word_1_247' title='bbox 791 2260 892 2314; x_wconf 80' lang='lat' dir='ltr'><strong>virtutes</strong></span> <span class='ocrx_word' id='word_1_248' title='bbox 901 2274 943 2312; x_wconf 81' lang='lat' dir='ltr'><strong>mo</strong></span> 
     </span>
    </p>
   </div>
   <div class='ocr_carea' id='block_1_3' title="bbox 139 2324 985 2748">
    <p class='ocr_par' dir='ltr' id='par_1_8' title="bbox 139 2324 985 2748">
     <span class='ocr_line' id='line_1_32' title="bbox 140 2324 985 2394; baseline 0.007 -20"><span class='ocrx_word' id='word_1_249' title='bbox 140 2324 215 2385; x_wconf 85' lang='lat' dir='ltr'><strong>rates,</strong></span> <span class='ocrx_word' id='word_1_250' title='bbox 231 2328 340 2387; x_wconf 83' lang='lat' dir='ltr'><strong>tanquam</strong></span> <span class='ocrx_word' id='word_1_251' title='bbox 352 2327 409 2392; x_wconf 76' lang='lat' dir='ltr'><strong>ipse</strong></span> <span class='ocrx_word' id='word_1_252' title='bbox 430 2328 669 2394; x_wconf 65' lang='lat' dir='ltr'><strong>praestituendum</strong></span> <span class='ocrx_word' id='word_1_253' title='bbox 684 2329 725 2380; x_wconf 91' lang='lat' dir='ltr'><strong>sed</strong></span> <span class='ocrx_word' id='word_1_254' title='bbox 743 2330 796 2393; x_wconf 80' lang='lat' dir='ltr'><strong>uuis</strong></span> <span class='ocrx_word' id='word_1_255' title='bbox 812 2333 909 2384; x_wconf 89' lang='lat' dir='ltr'><strong>leuduni</strong></span> <span class='ocrx_word' id='word_1_256' title='bbox 923 2332 942 2381; x_wconf 92' lang='lat' dir='ltr'><strong>in</strong></span> <span class='ocrx_word' id='word_1_257' title='bbox 984 2349 985 2374; x_wconf 81' lang='grc' dir='ltr'><strong>ι</strong></span> 
     </span>
     <span class='ocr_line' id='line_1_33' title="bbox 141 2393 943 2470; baseline 0.009 -26"><span class='ocrx_word' id='word_1_258' title='bbox 141 2393 235 2446; x_wconf 82' lang='lat' dir='ltr'><strong>tinemt</strong></span> <span class='ocrx_word' id='word_1_259' title='bbox 251 2395 338 2447; x_wconf 82' lang='lat' dir='ltr'><strong>ratione</strong></span> <span class='ocrx_word' id='word_1_260' title='bbox 358 2399 454 2449; x_wconf 76' lang='lat' dir='ltr'><strong>naturali</strong></span> <span class='ocrx_word' id='word_1_261' title='bbox 471 2400 636 2464; x_wconf 81' lang='lat' dir='ltr'><strong>praestitutum,</strong></span> <span class='ocrx_word' id='word_1_262' title='bbox 652 2400 680 2450; x_wconf 88' lang='lat' dir='ltr'><strong>ad</strong></span> <span class='ocrx_word' id='word_1_263' title='bbox 702 2401 763 2464; x_wconf 85' lang='lat' dir='ltr'><strong>quod</strong></span> <span class='ocrx_word' id='word_1_264' title='bbox 777 2401 890 2462; x_wconf 82' lang='lat' dir='ltr'><strong>jurentur</strong></span> <span class='ocrx_word' id='word_1_265' title='bbox 907 2417 943 2470; x_wconf 86' lang='lat' dir='ltr'><strong>per</strong></span> 
     </span>
     <span class='ocr_line' id='line_1_34' title="bbox 139 2466 943 2536; baseline 0.009 -21"><span class='ocrx_word' id='word_1_266' title='bbox 139 2466 284 2531; x_wconf 85' lang='lat' dir='ltr'><strong>prudentiam</strong></span> <span class='ocrx_word' id='word_1_267' title='bbox 293 2505 300 2529; x_wconf 93' lang='lat'><strong>,</strong></span> <span class='ocrx_word' id='word_1_268' title='bbox 310 2481 361 2532; x_wconf 82' lang='lat' dir='ltr'><strong>que</strong></span> <span class='ocrx_word' id='word_1_269' title='bbox 375 2469 409 2520; x_wconf 92' lang='lat' dir='ltr'><strong>eis</strong></span> <span class='ocrx_word' id='word_1_270' title='bbox 422 2471 482 2520; x_wconf 76' lang='lat' dir='ltr'><strong>nium</strong></span> <span class='ocrx_word' id='word_1_271' title='bbox 500 2474 580 2534; x_wconf 77' lang='lat' dir='ltr'><strong>puel,</strong></span> <span class='ocrx_word' id='word_1_272' title='bbox 591 2470 731 2535; x_wconf 90' lang='lat' dir='ltr'><strong>disponendo</strong></span> <span class='ocrx_word' id='word_1_273' title='bbox 746 2483 773 2522; x_wconf 87' lang='lat' dir='ltr'><strong>ea</strong></span> <span class='ocrx_word' id='word_1_274' title='bbox 787 2486 839 2536; x_wconf 83' lang='lat' dir='ltr'><strong>quae</strong></span> <span class='ocrx_word' id='word_1_275' title='bbox 850 2474 943 2528; x_wconf 82' lang='lat' dir='ltr'><strong>suntad</strong></span> 
     </span>
     <span class='ocr_line' id='line_1_35' title="bbox 140 2538 943 2606; baseline 0.009 -19"><span class='ocrx_word' id='word_1_276' title='bbox 140 2538 218 2588; x_wconf 84' lang='lat' dir='ltr'><strong>tinem.</strong></span> <span class='ocrx_word' id='word_1_277' title='bbox 231 2539 295 2591; x_wconf 90' lang='lat' dir='ltr'><strong>Unde</strong></span> <span class='ocrx_word' id='word_1_278' title='bbox 310 2539 444 2605; x_wconf 81' lang='lat' dir='ltr'><strong>relinquitur</strong></span> <span class='ocrx_word' id='word_1_279' title='bbox 457 2540 517 2606; x_wconf 85' lang='lat' dir='ltr'><strong>qndd</strong></span> <span class='ocrx_word' id='word_1_280' title='bbox 528 2541 648 2606; x_wconf 84' lang='lat' dir='ltr'><strong>prudentia</strong></span> <span class='ocrx_word' id='word_1_281' title='bbox 664 2542 696 2592; x_wconf 88' lang='lat' dir='ltr'><strong>sit</strong></span> <span class='ocrx_word' id='word_1_282' title='bbox 707 2541 805 2596; x_wconf 87' lang='lat' dir='ltr'><strong>nobilior</strong></span> <span class='ocrx_word' id='word_1_283' title='bbox 824 2545 943 2598; x_wconf 78' lang='grc' dir='ltr'>ιιιιιιιιιιιι</span> 
     </span>
     <span class='ocr_line' id='line_1_36' title="bbox 140 2609 985 2679; baseline 0.014 -21"><span class='ocrx_word' id='word_1_284' title='bbox 140 2609 276 2672; x_wconf 82' lang='lat' dir='ltr'><strong>moralibus,</strong></span> <span class='ocrx_word' id='word_1_285' title='bbox 291 2614 314 2660; x_wconf 86' lang='lat' dir='ltr'><strong>et</strong></span> <span class='ocrx_word' id='word_1_286' title='bbox 327 2615 477 2663; x_wconf 83' lang='lat' dir='ltr'><strong>menesteus.</strong></span> <span class='ocrx_word' id='word_1_287' title='bbox 491 2613 536 2663; x_wconf 88' lang='lat' dir='ltr'><strong>Sed</strong></span> <span class='ocrx_word' id='word_1_288' title='bbox 554 2613 683 2677; x_wconf 68' lang='lat' dir='ltr'><strong>synderesis</strong></span> <span class='ocrx_word' id='word_1_289' title='bbox 696 2618 773 2668; x_wconf 86' lang='lat' dir='ltr'><strong>murel</strong></span> <span class='ocrx_word' id='word_1_290' title='bbox 789 2617 941 2679; x_wconf 85' lang='lat' dir='ltr'><strong>prudentiam,</strong></span> <span class='ocrx_word' id='word_1_291' title='bbox 984 2641 985 2670; x_wconf 65' lang='grc' dir='ltr'>ι</span> 
     </span>
     <span class='ocr_line' id='line_1_37' title="bbox 141 2681 670 2748; baseline 0.004 -16"><span class='ocrx_word' id='word_1_292' title='bbox 141 2684 203 2733; x_wconf 86' lang='lat' dir='ltr'><strong>sicut</strong></span> <span class='ocrx_word' id='word_1_293' title='bbox 214 2681 343 2734; x_wconf 86' lang='lat' dir='ltr'><strong>intellectus</strong></span> <span class='ocrx_word' id='word_1_294' title='bbox 355 2682 528 2748; x_wconf 81' lang='lat' dir='ltr'><strong>principiorum,</strong></span> <span class='ocrx_word' id='word_1_295' title='bbox 542 2683 670 2736; x_wconf 82' lang='lat' dir='ltr'><strong>scientiam.</strong></span> 
     </span>
    </p>
   </div>
   <div class='ocr_carea' id='block_1_4' title="bbox 0 0 1008 3317">
    <p class='ocr_par' dir='ltr' id='par_1_9' title="bbox 0 0 1008 3317">
     <span class='ocr_line' id='line_1_38' title="bbox 0 0 1008 3317; baseline 0 0"><span class='ocrx_word' id='word_1_296' title='bbox 0 0 1008 3317; x_wconf 95' lang='lat' dir='ltr'><strong> </strong></span> 
     </span>
    </p>
   </div>
  </div>
 </body>
</html>
