1992 3317
296 182 329 219 un
342 178 490 219 muncrum
506 178 578 216 mour.
796 166 841 214 tt'l

59 264 95 314 td
111 262 212 327 primum
221 272 280 322 ergo
289 258 422 321 dioendnm,
433 255 496 320 qudd
508 255 575 305 timor
584 254 629 305 Dei
641 266 688 305 non
702 256 777 319 potest
789 254 840 304 nni-

28 334 143 385 rersaliter
154 332 291 398 precedere
309 329 394 388 iidem,
408 328 463 391 qnia
478 326 500 377 si
519 326 609 377 ommno
623 327 673 391 ejus
688 326 841 390 ignorantiam

30 409 160 457 haberemus
169 406 286 467 quantum
294 404 324 451 ad
337 398 442 465 prumia,
452 399 492 449 rel
502 411 580 461 poenas
591 399 618 448 de
628 398 711 461 quibus
719 410 760 461 per
773 400 840 449 iidem

30 479 175 541 instruimur,
191 475 259 526 nullo
275 474 346 523 modo
366 486 419 522 eum
435 471 577 520 timeremus.
596 470 641 521 Sed
660 470 778 533 supposita
796 470 840 521 ilde

31 554 57 600 de
78 549 188 613 alumnus
210 546 320 597 articulis
339 544 407 606 fidei,
425 541 482 606 puta
503 540 531 591 de
549 540 681 591 excellentia
699 539 789 603 divina,
805 554 841 593 se·

33 620 184 685 qnitnrtimor
204 616 360 678 reuerentic3
376 628 405 665 ex
418 626 469 677 quo
487 612 590 675 sequitur
603 612 715 671 ulterius,
730 617 757 661 nt
772 614 840 665 homo

33 692 169 743 intellectum
178 704 250 741 suum
263 690 313 739 [leo
325 686 435 749 conjiciat
450 685 479 735 ad
490 686 628 735 credendum
639 684 715 735 omnia
726 698 776 748 quae
786 688 841 735 snut

32 763 139 828 promissa
158 763 244 812 adeo.
267 760 336 810 Unde
357 758 390 807 ilai
411 756 535 820 sequitur:
552 772 565 803 n
583 756 611 807 nt
628 768 675 805 non
695 755 841 806 evacuabitur

30 849 118 885 memes
130 838 216 885 restra.
228 850 244 879 u

63 908 98 956 nd
114 906 240 956 secuudum
261 902 405 964 dicendum,
423 900 483 964 qudd
505 900 566 950 idem
586 898 710 949 secondum
730 900 841 949 contraria

33 980 178 1040 potestesse
194 975 361 1024 contrariorum
381 984 466 1033 cansa,
481 982 528 1020 uon
546 974 622 1021 autem
638 969 700 1019 idem
719 971 839 1020 secundnm

32 1051 104 1098 idem.
117 1047 186 1097 Fides
200 1049 276 1096 eutem
291 1047 388 1109 generat
401 1057 467 1107 spem
477 1082 483 1104 ,
494 1042 620 1091 secundum
635 1040 695 1103 quod
708 1040 763 1089 lacit
776 1040 841 1090 nobis

32 1119 206 1171 estimationem
219 1119 249 1167 dc
259 1116 427 1182 praemiisque
439 1114 500 1163 Deos
513 1112 617 1164 retribuit
625 1111 708 1178 justis3
723 1114 758 1160 est
767 1114 842 1161 auum

33 1205 99 1241 cansa
117 1189 210 1240 timoris
235 1189 366 1238 secundnm
381 1187 443 1249 quod
464 1184 521 1234 iacit
543 1184 607 1235 nobis
627 1180 799 1234 estimationem
816 1182 843 1231 de

35 1264 105 1326 punis
118 1275 179 1326 quas
196 1258 362 1325 peccatoribus
381 1257 486 1319 indigere
504 1256 559 1305 vult.

67 1335 100 1383 ld
114 1334 209 1383 tertium
224 1332 367 1393 dicendum,
382 1328 444 1393 quod
455 1328 568 1391 objectum
582 1326 634 1377 fidei
646 1325 744 1390 primum
762 1328 785 1375 ot
799 1326 843 1375 lor-

39 1405 106 1465 male,
115 1411 149 1454 est
161 1406 255 1455 bouum
265 1403 328 1468 quod
343 1405 379 1452 est
387 1402 475 1451 ueritus
488 1400 568 1463 prima,
583 1400 628 1449 sed·
636 1398 781 1447 materialiter
790 1398 843 1447 fidei

39 1480 193 1542 proponuutur
205 1477 281 1527 ffiam
295 1474 410 1525 credenda
421 1473 523 1536 quaedam
534 1469 606 1533 mala,
617 1470 672 1533 pult
685 1468 746 1531 quen
760 1468 842 1517 malurn

38 1551 67 1598 sit
80 1551 124 1599 llen
139 1562 187 1599 nou
209 1547 312 1611 subjici,
324 1546 361 1596 rel
377 1545 406 1594 eh
424 1556 452 1593 co
469 1541 581 1605 separari,
595 1545 618 1591 et
638 1539 700 1603 quod
716 1544 844 1603 peccatores

39 1620 136 1684 punita
147 1622 206 1669 mala
220 1618 369 1669 sustinebunt
382 1616 465 1678 ‘ulte03
477 1618 500 1663 et
516 1614 638 1663 secundnm
650 1613 694 1661 troc
705 1612 760 1662 ides
770 1614 845 1675 potest

38 1705 90 1742 esse
102 1702 169 1741 musa
186 1690 287 1741 timoris.

48 1780 62 1787 ’
339 1794 545 1849 numennusn.

166 1906 258 1950 Utrum
266 1902 406 1961 purificatio
418 1900 499 1945 cordis
509 1900 540 1944 ait
550 1900 643 1957 effectur
650 1898 713 1955 (idel.

66 2019 99 2068 nd
115 2016 247 2067 secundnm
269 2012 304 2063 sic
319 2010 450 2077 proceditur
465 2009 510 2073 (l).
526 2008 619 2059 Videtur
638 2007 698 2071 qndd
719 2007 844 2072 purificatio

40 2090 110 2141 cordis
127 2101 177 2139 nou
190 2088 222 2137 sit
238 2087 335 2137 allectus
347 2083 409 2135 fidei.
422 2082 513 2133 Puritas
524 2082 586 2133 enim
605 2081 679 2132 cordis
691 2080 806 2145 precipue
820 2078 844 2128 iu

41 2163 118 2212 ellectu
134 2158 253 2210 consistit.
273 2157 319 2207 Sed
340 2157 397 2206 tides
410 2154 436 2204 in
453 2153 569 2207 intellectu
587 2157 631 2203 est.
651 2153 710 2215 Ergo
727 2152 782 2203 fides
798 2164 844 2201 non

41 2237 116 2284 murat
127 2231 205 2282 cordis
219 2229 413 2295 purificationem.

70 2310 93 2355 ι,
111 2304 247 2364 Praeterea,
261 2299 317 2349 illud
336 2299 398 2362 quod
418 2300 495 2347 causat
514 2296 586 2347 cordis
601 2295 781 2359 purificationem
800 2308 844 2346 non

44 2380 115 2440 coust
126 2374 197 2426 sinum
211 2384 331 2423 esserum
344 2368 475 2433 impuritate
491 2368 595 2433 peccati,
607 2368 667 2417 sicut
683 2370 747 2431 natet
759 2367 784 2416 in
801 2365 846 2417 illis

45 2448 176 2511 quitabunt
190 2445 261 2495 fidem
272 2442 403 2493 intormem.
417 2441 475 2503 Ergo
486 2440 542 2491 fides
555 2453 600 2489 non
614 2439 718 2503 purificat
734 2451 781 2489 cnr.

75 2524 97 2568 3,
108 2522 237 2577 Praetcrea,
249 2516 270 2566 si
282 2514 340 2565 fides
356 2512 509 2575 aliquomodo
523 2511 652 2576 purificaret
663 2524 701 2559 cor
711 2511 845 2571 humanum,

48 2588 139 2639 uariunt
154 2588 287 2653 purificaret
300 2583 402 2635 hominis
417 2582 567 2632 intellectum.
588 2581 631 2630 sed
646 2582 785 2630 intellectum
800 2593 846 2630 non

48 2662 144 2725 punient
161 2661 191 2709 alr
209 2659 363 2720 obscuritate,
384 2668 436 2704 cum
456 2654 486 2704 sit
498 2653 597 2717 cognitio
617 2652 766 2715 aenigmatice.
787 2653 847 2714 Ergo

50 2734 103 2784 tides
113 2733 174 2783 nullo
187 2732 257 2781 modo
270 2728 375 2795 purificat
388 2739 437 2778 cor.

81 2840 110 2902 (ll
124 2846 156 2889 lle
172 2843 210 2889 luis
230 2842 304 2887 etiam
314 2839 359 2896 ΙΙΙ,
373 2836 453 2885 Sene,
467 2835 522 2881 dist.
535 2834 578 2893 il,
594 2846 635 2891 qu.
653 2834 682 2891 2,
695 2836 738 2877 art.
749 2830 779 2881 l,
792 2830 820 2874 nd
834 2829 848 2873 3

53 2913 122 2963 etun.
133 2902 176 2967 28,
189 2906 218 2951 de
228 2903 309 2961 verm,
323 2905 368 2946 att.
379 2898 405 2960 2,
424 2898 454 2943 ad
470 2896 495 2943 d.
