1992 3317
148 212 160 236 ⁸
268 160 302 219 br
315 159 482 220 mrm'mrrlrn
497 176 523 219 nt
539 164 661 223 sotumi
814 176 861 225 stt

90 246 224 319 llmpuudeo
247 256 389 321 dicentum,
407 258 470 321 quod
493 261 621 313 commuuio
641 260 738 325 alicujus
760 272 865 326 persona

59 326 744 399 interdicituriidelibusduplicitertuuomodo,iupoeuam
755 334 866 387 illiuscui
919 384 923 391 ,
993 286 994 363 3

58 402 182 451 mmmuuio
195 402 303 452 bnebum
313 403 470 468 subtrabitur3
482 404 528 456 alio
537 408 612 469 modo,
622 406 650 456 ad
663 406 773 457 mumioni
784 420 864 459 eorum

58 474 133 534 quibus
155 473 306 524 iueuboitur
324 487 354 525 ne
373 474 425 525 aliis
442 477 618 529 communicent.
637 479 735 541 Uimque
749 492 818 529 causa
834 490 864 529 ex

59 545 129 594 uerbis
142 545 247 609 Apostoli
256 545 334 609 accipi
344 550 420 609 potest
430 548 449 597 1.
460 547 495 597 ud
504 548 629 608 Coriolis„
639 549 672 611 V;
681 562 735 599 uam
743 552 865 613 postquam

61 617 190 667 seruabam
209 617 461 669 excommunicationis
477 618 583 683 protulit,
597 620 673 670 subdit
690 632 731 684 pro
749 620 836 675 mione
855 636 862 670 :

65 701 78 731 u
86 687 175 738 Nescitis
188 689 247 753 quia
258 688 377 739 modicum
386 689 525 741 termentum
538 694 608 742 totam
618 704 715 742 massam
725 690 865 756 corrumpit?

61 759 198 824 »Etpostea
214 761 334 811 rationem
344 761 424 811 subdit
434 774 463 810 ex
474 766 539 825 parte
553 776 628 827 pesum
643 762 807 827 perjudicium
821 762 866 811 Ec-

61 830 138 893 etesia,
150 833 234 896 blata,
251 846 309 882 cum
329 830 386 882 dicit
400 847 407 882 ε
422 833 528 883 «Nouus
542 835 570 884 de
586 834 622 883 bis
638 833 677 896 quui
687 832 750 883 intus
759 837 813 883 sunt
822 846 865 885 ros

62 900 178 960 iudicatisi
188 921 203 952 n
218 904 300 953 Primo
316 916 372 967 ergo
385 916 433 954 uon
448 903 566 955 interdicit
576 903 681 953 Ecclesia
693 903 795 953 fidelibus
803 916 866 955 com·

64 974 189 1025 mmionem
201 976 348 1037 infidelium,
357 976 399 1040 qui
412 977 475 1026 nullo
486 978 555 1027 modo
565 975 634 1027 tidem
646 974 791 1027 christianam
803 989 866 1026 rece·

63 1050 154 1107 petunt,
170 1047 261 1099 scilcet
273 1061 420 1111 paganorum
438 1047 477 1097 uel
489 1047 629 1111 judeorum
639 1046 693 1109 quia
705 1059 751 1095 non
760 1047 828 1096 babet
836 1046 865 1097 uo

61 1114 93 1163 eis
102 1115 201 1179 judicare
211 1118 332 1182 spirituali
344 1117 440 1181 judicio,
452 1118 492 1167 sed
501 1116 633 1183 temporali,
645 1116 670 1165 in
679 1129 733 1166 casu
745 1129 798 1165 cum
806 1116 866 1167 iuter

58 1187 193 1240 Christianos
206 1193 390 1251 commorantes,
401 1190 502 1253 abquam
516 1190 605 1254 culpam
619 1188 777 1250 committunt,
787 1189 811 1236 et
824 1198 867 1250 per

57 1258 129 1311 fideles
141 1262 306 1326 temporaliter
315 1260 455 1325 puniuntur.
470 1261 516 1311 Sed
529 1261 573 1311 isto
588 1262 665 1324 modo,
680 1260 767 1311 scilicet
777 1259 803 1308 in
817 1262 866 1323 poe·

59 1333 246 1395 uam,iuterdicit
256 1332 365 1383 Ecclesia
373 1331 479 1384 tisibus
489 1333 672 1385 communionem
686 1332 776 1384 illorum
784 1330 867 1381 infide-

60 1401 112 1449 lium
122 1405 158 1466 qui
174 1404 188 1454 t
200 1403 248 1453 tide
260 1407 371 1467 suscepta
381 1404 486 1466 demant,
495 1404 533 1453 uel
544 1405 708 1469 corrumpendo
717 1402 795 1467 fidem,
805 1398 867 1452 sicut

60 1473 165 1535 haretici,
179 1475 220 1524 uel
240 1475 312 1525 etiarn
326 1474 429 1525 subter
443 1474 457 1524 i
469 1476 513 1525 ilde
524 1474 661 1539 recedendo,
677 1474 736 1524 sicut
747 1477 864 1537 apostatae.

58 1544 82 1591 lu
92 1549 198 1609 utrosque
207 1545 274 1597 euim
284 1548 368 1596 borum
377 1545 621 1597 excommunicationis
633 1544 769 1597 seutentiam
780 1544 868 1607 profert

58 1615 168 1666 Ecclesia.
181 1618 226 1667 Sed
238 1621 353 1681 quantum
366 1618 396 1667 aul
411 1617 535 1667 secuudum
549 1617 641 1669 modum
652 1616 742 1666 ridetur
756 1626 805 1665 esse
820 1614 868 1665 dis-
884 1642 888 1650 ·

60 1686 205 1747 tinguentium
229 1689 360 1740 secundum
382 1688 486 1739 diuersas
508 1686 651 1739 conditiones
675 1698 823 1751 personarum
844 1689 869 1735 et

58 1758 198 1819 negotiorum
212 1766 237 1811 et
249 1765 392 1825 temporum.
405 1759 431 1810 Si
443 1761 504 1810 euim
518 1760 588 1825 aliqui
602 1758 689 1809 luerint
701 1756 761 1807 llrml
771 1756 797 1805 iu
814 1755 867 1821 tide,

56 1829 87 1878 ita
107 1831 169 1895 quod
187 1848 218 1884 ex
239 1832 405 1885 communione
430 1845 509 1883 eorum
531 1846 583 1883 cum
602 1831 733 1881 infidelibus
751 1827 869 1882 conversio

56 1899 182 1953 iulidelium
195 1904 273 1968 magis
290 1905 378 1968 sperari
390 1904 472 1968 possit,
485 1904 552 1968 quim
566 1902 667 1955 bdelium
680 1902 693 1953 a
707 1902 751 1951 tide
764 1901 867 1965 aversio,

57 1987 101 2023 nou
113 1979 170 2025 sunt
183 1976 325 2042 probibendi
337 1976 468 2026 infidelibus
487 1978 668 2038 communicare,
684 1972 724 2039 qui
739 1974 806 2024 tidem
820 1984 867 2025 nou

56 2052 219 2111 susceperuut,
232 2048 320 2098 scilicet
332 2047 430 2112 paganis
447 2048 486 2097 uel
498 2048 591 2111 judeis,
604 2052 628 2097 et
641 2045 740 2096 maxime
754 2045 774 2095 si
787 2057 867 2095 neces-

56 2116 108 2168 sitas
125 2123 216 2183 urgeat.
239 2120 264 2169 Si
284 2124 362 2170 autem
382 2119 428 2169 sint
444 2120 559 2183 simplices
578 2122 602 2170 et
615 2117 697 2167 intlrmi
714 2118 739 2167 iu
761 2116 819 2179 tide,
838 2117 867 2168 de

58 2203 152 2250 quorum
164 2192 316 2243 subversione
327 2190 475 2256 probabiliter
484 2191 560 2242 timeri
568 2190 653 2256 possit,
667 2185 804 2254 prohibenti
813 2192 867 2239 suut

59 2261 87 2309 ab
99 2263 229 2313 infidelium
244 2264 421 2327 communione,
432 2265 456 2313 et
468 2262 583 2327 precipue
593 2276 622 2313 uc
637 2274 743 2325 magnam
751 2259 869 2313 familiari·

60 2339 128 2387 uum
144 2350 197 2387 oum
215 2336 251 2388 eis
272 2337 389 2400 babeant,
400 2334 438 2387 rel
459 2336 545 2399 absque
560 2334 698 2387 necessitate
717 2331 752 2384 cis
765 2344 867 2385 cummu-

63 2414 145 2459 meent.

91 2480 119 2529 Et
129 2481 164 2531 sic
176 2485 241 2546 patet
256 2482 341 2533 solutio
354 2479 384 2531 ad
398 2476 507 2545 primumi

92 2553 263 2605 sesecundum
277 2555 409 2616 dicendum,
425 2552 484 2616 qubt
501 2550 601 2603 Ecclesia
614 2554 694 2601 contra
709 2549 811 2601 iussdeles
822 2558 869 2598 nou

63 2623 130 2673 babet
145 2624 262 2688 judicium
282 2625 360 2689 quoad
374 2636 467 2688 poeuaur
491 2622 630 2688 spiritualem
650 2620 684 2671 els
706 2620 870 2684 infligendam

64 2696 132 2744 babet
153 2700 232 2749 tamen
249 2698 367 2762 judicium
386 2707 453 2759 super
466 2694 553 2759 aliquos
572 2693 674 2743 infideles
690 2692 766 2757 quoad
783 2694 873 2767 tempo-

64 2768 133 2817 ralem
144 2783 235 2832 penam
249 2770 402 2833 infligendam
421 2784 427 2816 z
444 2767 472 2817 ad
489 2766 550 2831 qnod
564 2766 674 2829 pertinet,
691 2762 752 2827 quod
769 2759 873 2837 Ecclesia

65 2840 183 2905 aliquando
200 2847 294 2909 propter
313 2842 403 2906 aliquas
421 2838 531 2903 speciales
542 2837 620 2903 culpas
635 2833 748 2894 subtrabit
761 2826 874 2894 aliquibus

66 2910 192 2975 infidelibus
206 2913 396 2993 annumerem
412 2909 520 2985 tiletum·

672 2978 784 3059 'ts
