1992 3317
212 126 605 183 „monumentorum
712 161 715 167 a
798 123 846 174 ‘att

74 209 240 274 (Coranusro.
257 232 288 247 -·
301 208 361 260 luter
373 222 400 261 ea
415 223 466 275 quae
479 224 508 263 ex
522 211 632 263 charitate
654 210 780 277 diligimus,
794 216 847 265 tan-

9 276 11 353 i
44 297 109 348 quam
127 282 157 333 ad
177 282 249 332 oeuur
262 283 414 345 pertinentia,
427 283 531 348 seipsum
544 286 613 337 domo
624 284 717 348 diligere
730 285 825 350 debet.)

9 354 10 391 3
72 355 211 419 liespondco
225 353 358 417 dicendum,
374 354 433 419 qndd
446 369 498 406 cnm
516 356 615 407 charitas
632 357 662 407 sit
673 359 777 421 quandam
790 358 846 409 ami·

9 418 10 513 g
45 428 109 492 cilia,
125 424 282 476 sieutdictnnu
293 430 340 489 cst,
353 426 473 491 dupliciter
481 439 602 492 possumus
613 429 640 481 de
650 430 762 481 charitate
775 431 846 495 loqui.

45 499 90 549 llno
111 498 180 548 ruodo
199 498 242 547 sub
260 498 375 547 communi
394 500 480 551 ratione
494 500 616 566 aruicitiae3
629 506 654 553 et
665 502 791 553 secundum
805 504 847 554 lroc

44 570 164 621 dicendum
178 572 227 629 est,
240 567 299 632 quod
311 568 411 619 amicitia
418 568 510 635 proprie
521 585 566 621 non
579 572 675 622 habetor
688 574 717 623 ad
733 574 845 639 seipsum,

45 644 81 693 sed
103 640 190 706 aliquid
205 640 280 703 majus
295 640 406 705 amicitid3
424 643 478 706 quia
491 643 589 694 amicitia
607 643 714 695 unionem
726 647 847 709 quamdam

45 714 168 779 importat,
184 708 241 763 dicit
256 712 317 761 enim
337 713 458 779 Dionysius
474 714 528 779 (De
541 715 624 766 dicio.
642 716 717 767 Nom.
728 730 779 781 cap.
799 716 845 781 l),
921 716 925 721 ’

45 784 102 849 qradd
114 802 128 833 u
138 797 202 834 aanor
213 787 249 834 cst
258 783 329 835 virtus
338 784 424 835 unitiva
437 784 480 851 (l).
492 803 506 833 n
518 785 644 850 Unicuique
655 791 732 839 autem
741 790 770 838 ad
783 789 845 853 seip-

9 855 10 922 ι
45 871 93 907 sum
113 860 149 907 εει
162 856 251 919 unitas,
270 869 321 919 quac
339 860 374 907 cst
388 858 461 921 polion
474 857 559 909 unione
571 858 601 908 ad
613 857 691 909 alinnr.
707 858 771 909 Unde
785 860 846 911 sicut

44 928 123 978 unitae
131 928 168 977 est
177 926 312 992 principium
322 928 422 989 unionis,
434 929 465 979 ita
475 942 537 979 amor
546 942 591 992 quo
600 927 652 993 quis
661 928 735 992 diligit
744 930 844 993 seipsum

44 1004 83 1050 cst
101 1000 174 1049 iorrna
187 1002 208 1048 et
221 1000 284 1049 radix
301 1000 414 1051 amicitiae.
429 1001 455 1049 ln
470 1002 513 1051 hoc
524 1000 585 1051 enim
600 998 722 1052 amicitiam
735 1001 845 1051 habemns

9 1044 11 1139 J
45 1073 71 1123 ad
87 1070 146 1121 alios
160 1071 217 1135 quod
231 1073 312 1123 adens
326 1086 368 1123 nos
380 1073 506 1123 habeamus
517 1072 577 1125 sicut
591 1072 619 1123 ad
633 1072 750 1137 nosipsos;
764 1072 846 1124 dicitur

45 1144 107 1193 enim
121 1143 146 1192 in
158 1142 197 1193 lx.
213 1142 296 1193 Ellrr'c.
309 1142 368 1209 quod
387 1144 541 1196 «amicabilia
559 1158 609 1209 qua
626 1146 721 1195 suntad
739 1144 844 1208 dicmur,

46 1216 141 1266 ueniunt
160 1229 189 1265 eu
201 1216 238 1265 his
251 1229 302 1280 qua
315 1220 369 1267 sunt
385 1218 412 1267 ad
426 1216 536 1281 seipsum.
550 1232 565 1263 n
579 1216 643 1266 Sicut
656 1215 726 1266 etiarn
740 1216 768 1268 de
785 1215 847 1280 prin·

47 1288 112 1352 cipiis
125 1300 173 1339 non
188 1288 285 1337 liabetur
299 1288 407 1348 scicntia,
420 1290 460 1339 sed
474 1287 557 1351 alipuid
569 1288 659 1351 majus,
676 1287 763 1339 scilicet
777 1287 846 1341 intel·

46 1357 122 1409 lectae.
145 1358 195 1409 Alio
209 1358 276 1409 modo
286 1370 405 1423 possumus
416 1358 479 1423 loqui
491 1360 519 1409 de
532 1358 641 1409 charitate
656 1359 781 1409 secundum
795 1373 848 1424 pro-

47 1430 117 1492 priam
129 1430 241 1480 rationem
259 1430 344 1495 ipsius,
360 1434 427 1495 prout
440 1430 526 1481 scilicet
538 1435 574 1480 εει
590 1429 691 1479 amicitia
704 1430 806 1481 hominis
818 1432 847 1482 ad

47 1502 115 1553 Dcurn
124 1502 287 1567 principaliter,
298 1506 321 1552 et
331 1516 359 1553 ex
369 1502 517 1567 consequenti
528 1503 556 1551 ad
566 1514 593 1551 ea
602 1515 652 1563 qnae
665 1503 718 1550 sunt
731 1501 779 1563 llei3
788 1503 848 1553 inter

48 1588 94 1637 quae
110 1574 180 1624 etiarn
198 1577 234 1624 est
247 1573 296 1637 ipse
310 1575 377 1625 horno
395 1575 434 1637 qui
449 1574 581 1625 cinariialem
593 1573 670 1621 habet.
683 1572 713 1621 Et
730 1572 774 1627 sic,
787 1572 848 1623 inter

48 1650 126 1696 catera
145 1658 196 1711 qua
214 1659 244 1697 ex
263 1646 373 1696 charitate
390 1646 462 1709 diligit
477 1644 543 1709 quasi
563 1644 593 1694 ad
605 1643 676 1693 ileum
694 1642 846 1708 pertinentia,

48 1718 115 1767 etiam
129 1718 231 1783 seipsum
243 1730 271 1767 cx
286 1718 395 1768 charitate
407 1716 488 1780 diligit.

77 1790 112 1838 Ad
124 1788 224 1851 primaru
240 1801 293 1850 ergo
305 1788 435 1848 dicendum,
443 1785 505 1851 quod
514 1785 634 1850 Gregorius
647 1783 745 1848 loquitur
756 1782 847 1835 dcclra·

46 1858 113 1909 ritate
128 1860 255 1909 monadum
269 1867 413 1907 communem
422 1857 527 1908 amicitiae
538 1858 658 1905 rationem.

9 1948 10 2027 p
75 1932 104 1983 Et
126 1930 251 1979 secundum
267 1929 393 1979 lancellam
410 1928 511 1993 procedit
526 1930 626 1979 secunda
641 1926 708 1979 ratio.

9 2028 10 2065 i
75 2002 112 2053 nd
125 2001 218 2052 tertium
235 2001 355 2051 dicendum
364 2038 372 2064 ,
387 1999 446 2065 quod
462 2004 564 2050 amantes
577 1999 664 2063 seipsos
680 1999 846 2066 vituperantur,

9 2086 10 2093 ¹
45 2074 67 2123 in
86 2076 198 2137 quantum
213 2077 290 2122 amant
304 2085 328 2121 εε
342 2073 466 2123 securldum
484 2075 587 2121 naturam
598 2070 743 2133 sensibilem,
757 2072 793 2122 cui
806 2074 847 2123 ob·

44 2150 173 2209 temperant
186 2160 191 2193 z
206 2144 266 2208 quod
281 2157 324 2193 non
334 2142 432 2195 estuare
443 2156 519 2195 amare
529 2144 629 2207 seipsum
643 2144 766 2194 secrrndurn
778 2147 845 2194 natu-

44 2230 93 2267 ram
108 2214 252 2277 rationalem,
262 2218 287 2263 ut
301 2214 344 2264 sibi
354 2214 426 2264 uelint
436 2228 462 2265 ea
471 2216 530 2265 bona
540 2214 711 2279 quaepertinent
722 2216 750 2265 ad
760 2214 847 2278 periec-

44 2289 131 2338 tionem
144 2286 248 2337 rationis.
261 2286 289 2335 Et
303 2287 346 2336 huc
357 2287 425 2336 modo
434 2283 548 2351 precipue
562 2287 589 2337 ad
600 2285 734 2337 charitatem
747 2286 847 2351 pertinet

45 2360 138 2425 diligere
155 2359 265 2423 seipsum.

43 2492 142 2542 diutile„
157 2492 218 2547 XIX,
235 2502 296 2537 aare.
310 2488 352 2544 tc,
369 2488 464 2541 Mattio,
474 2491 546 2546 xxii,
557 2501 619 2535 vern.
630 2488 675 2542 ³93
691 2488 781 2540 licre,
793 2488 846 2548 ΧΠ,

43 2569 66 2599 v.
79 2556 109 2600 31
126 2562 150 2601 ει
161 2555 206 2607 333
217 2554 288 2605 Luc..
299 2554 327 2609 x,
337 2566 359 2597 v.
370 2554 409 2599 27.
421 2554 529 2600 Sinniliter
539 2558 564 2598 et
575 2554 714 2611 Apostolus,
725 2552 757 2597 ad
768 2553 848 2602 Rom„

44 2620 156 2677 Xfll,v.
169 2617 197 2671 92
212 2623 236 2663 et
249 2618 281 2663 uri
298 2618 389 2667 emet„
402 2618 436 2675 V,
453 2615 533 2670 nae,
550 2616 653 2665 ethc„
671 2618 710 2673 lt,
724 2614 782 2660 ut.

41 2719 45 2727 .
76 2687 110 2752 (1)
127 2689 182 2832 slya
192 2700 273 2735 mm
285 2690 378 2749 {mrem
390 2688 504 2755 (liutran
515 2686 536 2758 t,
551 2688 589 2733 wi
602 2687 761 2733 macone
776 2685 847 2757 (mro-

44 2780 146 2831 καρτικη
169 2797 175 2811 .
