1992 3317
135 83 182 132 dut
245 92 354 144 smenon
367 91 496 142 mennon,
512 90 604 137 ounsn
620 89 701 139 usu,
717 86 774 128 anu.
794 89 830 127 iu.

136 169 266 236 appetitum
280 166 537 229 viminatium
554 165 596 231 qui
614 167 706 218 habitus
722 169 780 218 eunt
792 166 835 232 qui
853 164 936 218 laemnt

135 243 220 292 reumm
237 237 439 291 considerationem
457 238 553 290 rationis
559 274 568 301 ‚
583 251 630 290 nou
639 237 718 291 hanno
726 241 839 302 respectu
850 238 879 290 ad
888 250 935 288 rou-

136 312 257 363 titudinem
266 310 395 375 appdltds,
403 309 480 361 minius
493 311 578 360 liabent
587 308 615 360 de
625 309 714 361 ratione
722 307 819 362 virtutis
830 314 936 374 tanquam

136 384 267 435 ordinantes
286 382 315 431 ad
328 381 414 433 bonum
427 382 587 446 materialiter,
601 381 624 431 id
639 381 716 432 estad
731 381 756 432 id
771 383 835 447 quod
851 385 885 432 est
898 382 937 445 lio

135 468 207 517 num,
226 465 272 503 nou
287 451 330 502 sub
345 453 432 504 radone
451 453 676 504 millesimum
696 451 784 503 labem
805 453 834 504 de
853 451 936 504 ratione

135 524 228 575 virtutis
237 523 328 574 habitus
341 523 377 576 illi
387 524 428 589 qui
439 525 565 590 respiciunt
574 522 734 576 ,neodtudiuem
747 523 937 588 appetitumque

135 594 261 658 respiciunt
273 595 359 645 bonum
376 607 423 647 oon
437 595 510 646 solim
532 594 692 658 materialiter,
705 595 746 648 sed
762 595 834 646 otiam
854 596 938 647 immn-

134 666 201 730 liter,
214 667 237 717 id
247 669 283 717 est
294 666 318 716 id
332 667 392 730 quod
402 671 437 717 est
446 667 532 720 bonum
543 667 687 718 sinuatione
701 667 767 717 boni.
787 667 825 717 Ad
838 667 939 732 pruden-

136 737 191 787 tium
207 741 282 789 autem
298 737 411 802 mudum,
426 738 485 788 deut
502 737 588 791 dutum
602 741 652 800 est,
670 737 797 803 opulentis
816 741 887 790 route
902 748 940 788 ra-

135 807 205 860 tionis
221 809 325 874 adunus,
340 810 401 873 quod
412 822 459 860 uon
469 809 496 859 dt
505 809 559 870 mue
569 809 672 874 appetitu
683 813 758 860 noeto.
773 809 804 862 Et
817 810 872 862 ideo
884 824 940 874 pru·

138 877 215 928 dentia
228 892 273 929 non
290 877 363 929 solim
376 879 446 930 iubet
460 879 573 930 mtionem
589 879 694 944 unitis,
709 891 780 943 quam
795 881 884 930 hahent
894 879 940 930 alie

138 948 235 1001 virtutes
258 950 437 1016 intellectuales,
455 951 496 1001 sod
520 949 592 1002 etiam
609 951 678 1002 namt
700 949 816 1002 rationem
835 951 939 1014 anuos,

138 1033 207 1084 quam
224 1020 309 1073 habent
329 1020 423 1072 virtutes
435 1021 547 1085 morales,
563 1022 646 1087 quibus
662 1021 732 1072 etiam
752 1027 939 1074 connumeretur.

170 1092 310 1156 ddnrimuni
319 1104 373 1156 ergo
382 1091 583 1159 dicundum‚qudd
591 1092 731 1158 inguinos
741 1092 941 1157 immisissent

138 1161 258 1215 seientiam
276 1175 317 1226 pro
331 1161 432 1227 qualibet
446 1167 507 1214 reeta
522 1164 618 1218 radone.

169 1235 204 1286 dd
220 1234 343 1285 seeundum
362 1235 498 1300 dioeudum,
515 1235 576 1300 qudd
593 1236 745 1300 Philosophus
766 1236 840 1299 dioit,
856 1253 872 1287 u
890 1237 941 1288 artis

138 1317 189 1355 esse
201 1305 320 1369 uirtutem,
331 1322 345 1352 n
358 1306 412 1370 quia
424 1319 473 1358 nou
483 1307 593 1372 importet
605 1307 763 1360 testitudinem
775 1308 903 1373 oppedum
916 1310 940 1360 n

137 1373 197 1440 ideo,
209 1376 238 1426 ad
247 1377 290 1428 hoo
302 1377 363 1444 qudd
375 1380 443 1430 homo
461 1379 525 1431 noutd
536 1383 616 1430 ututur
629 1382 693 1443 auto,
707 1378 806 1444 nquius
821 1379 886 1444 quod
898 1382 939 1432 lu·

68 1461 71 1465 ·
136 1447 190 1498 beat
212 1448 319 1499 viduum
339 1463 390 1513 qum
405 1449 475 1500 facim
491 1451 651 1502 rectitudinem
673 1450 797 1514 appellus.
819 1451 939 1504 Pnduum

73 1571 84 1596 Ι
138 1523 214 1571 autem
229 1534 277 1572 non
289 1520 358 1573 labet
369 1522 445 1573 locun
461 1521 487 1572 iu
502 1521 539 1574 tiis
554 1535 606 1586 qum
620 1525 674 1573 sunt
688 1521 757 1585 antis,
772 1525 823 1572 tum
838 1523 896 1586 quia
907 1536 939 1572 aas

138 1591 254 1642 ondinntan
267 1593 297 1645 ad
310 1592 408 1656 aliquem
421 1593 580 1657 panioniaaem
597 1593 679 1656 lineum
693 1596 743 1644 tuna
754 1593 811 1656 quia
821 1607 861 1644 ans
874 1594 941 1646 hild

140 1663 290 1715 determinata
300 1663 374 1724 media
384 1677 426 1727 per
436 1678 488 1728 qum
498 1663 629 1728 pemanitun
639 1665 668 1714 ad
677 1664 756 1717 duom.
766 1664 858 1716 dieitur
869 1669 941 1718 mnan

139 1735 221 1800 alonis
232 1737 355 1801 prudenter
365 1736 454 1800 operari
465 1735 491 1785 in
503 1735 538 1785 luis
553 1748 603 1799 qum
615 1738 670 1785 sunt
686 1735 741 1786 artis
749 1772 762 1798 r
774 1749 817 1800 per
834 1735 940 1788 similitu-

139 1805 216 1858 dinem
228 1809 358 1871 quomdam.
380 1808 408 1857 ln
421 1805 553 1870 quibusdam
570 1809 647 1858 autem
663 1805 750 1858 artibus
764 1811 861 1872 propter
872 1809 941 1860 inoes-

140 1875 260 1928 titudinem
273 1891 352 1929 eorum
362 1875 445 1942 quibus
458 1876 590 1941 peruenitur
608 1877 637 1928 nd
645 1877 725 1942 finem,
741 1879 942 1930 necessariumest

140 1947 276 2011 eonsilium,
291 1948 351 1998 sieut
371 1949 395 1998 in
412 1947 542 1998 medicinali
560 1951 584 1998 iet
601 1948 627 1997 in
646 1948 805 2014 navigatoris,
816 1954 844 2001 ut
864 1950 942 2002 dieitur

140 2016 164 2068 in
178 2019 208 2068 lll
220 2020 306 2069 Etluie.
319 2020 383 2085 (sap.
396 2021 411 2070 t
423 2019 459 2072 vel
471 2023 495 2083 d,
510 2033 557 2071 non
570 2023 596 2070 ut
607 2018 675 2084 peiles
683 2024 698 2069 d
707 2019 727 2082 ).

172 2089 207 2139 ld
215 2089 306 2140 tertium
317 2090 452 2152 dicendum,
466 2088 528 2154 dudd
542 2089 598 2142 illud
611 2090 695 2142 dietum
708 2091 826 2155 Sapientis
845 2105 894 2145 non
909 2095 942 2144 est

141 2159 175 2210 sio
191 2159 378 2225 intelligendum,
398 2161 458 2226 qudd
470 2161 520 2227 insa
539 2162 659 2226 prudentia
675 2162 706 2212 sit
727 2163 884 2230 moderanda,
904 2163 942 2216 sod

141 2230 197 2294 quia
209 2231 333 2284 seeundum
345 2232 488 2298 umdonfim
500 2236 537 2288 est
550 2231 601 2286 aliis
613 2234 695 2288 nodus
705 2233 872 2298 imponendus.
