1992 3317
338 153 369 194 uu
383 152 449 195 uodo
465 149 571 195 moute.
807 150 852 200 Μ

37 232 97 285 dode
107 232 164 284 edm
176 230 238 284 lilrer
252 230 284 283 sit
295 231 361 296 eqni
371 244 440 284 eausa
448 232 484 284 sui
493 237 543 297 est,
552 249 567 282 o
579 236 606 284 nt
617 233 700 284 dieitur
708 233 727 285 l.
738 238 846 301 lletopd.

37 320 113 357 servus
131 308 169 357 est
183 304 227 368 qui
241 318 289 355 non
307 318 377 355 eausa
393 306 428 356 sui
442 310 565 369 operatur,
585 307 703 374 sediquosi
721 308 749 357 ab
767 311 854 360 extrin-

40 391 87 429 seco
101 382 194 428 mutue.
210 375 358 440 Quicumque
378 379 455 430 autem
471 390 501 427 er
514 390 591 429 umore
604 378 688 442 aliquid
704 379 773 442 iacit,
786 382 854 445 quasi

40 464 64 499 er
83 450 165 514 seipso
182 450 312 515 oper-utum¹
324 448 380 513 uria
394 462 424 499 er
441 450 533 513 propria
544 450 693 503 inclinatione
703 458 809 505 moretur
823 456 853 505 ad

9 572 10 575 ,
41 522 192 585 operandum.
209 521 240 570 Et
253 520 306 571 ideo
319 522 400 570 contra
415 521 526 571 rationem
541 522 671 573 servilitatis
682 528 729 587 est,
740 524 801 588 qudd
810 526 852 576 ali-

39 594 85 655 quis
98 606 129 645 ex
146 606 228 643 amoro
245 595 356 656 operetur
373 592 426 643 :sio
443 605 496 656 ergo
513 592 582 643 timor
594 595 682 647 sortitis
700 595 724 645 io
741 600 852 660 qnantum

41 665 129 715 servitis
143 666 196 726 est,
213 662 320 718 chamuti
334 664 492 715 contrariatur.
507 664 532 716 si
551 677 604 729 ergo
622 667 735 718 servilitas
751 673 813 719 esset
822 671 850 721 de

40 738 126 787 ratione
138 734 233 787 timoris
246 734 353 799 servitis,
372 740 486 800 oporteret
499 734 561 801 quio
577 738 646 789 timor
654 740 744 791 servilis
758 740 851 806 simpli-

41 807 91 855 riter
111 808 178 858 esset
196 806 273 857 mdes
289 822 295 856 :
311 806 371 857 siem
393 804 527 857 adulterium
546 808 679 873 simplidter
697 814 732 861 est
749 813 847 876 malum3

39 879 91 939 orda
114 878 141 927 id
163 891 193 928 ex
213 890 259 941 quo
278 874 430 929 contrariatur
445 878 567 940 charitati,
582 880 681 943 pertinet
699 882 727 931 ud
748 882 851 934 adulterii

40 949 157 1011 speciem
172 949 218 999 sed
231 948 341 1013 predieta
355 946 467 1001 servilitas
485 962 532 1001 nou
541 952 641 1016 pertinet
662 952 691 1003 ud
708 953 808 1017 speeiem
821 954 851 1007 ti·

40 1020 116 1069 moris
130 1019 226 1084 seruilis,
238 1021 300 1071 sieut
311 1034 355 1071 neo
369 1020 499 1073 intonuitas
513 1023 540 1072 ed
554 1022 653 1087 speeiem
664 1023 719 1075 iidei
735 1025 848 1078 informis.

40 1091 135 1154 Species
152 1091 214 1142 enim
228 1092 324 1143 moralis
337 1093 430 1143 habitus
447 1094 484 1144 vel
503 1097 569 1143 actus
583 1108 612 1145 ex
629 1094 720 1156 objecto
734 1096 850 1160 auipitur.

41 1163 161 1225 doiorum
175 1166 254 1214 autem
268 1164 360 1215 timoris
377 1164 468 1215 semilis
487 1169 522 1216 est
537 1178 620 1233 μεως
635 1166 673 1217 oni
691 1166 774 1217 accidit
790 1167 851 1231 qudd

42 1234 123 1285 bonnm
135 1235 174 1285 oui
187 1236 341 1286 contrariatur
352 1246 437 1301 prena,
454 1241 543 1289 ametur
552 1241 660 1302 unquam
672 1237 724 1289 linis
736 1238 846 1305 ultimos,

43 1311 63 1355 ει
79 1320 120 1370 per
131 1319 282 1371 consequens
290 1320 364 1372 poeuu
374 1308 483 1359 timeatur
492 1313 601 1374 tauquam
613 1310 740 1377 principale
753 1312 849 1374 maium,

43 1378 97 1439 qood
109 1376 260 1441 contingitin
270 1392 318 1430 uon
332 1378 431 1431 habente
442 1378 644 1447 crederemur,
659 1382 720 1447 qnod
733 1384 852 1436 ordinetur

45 1449 67 1497 in
82 1452 157 1501 Demo
173 1450 236 1500 siem
248 1449 274 1499 iu
288 1450 373 1513 linem,
384 1453 409 1501 ει
421 1462 462 1515 per
476 1464 619 1515 consequens
632 1467 701 1517 poena
711 1468 759 1507 nou
767 1457 850 1507 timea-

44 1524 92 1582 tur,
109 1524 220 1585 tanqnum
242 1520 369 1585 principale
386 1518 484 1585 malum,
503 1524 563 1586 quod
579 1524 691 1589 contingit
707 1526 734 1577 in
752 1526 850 1578 habente

44 1592 185 1642 charitatem.
200 1592 253 1643 iton
271 1592 334 1643 enirn
352 1590 439 1643 totlitur
458 1594 547 1659 speeies
564 1593 655 1645 habitus
672 1608 714 1658 per
731 1597 777 1646 hoe
790 1599 851 1660 quod

43 1665 97 1725 ejus
113 1661 224 1725 obiectum
240 1664 279 1713 rel
293 1662 348 1715 finis
360 1662 476 1715 ordinatur
489 1665 659 1716 adulteriorum
670 1666 748 1716 duem.
758 1668 789 1715 Et
798 1668 850 1719 ideo

44 1736 115 1785 timor
132 1730 220 1785 servitis
244 1736 370 1787 seeundum
392 1749 456 1787 suum
476 1735 627 1790 substantiam
645 1736 719 1787 bonus
740 1742 789 1800 est,
810 1738 850 1789 sed

9 1830 10 1841 r
44 1806 154 1857 servilitas
167 1808 219 1872 ejus
232 1812 269 1859 est
283 1809 352 1860 mala.

74 1880 106 1928 ud
119 1878 221 1943 prmum
237 1890 292 1943 ergo
310 1880 446 1944 dicendum,
462 1881 523 1945 qudd
540 1882 636 1933 tubum
650 1881 706 1933 iliud
721 1882 844 1946 Augustini

43 1950 212 2013 intelligendum
231 1954 268 2001 est
287 1952 316 2002 de
334 1964 362 2003 eo
383 1951 423 2016 qui
439 1952 493 2005 iacit
513 1953 598 2018 aliquid
616 1949 699 2006 tinore
721 1954 799 2007 serviti
821 1955 846 2006 in

44 2027 149 2085 quantum
173 2027 210 2074 est
231 2023 336 2086 servilis,
355 2027 381 2075 ut
400 2024 485 2076 scilieet
509 2038 556 2077 non
577 2029 638 2077 umet
655 2025 784 2092 justitiam,
805 2028 845 2078 sed

44 2095 113 2145 sotim
125 2108 222 2161 punem
234 2095 323 2146 timeat.

73 2168 104 2217 ltd
117 2168 241 2218 secundom
251 2164 386 2231 dimidium,
399 2167 459 2231 qudd
470 2166 539 2219 timor
545 2169 633 2221 servitis
645 2170 771 2220 seeundum
779 2184 844 2221 suam

47 2238 188 2289 substantiam
204 2250 251 2289 non
265 2238 338 2288 oritur
356 2252 384 2289 ex
397 2242 500 2303 tumore;
516 2241 555 2290 sed
568 2240 618 2305 ejus
635 2239 747 2293 seruiiites
760 2255 788 2293 ex
808 2247 845 2292 tu-

47 2322 100 2359 nore
119 2310 230 2371 nasutur,
246 2308 272 2359 iu
287 2312 396 2374 quantum
410 2310 495 2361 seilicet
512 2311 583 2363 horno
598 2311 703 2363 affectum
718 2326 784 2365 suum
797 2328 845 2365 non

45 2383 89 2431 ruit
102 2381 215 2446 suijioere
226 2380 282 2444 jugo
295 2379 390 2445 justitio
402 2392 441 2446 per
450 2394 560 2434 amorem.

71 2456 102 2504 dd
119 2455 214 2505 tertium
228 2452 363 2517 uuerdan,
376 2452 436 2517 quod
453 2466 516 2506 amor
533 2456 687 2508 mercenarius
702 2457 784 2508 dieitrn
801 2457 840 2523 qui

46 2522 113 2575 Deum
136 2524 212 2589 diligit
232 2527 329 2589 propter
344 2524 405 2574 idua
423 2525 569 2591 temporatim
589 2529 649 2591 quod
673 2528 799 2578 secuudum
817 2542 842 2579 se

45 2596 143 2647 chunuti
159 2596 312 2648 mutradatm
326 2612 333 2646 :
355 2601 380 2647 et
391 2595 443 2647 ideo
457 2610 521 2648 umor
532 2600 684 2650 meroonarius
704 2614 796 2666 semper
810 2605 845 2652 est

45 2668 120 2720 malus.
137 2668 183 2719 Sod
201 2668 272 2719 timor
292 2666 384 2721 tertiis
399 2670 525 2720 secundum
542 2681 606 2721 erum
626 2670 776 2723 substantiam
799 2686 844 2723 non

44 2741 144 2806 inportat
155 2742 201 2793 nist
214 2740 323 2793 timorem
335 2746 422 2805 puae,
435 2741 485 2796 sive
495 2740 602 2793 timeatur·
613 2744 640 2793 ut
652 2741 781 2809 principale
796 2756 844 2794 ma-

45 2813 85 2865 turo
90 2851 101 2880 ,
120 2814 168 2869 sire
181 2812 232 2869 uon
244 2814 354 2867 timeatur
366 2816 392 2865 ut
404 2814 490 2869 malum
503 2814 639 2880 ermundo.
