1992 3317
315 140 348 178 nr
359 135 423 180 nono
440 135 582 180 ttrmnrrnr.
803 133 850 182 ott

49 217 113 267 tinne
121 215 185 280 dicit,
197 216 249 266 xlx
259 215 386 267 Decipit.
397 219 453 268 Dei.
468 217 576 268 moliare
585 219 662 269 nutem
669 218 769 284 pertinet
777 220 804 269 nd
814 233 850 272 su·

49 287 179 352 pientiam,
190 290 217 337 ut
229 290 293 354 putet
305 299 346 352 per
363 287 528 354 Philosophum
539 288 564 338 in
580 289 694 354 principio
709 290 849 356 Metupdpc.

48 360 78 409 Et
90 358 143 410 ideo
156 371 209 409 esec
225 358 345 423 pucittcuro
359 363 522 411 convenienter
535 360 664 411 nttnltuitnr
677 361 801 428 sapientie.
816 362 851 412 lid

49 429 171 494 premium
188 433 264 481 unum
276 429 376 494 pertinet
395 432 453 495 quod
468 431 551 481 dicitnr
567 447 572 480 :
589 449 603 480 u
616 431 669 483 Filii
682 433 722 484 ltei
737 434 851 486 rocabou-

47 504 93 551 tur.
109 518 125 548 n
140 501 252 551 Dicuntur
263 505 339 552 autern
350 501 420 566 aliqui
433 501 474 552 tilii
485 502 543 565 llci,
557 501 701 568 inquantum
712 505 851 570 participant

49 571 224 623 similitudinem
243 572 295 623 Filii
315 572 429 636 unigeniti
449 577 473 624 et
498 573 623 638 naturalis,
646 575 768 626 semodium
794 575 850 628 illud

49 645 134 704 Rom„
151 643 203 694 llll
217 659 223 693 ι
243 645 333 703 «Quor
347 644 463 708 prescivit
475 645 601 696 conformes
614 644 663 696 lieri
682 645 785 710 imaginis
797 646 851 697 Filii

49 717 83 764 sul
93 730 100 778 3
110 731 125 762 u
138 713 278 779 quiquidem
290 718 326 766 εει
339 715 451 779 snpientia
466 716 552 778 genita.
567 717 595 765 m
615 715 680 777 ideo,
693 717 851 783 participando

48 787 135 836 donum
150 786 284 850 sapientiae,
301 787 329 836 ud
346 785 388 836 liei
402 787 534 839 filiationem
551 789 619 839 homo
632 789 747 852 pertingit.

79 859 113 908 lo
126 858 227 922 primurn
238 869 292 921 ergo
303 855 438 921 dicendum,
454 856 516 921 quod
530 857 648 909 charitatis
661 862 694 908 eet
705 859 786 910 habere
807 873 851 924 pn·

48 942 116 992 cem;
138 929 178 980 sed
200 927 274 978 iacere
292 940 371 992 puoem
388 933 425 979 est
442 929 560 993 sapientie
586 929 720 980 ordinantis.
744 930 852 982 Similiter

48 1001 120 1051 etium
140 999 238 1064 Spiritui
251 1000 470 1050 cunctosintantum
480 1001 682 1064 diciturept'rituc
692 1001 849 1065 adoptionis,

47 1072 74 1120 in
91 1073 205 1135 qnantum
217 1083 258 1134 per
270 1083 322 1120 cnm
336 1069 401 1121 natm
413 1071 479 1122 nolite
490 1069 612 1121 similitudo
624 1070 664 1120 filii
678 1070 800 1136 naturalis,
811 1073 851 1137 qui

48 1146 85 1193 est
96 1141 174 1207 genite
191 1141 310 1206 sapientia.

80 1214 116 1265 nd
135 1210 261 1265 secundm
274 1213 408 1278 dicendum,
428 1211 488 1278 quon
507 1213 561 1266 illud
578 1219 613 1266 est
631 1213 802 1278 intelligendum
823 1215 851 1266 de

47 1286 164 1351 snpientia
180 1285 293 1346 increata,
310 1299 360 1349 que
373 1285 447 1350 primo
462 1300 486 1337 se
498 1286 566 1338 nohis
578 1287 629 1338 unit
641 1299 682 1352 per
696 1288 780 1337 donum
794 1287 850 1337 cliu-

46 1358 139 1422 ritutis3
157 1360 180 1407 et
194 1370 224 1408 ex
245 1358 289 1408 hoc
304 1359 391 1409 revelat
408 1358 473 1408 nobis
491 1359 613 1424 mysteria,
632 1372 729 1423 quornm
751 1358 850 1423 cognitio

46 1434 83 1481 cst
97 1428 213 1494 supientia
223 1428 309 1479 inluso.
328 1430 359 1480 m
371 1429 423 1480 ideo
437 1427 635 1493 supientiainltrsu
649 1443 698 1494 quc
709 1433 745 1481 cst
754 1429 849 1494 donum,

47 1515 94 1552 non
107 1505 144 1552 cst
157 1501 365 1564 muscetanum,
379 1502 418 1552 sed
433 1501 506 1564 magis
516 1500 620 1552 eftectus.

78 1573 115 1623 An
125 1573 219 1624 tertium
229 1571 357 1635 (tuendum,
368 1571 429 1635 qnod
442 1572 501 1622 sicut
508 1572 556 1639 jem
565 1571 650 1622 dictum
662 1574 697 1622 εει
709 1573 759 1635 (art.
773 1570 807 1634 3),
823 1571 851 1620 ud

22 1663 27 1670 ·
47 1644 202 1712 rapientium,
219 1642 343 1694 secondum
358 1642 419 1708 quod
436 1647 472 1693 εει
487 1645 585 1705 donum,
604 1643 702 1708 pertinet
713 1655 760 1693 non
778 1641 851 1694 solnm

46 1714 203 1779 contemplari
213 1715 301 1778 diviua,
311 1714 352 1765 scd
365 1714 435 1764 etium
445 1714 547 1777 regulare
560 1715 672 1763 humanos
683 1715 756 1764 notus.
770 1713 796 1763 ln
807 1725 851 1776 qua

46 1789 143 1853 quidem
154 1787 289 1850 directione,
303 1785 378 1850 primd
386 1785 484 1838 occurrit
496 1785 592 1836 remotio
602 1785 614 1834 t
625 1785 691 1834 mulis
704 1798 753 1850 que
763 1787 851 1835 contru-

46 1863 138 1913 rinntur
150 1857 354 1923 sapientiumde
367 1862 392 1908 ει
405 1857 472 1908 timor
486 1855 569 1908 dicitur
577 1869 628 1908 esse
641 1855 754 1906 «initium
763 1855 852 1920 supien-

46 1934 99 1997 tiae‚
111 1948 126 1979 rr
145 1931 172 1980 in
188 1931 299 1994 quantum
314 1928 371 1979 lucit
380 1928 597 1993 rcredcrctmalim
611 1928 716 1978 ultimum
730 1932 805 1980 autem
816 1931 851 1978 est

46 2006 106 2055 sicut
121 2001 189 2063 tinis,
202 2015 248 2066 quo
266 2000 342 2051 omniu
354 2001 383 2050 ud
400 1999 501 2051 debitum
514 1998 615 2052 ordinent
628 2000 774 2066 rediguntur,
792 2001 850 2064 quod

46 2077 149 2140 pcrtlnet
160 2074 190 2123 nd
201 2071 315 2123 rationem
324 2071 397 2136 pacis.
408 2072 438 2122 Et
451 2071 503 2122 ideo
513 2071 675 2122 convenienter
682 2071 777 2122 lacobus
787 2063 851 2134 dicit,

47 2146 108 2210 qnod
123 2163 139 2195 ε
151 2142 327 2208 sapientiaque
339 2143 459 2195 desursum
468 2147 518 2206 est,
530 2161 543 2191 u
552 2157 601 2209 qnae
613 2149 648 2195 est
660 2144 743 2195 donum
755 2142 853 2207 Spiritus

47 2217 137 2280 sandi,
153 2234 169 2265 u
182 2214 282 2280 primum
296 2217 334 2265 ert
348 2215 469 2279 pudicam
482 2215 548 2278 quusi
561 2215 635 2265 vitum
648 2215 786 2278 cormptelas
798 2225 852 2279 pec-

48 2292 108 2354 cati3
121 2288 210 2340 deinde
223 2290 299 2337 uuum
314 2303 328 2334 u
345 2286 448 2350 puciticc,
463 2303 476 2333 rr
491 2287 552 2351 quod
568 2289 602 2336 est
616 2285 690 2336 tinnis
705 2285 797 2336 eductus
814 2297 850 2336 sa-

48 2361 152 2426 pientie,
165 2358 328 2426 propterquod
338 2358 431 2423 ponitur
440 2358 564 2408 beafitudo.
578 2359 627 2408 tum
640 2357 695 2408 tero
707 2358 782 2408 omniu
799 2367 851 2421 qum

46 2430 340 2497 sequnntur,maniiestant
349 2442 483 2495 caperque
493 2429 607 2494 snpientia
616 2427 851 2494 udpnccmperducit,

47 2510 73 2557 ει
83 2505 163 2557 ordine
176 2513 278 2568 congruo
295 2518 300 2550 :
316 2515 368 2552 num
383 2501 471 2552 homini
486 2515 529 2565 per
544 2499 673 2566 pudicitiam
687 2497 700 2550 t
719 2498 852 2564 corruptelis

46 2576 166 2630 recedenti
175 2573 253 2642 primii
268 2573 366 2624 occurrit
376 2571 446 2638 quod,
456 2575 567 2636 quantum
579 2583 609 2628 er
621 2585 646 2622 ec
656 2573 746 2636 potest,
760 2570 851 2620 modum

44 2649 70 2700 tn
86 2649 196 2700 omnibns
213 2648 307 2708 tenent,
318 2648 342 2694 ει
358 2647 468 2709 qnantum
483 2645 511 2694 ud
533 2645 575 2694 troc
588 2643 671 2694 dicitur
683 2659 697 2690 u
710 2643 852 2705 modestum

46 2720 166 2783 omnnio,
181 2718 248 2769 utin
262 2718 301 2767 liic
318 2717 343 2767 in
358 2716 441 2780 quibus
457 2715 508 2780 ipse
522 2713 566 2766 rili
578 2727 623 2765 non
638 2713 737 2775 sufficit,
758 2712 852 2763 aliorum

46 2792 143 2844 monitis
157 2790 306 2858 acquiescat,
318 2791 341 2839 et
354 2790 463 2852 qnantum
477 2787 505 2837 ad
515 2788 558 2837 hoc
573 2785 663 2848 subdit,
680 2779 852 2844 «suadibilimn

47 2869 71 2920 ct
87 2866 138 2918 truc
152 2864 201 2918 dno
217 2859 335 2930 portinent
350 2859 379 2911 ad
394 2860 440 2910 lroc
451 2857 512 2926 quod
527 2859 596 2912 tomo
608 2859 759 2923 concoquetur
772 2865 855 2923 pacem
