1992 3317
314 90 318 102 ¹
334 111 341 120 =¹
355 93 386 130 un
402 91 592 132 communen.
826 77 875 132 titt

54 183 126 226 rone
139 173 163 221 et
176 169 190 220 d
202 169 340 232 dedecore,
355 169 409 234 quia
424 169 556 221 criminator
569 172 606 220 ent
622 169 663 234 qui
677 169 766 234 predict
781 171 876 224 cemma

56 244 122 294 otiis
134 240 249 308 imponit,
263 241 301 292 vet
320 241 444 292 acuendo
458 241 496 290 ret
514 241 675 306 conuitiand03
690 242 750 306 quod
763 255 810 294 noa
822 254 876 307 per-

56 317 131 366 tinet
146 315 174 366 ad
190 315 338 364 detractorem
352 316 376 364 et
387 323 546 364 susurronem.

96 383 247 442 nitardum
268 385 402 446 dicendum,
419 384 480 448 qudd
499 384 620 450 bitinacio
633 385 724 451 proprid
743 385 825 436 dicitur
838 400 877 436 au·

58 470 146 510 sucro.
160 455 216 507 edm
238 456 300 506 enim
319 456 417 507 amicitie
435 457 542 508 nitidior
558 459 628 521 doce,
642 457 723 508 nititur
741 471 833 509 adsumo
847 471 877 509 cx

59 533 170 592 utraque
181 532 246 592 parte
257 526 381 578 amicitiam
396 532 539 594 rumperc3ot
551 527 602 579 ideo
615 529 701 580 duabus
709 528 795 593 tingue
805 529 877 579 utitur

61 601 97 650 ad
116 600 190 662 duos,
208 597 250 648 uni
271 597 349 648 moene
372 599 458 650 malum
481 600 510 650 do
526 599 579 650 elio.
598 599 695 664 Propter
716 601 775 664 quod
793 598 877 650 dicitur

60 670 178 725 Euclea„
198 669 312 720 xxv111:
334 671 458 722 «Sunurro
481 675 511 722 et
531 671 638 735 bilinguis
659 673 809 737 maledictua3
823 687 838 720 u
853 673 878 722 et

63 742 178 794 subditur
193 757 199 791 :
215 759 229 791 u
242 741 325 794 Multus
338 743 399 794 onim
409 743 510 794 turbauit
521 755 602 809 paoem
612 745 732 796 hammus.
744 761 757 792 u

377 923 537 975 turlcdnds
552 923 583 974 11.

102 1049 193 1095 Utrum
207 1047 322 1094 detractio
331 1047 364 1094 eit
377 1049 477 1105 pravius
485 1051 607 1105 peecatum
620 1048 693 1106 quum
705 1050 848 1094 mourratio.
865 1108 869 1114 Δ
900 1067 917 1076 -

103 1177 141 1228 nd
159 1175 283 1226 mundum
297 1175 330 1226 sic
342 1175 472 1238 proceditur
480 1175 526 1240 (t).
539 1175 633 1226 Videtur
652 1174 713 1240 quid
726 1174 834 1227 detractio
848 1173 878 1225 nit

67 1248 170 1312 gravius
180 1250 296 1311 pecatum
315 1245 382 1309 quim
399 1246 532 1297 autumatio.
547 1247 642 1298 Peccata
655 1247 717 1298 enim
730 1246 776 1297 orio
788 1245 878 1298 cousin

36 1383 39 1390 Ι
67 1323 125 1371 tunt
144 1319 169 1368 in
184 1320 229 1369 troc
243 1317 303 1381 dudd
325 1316 408 1382 aliquis
422 1318 481 1368 mata
498 1317 560 1368 dicit.
575 1317 621 1368 Sed
642 1317 754 1369 detractor
776 1319 833 1369 dicit
851 1319 880 1368 do

68 1389 182 1456 proximu
196 1403 222 1440 eo
237 1403 288 1454 que
301 1392 354 1440 eunt
366 1390 425 1439 mate
438 1389 586 1454 simpliciter,
600 1389 654 1454 quia
669 1389 796 1440 extalibus
810 1390 882 1441 orior

67 1463 185 1525 infamia,
195 1463 233 1512 ret
242 1461 375 1512 diminuitur
388 1461 464 1524 tama3
480 1473 574 1512 susurro
584 1465 661 1511 auem
671 1473 718 1512 nou
728 1464 791 1511 curat
803 1460 878 1511 dicere

68 1534 122 1585 nisi
135 1533 195 1584 mola
212 1533 360 1598 apparentia,
378 1544 428 1595 qua
440 1531 532 1582 scilicet
544 1531 678 1595 displiceant
694 1532 804 1584 audienti.
819 1533 880 1594 Ergo

69 1606 171 1670 grauius
185 1609 302 1670 peecatum
315 1607 350 1655 est
364 1603 473 1654 detractio
487 1603 555 1668 quim
566 1603 697 1654 suamratio.

109 1683 135 1729 n.
149 1679 272 1742 Fraterno,
284 1677 420 1742 quicumque
438 1676 516 1751 autem
526 1675 593 1725 alicui
612 1674 704 1737 tamam,
719 1675 823 1726 ansedei
832 1685 880 1725 uon

72 1751 153 1803 sotum
166 1763 236 1800 unum
253 1749 360 1812 amicum,
374 1749 416 1799 sed
426 1749 522 1812 muttum
534 1747 724 1811 quiaintettectus
733 1747 880 1810 uniuscujus-

73 1837 122 1887 que
142 1821 227 1886 erupi
243 1819 372 1870 amicitiam
386 1818 507 1870 iufamium
528 1830 693 1883 pereouamm3
715 1819 777 1870 uude
798 1821 879 1869 mama

72 1893 244 1960 quemdamtt)
267 1891 363 1954 dicitur,
377 1893 396 1940 lt
417 1890 543 1956 Peculip„
562 1891 632 1941 xiii:
648 1890 716 1940 «iiie
729 1890 770 1955 qui
783 1891 879 1942 oderem

73 1965 208 2026 Dominum,
223 1961 343 2014 amicitid'
333 1963 443 2027 pungeris
456 1979 470 2010 ιι
485 1962 615 2013 susurratio
628 1965 703 2014 autem
716 1963 790 2012 aufert
805 1974 878 2011 ιιιιιιιιι

74 2037 153 2088 solum
167 2034 274 2086 amicum
288 2033 384 2084 Gravius
395 2046 448 2098 ergo
460 2038 579 2120 peccatum
591 2036 627 2084 eet
638 2033 749 2084 domama
761 2033 829 2098 quim
843 2047 881 2083 au·

74 2107 185 2159 sonatio.

111 2184 135 2229 n.
150 2181 275 2241 Praeterea,
289 2179 354 2234 dum,
369 2177 413 2240 IV,
427 2177 525 2230 dicitur:
543 2195 558 2226 u
569 2177 613 2238 Qui
632 2176 732 2228 detrahit
744 2175 809 2227 trani
826 2187 883 2240 eoo,

75 2251 180 2302 detrahit
189 2249 274 2314 tagip»
286 2253 310 2300 et
324 2261 365 2313 per
381 2258 523 2313 consequeus
534 2250 596 2311 doc,
606 2247 647 2312 qui
660 2252 695 2299 cot
711 2247 836 2310 leputatur.
855 2247 884 2297 itt

75 2323 112 2373 sic
137 2325 256 2385 peccatum
274 2319 420 2410 deiectionis
442 2321 533 2371 ridetur
554 2333 607 2371 enoc
624 2322 743 2384 peccatum
760 2319 786 2369 in
804 2319 884 2382 emm,

77 2447 224 2494 mutuatam
240 2445 265 2486 ut
279 2444 305 2484 et
319 2437 447 2490 Proceri„
466 2441 557 2498 XXVI,
571 2452 632 2486 vero.
652 2438 696 2498 2⁰,
710 2437 801 2496 planius
815 2436 885 2494 quim

77 2503 118 2551 hic
133 2504 173 2550 ubi
185 2503 267 2561 euprd:
284 2503 345 2548 Cium
361 2499 493 2562 defecerint
507 2503 593 2560 tium,
608 2500 785 2559 continuaretur·
801 2501 886 2559 tectu

77 2575 100 2614 et
114 2578 252 2614 susurrone
268 2564 403 2615 auttrccto,
412 2565 505 2624 turpio
519 2566 697 2623 conducerent.

113 2638 134 2697 (t
162 2636 379 2693 Dehisetiomqu
394 2632 433 2694 1⁰,
449 2641 493 2681 art.
510 2635 534 2694 ³,
549 2635 616 2681 add.

114 2702 138 2761 (2
163 2702 251 2757 Nempe
261 2705 342 2745 contra
351 2699 464 2772 iosaphat
471 2711 551 2756 regem
561 2699 630 2756 tuda,
641 2703 737 2756 propter
749 2698 886 2744 affinitatem

77 2777 151 2829 qoam
163 2775 218 2809 eum
231 2763 332 2809 Aedah'
325 2761 397 2820 empto
410 2766 571 2822 comunem,
585 2762 694 2819 quamde
711 2761 776 2808 troc
768 2773 846 2854 aprum
862 2763 886 2808 ei

77 2831 177 2890 propter
186 2825 233 2873 alia
247 2827 312 2874 boma
324 2837 395 2884 opera
405 2825 561 2873 condonetur

193 2935 230 2975 Π.
744 2925 776 2972 28
