1992 3317
265 173 295 210 DE
310 170 444 211 PRUDIMIA
460 172 587 212 mennon!
603 175 640 212 SE·
806 169 850 215 7⁰3

49 245 202 299 emutiuurum
221 247 371 299 scientiarum.
389 249 447 308 Quia
463 263 517 314 ergo
536 251 657 315 prudentie
669 263 715 302 uon
734 255 770 302 est
791 253 852 306 eirca

48 320 109 370 fines
116 355 126 382 ,
140 319 181 370 ted
193 319 252 370 eirea
264 332 292 370 ea
304 335 356 384 que
371 325 426 371 sunt
437 322 466 373 ud
476 322 559 384 tinem,
571 325 597 372 ut
613 321 681 388 sopri
691 323 796 376 habitum
814 329 852 376 est

50 388 106 456 (art.
117 390 154 454 o),
169 391 348 456 ideoprudentia
361 395 454 443 nonest
468 393 583 444 naturalis.

81 463 117 513 dd
132 461 231 526 primum
244 475 298 526 ergo
311 461 445 527 dicendum,
462 465 522 528 qudd
537 465 689 530 Philosophus
704 467 736 518 ibi
753 469 853 532 loquitur

49 535 80 585 de
97 534 264 598 pertinentibus
273 535 301 585 ad
317 536 458 599 prudentiam
467 575 474 600 ,
483 537 607 590 seeuuddm
618 537 676 601 qudd
690 541 807 592 ordinatur
822 541 849 592 ud

46 605 118 656 tineo.
133 606 198 656 Unde
212 605 279 671 sopri
288 606 429 670 premiserat
438 608 497 672 quid
514 609 646 674 upriueipiu
659 614 712 661 suut
732 611 783 676 ejus
792 613 852 676 quod

48 680 87 729 est
100 677 168 741 euius
177 678 263 741 gretia,
272 693 287 724 n
300 678 324 728 id
340 682 376 729 est
388 679 449 730 fluis.
464 681 492 730 ue
505 684 595 745 propter
607 683 651 731 hoo
664 695 710 732 nou
726 683 780 733 teuit
794 684 853 735 inter

19 758 22 763 '
49 763 79 802 ea
99 748 240 800 mentionem
255 750 284 800 de
299 750 404 816 eutrotia,
421 765 473 816 que
489 754 525 802 est
545 751 685 803 consiliativa
706 767 782 806 eornm
803 768 853 822 qun

49 823 107 872 sunt
120 821 236 871 udinem.

82 893 119 943 nd
130 893 255 943 secuudum
268 893 401 958 dicendum,
412 894 472 960 quid
486 893 605 960 prudentia
616 895 688 960 magis
705 900 741 947 est
750 897 775 947 in
791 897 853 949 seui-

49 965 107 1025 hus,
124 976 173 1013 nou
185 964 259 1014 sotum
278 969 371 1030 propter
384 968 511 1017 naturalem
524 966 696 1032 dispositionem
713 967 852 1032 quietantem

49 1037 141 1086 motum
160 1035 291 1098 passionum
310 1036 467 1100 sensibilium,
481 1037 522 1088 sed
541 1037 609 1089 etiam
623 1043 715 1104 propter
736 1039 853 1103 experien-

48 1108 109 1158 tium
124 1107 187 1170 longi
195 1107 359 1172 temporisit).

82 1180 119 1229 td
129 1178 223 1229 tertium
237 1177 371 1244 dicendum,
386 1179 446 1243 quid
456 1180 524 1231 etium
537 1180 561 1232 in
574 1179 646 1232 brutis
655 1181 790 1233 unimuhirns
799 1184 852 1232 sunt

49 1249 211 1303 determinatur
229 1249 273 1301 rim
287 1251 435 1314 perveniendi
452 1252 481 1302 ad
494 1253 562 1304 duem
580 1267 585 1302 :
601 1253 662 1304 uude
676 1255 778 1305 videmus
792 1253 852 1318 qudd

51 1321 132 1374 omnia
143 1320 250 1371 animalia
263 1320 365 1384 ejusdem
381 1321 469 1388 speciei
486 1323 591 1376 similiter
604 1327 734 1389 operentur.
753 1325 796 1375 Sed
808 1326 852 1376 hoo

50 1407 102 1445 nou
122 1395 199 1457 potest
217 1405 267 1444 esse
284 1393 308 1442 iu
324 1394 415 1444 homine
432 1398 524 1459 propter
536 1395 646 1447 rationem
659 1395 725 1459 ejus,
738 1409 788 1460 quoe
802 1395 853 1446 cium

50 1465 81 1515 sit
105 1464 263 1528 cognosouiva
279 1465 457 1529 uniuersalium,
472 1468 502 1516 ad
522 1466 611 1517 infinita
626 1467 748 1531 singularia
767 1481 791 1519 se
813 1480 854 1518 eu-

49 1537 137 1588 tendit.

339 1644 499 1696 numenius
515 1645 573 1696 XVI.

153 1765 239 1810 Utrum
246 1765 376 1822 prudentia
384 1767 457 1823 posuit
470 1766 551 1812 amitti
560 1775 603 1824 per
612 1766 758 1812 oblivionem.

83 1895 120 1944 dd
137 1892 352 1943 sextumdecimum
369 1893 403 1942 sie
415 1893 544 1956 proceditur
557 1892 602 1958 (1).
618 1891 712 1944 Videtur
729 1891 789 1956 quid
801 1907 855 1957 pru·
883 1921 888 1924 -
988 1887 989 1894 ’

54 1964 137 2017 dentiu
148 1964 222 2027 possit
235 1963 308 2014 emitti
322 1976 363 2026 per
372 1963 518 2014 obliuionem.
529 1963 627 2014 Seieutiu
637 1963 699 2014 enim
712 1961 763 2013 oirm
779 1963 808 2014 sit
817 1977 856 2014 ne·

53 2035 218 2095 mosariorum,
230 2038 265 2085 est
278 2034 359 2085 certior
372 2034 439 2099 quim
457 2034 593 2099 prudentia,
604 2048 654 2098 que
670 2037 706 2085 est
722 2035 857 2098 contingen·

53 2109 113 2158 tium
128 2106 286 2171 operabiiinm.
299 2107 342 2157 Sed
354 2106 449 2158 scientie
460 2105 572 2158 amittitur
582 2120 623 2172 per
635 2104 782 2156 obliuionem.
798 2107 856 2170 Ergo

53 2179 130 2230 muitd
145 2178 218 2242 magis
228 2178 355 2242 prudentia.

86 2256 112 2300 2.
128 2251 255 2312 Praeterea,
270 2249 329 2299 sieut
342 2250 494 2314 Philosophus
512 2249 566 2300 dieii
580 2249 604 2300 in
618 2248 637 2300 li
651 2248 745 2308 didio„
759 2263 773 2298 u
784 2249 857 2299 uirtus

55 2338 88 2375 ex
100 2323 188 2374 eisdem
204 2325 325 2386 generatur
335 2324 359 2372 et
368 2322 532 2386 corrumpitur,
546 2319 658 2372 contrario
673 2319 740 2371 modo
755 2319 831 2370 iactis.
842 2335 856 2366 »

56 2396 101 2446 Sed
116 2394 146 2444 ud
161 2392 332 2458 generationem
345 2393 470 2458 prudentie
491 2394 645 2445 necessarium
662 2396 699 2442 est
714 2391 859 2457 experimon-

55 2471 117 2531 tum,
128 2467 188 2530 quod
199 2466 225 2516 tit
241 2477 272 2516 ex
287 2465 364 2515 multis
372 2465 487 2516 memoriis
494 2501 503 2529 ,
513 2467 540 2514 ut
551 2463 634 2516 dieitur
648 2463 672 2514 in
683 2463 794 2528 prineipio
809 2464 859 2514 Me·

92 2640 126 2705 (1)
135 2644 183 2698 ouo
191 2654 261 2688 seusu
270 2642 391 2700 Gregorius
399 2643 429 2688 ad
437 2641 505 2700 supri
513 2641 575 2686 diota
583 2643 663 2702 verbu,
672 2641 715 2688 lib.
722 2641 753 2687 XI
759 2639 861 2694 dierat„

56 2719 112 2764 nup.
122 2705 156 2752 t:
171 2705 221 2752 [tte
229 2707 260 2750 tu
269 2706 396 2764 sapientie
409 2703 494 2750 redico
507 2705 611 2752 solidata
619 2708 677 2750 runt
692 2701 795 2766 (inquit),
807 2715 859 2761 pum

52 2783 104 2830 per
115 2769 218 2816 uiuendi
228 2780 301 2813 usum
312 2769 384 2814 etium
394 2771 493 2813 ortuum
505 2768 670 2826 experimento
680 2767 859 2812 convalescunt.

95 2838 129 2904 (1)
144 2839 223 2887 Deliis
234 2839 304 2884 etiem
319 2838 343 2894 1,
354 2839 379 2899 2,
391 2852 431 2901 qu.
443 2838 483 2902 5³,
496 2844 541 2890 ert.
555 2838 583 2900 1,
598 2839 622 2884 irr
636 2851 714 2896 oorp.;
731 2843 804 2902 etqu.
821 2834 861 2896 18,

58 2905 89 2950 de
98 2904 177 2964 uerit,
193 2901 273 2962 arti,
287 2902 317 2952 ud
327 2902 351 2953 6,
681 2900 682 2903 ’
