1992 3317
355 206 388 244 on
402 203 465 245 omo
479 206 551 246 emur.
811 199 857 250 tlt

62 278 150 344 ardre,
164 280 226 347 ipsos
239 282 373 347 superiores
387 283 515 348 pleniorem
530 286 557 336 de
571 284 694 339 credendis
701 287 805 339 notitiam
817 291 858 339 ba-

61 349 119 468 gme,
136 356 159 401 et
171 353 241 417 magis
256 352 369 418 explicite
388 356 483 407 credere
500 360 601 421 oportet,
621 371 691 422 quam
704 372 783 411 corum
804 360 856 410 sub

7 477 8 480 ,
74 419 134 487 tos)
189 439 194 445 ’

7 529 8 544 t
83 493 208 559 limpondoo
221 497 364 560 dicendum,
378 497 440 561 quod
459 498 581 566 explicatio
597 502 765 553 credendorum
779 503 857 569 dtper

58 564 201 618 revelationem
224 570 338 620 diuinam.
364 570 486 620 credibilia
509 571 570 621 enirn
591 574 719 625 naturalem
742 576 856 627 rationem

58 635 166 701 euredum,
180 641 293 692 revelatio
305 644 386 690 antem
402 640 480 691 diuina
493 643 571 695 ordine
582 646 684 709 quodam
696 646 723 697 ad
734 646 856 699 inferiores

57 711 147 768 peruenit
157 725 197 777 per
208 712 358 778 superiores,
373 712 436 763 sicut
449 714 478 763 ad
490 715 596 767 honines
610 730 653 781 per
668 718 777 780 angelos,
788 722 812 768 et
826 720 854 769 ad

56 776 158 833 tetriores
172 787 281 849 angelos,
292 799 336 850 per
351 785 497 850 superiores,
507 796 533 837 ut
546 792 612 851 patet
623 802 665 857 per
678 788 814 855 Dionysium
830 790 855 840 in

59 851 144 902 delesti
155 856 259 906 Hieror.
276 859 347 921 (cap.
365 860 416 906 tet
427 856 464 920 l).
478 858 507 908 Et
521 859 582 922 ideo,
597 859 648 925 pari
661 859 765 924 ratione,
779 860 854 925 expli-

58 923 109 971 catio
123 925 169 976 lidei
186 930 281 993 oportet
293 930 356 995 qnod
370 928 491 992 perueniat
510 930 537 978 ad
559 930 680 981 inferiores
692 930 797 983 homines
814 946 855 997 per

55 993 155 1057 majores:
167 1003 188 1049 et
201 1002 275 1064 ideo,
288 1001 349 1051 sicut
362 1000 492 1064 superiores
507 1001 600 1065 augeli,
615 1002 657 1065 qui
669 1001 788 1055 interiores
802 1004 855 1053 illu-

55 1064 143 1132 minant,
157 1072 242 1124 babent
255 1072 386 1137 pleniorem
401 1071 505 1121 notitiam
520 1074 626 1123 derebus
637 1072 799 1136 diuinisquam
813 1075 854 1125 in-

54 1133 147 1206 seriores,
164 1146 189 1192 ut
201 1144 262 1195 dicit
281 1142 408 1207 Dionysius
419 1144 475 1207 xil,
490 1156 541 1207 cap.
565 1142 626 1195 eet.
640 1142 722 1201 Hier„
738 1144 770 1194 ita
783 1144 852 1195 etiam

51 1212 166 1271 superiores
180 1216 307 1277 nomines,
323 1216 352 1264 ad
372 1226 430 1277 quos
445 1215 543 1278 pertinet
559 1216 617 1267 alios
631 1214 734 1277 erudire,
748 1219 854 1267 terrentur

51 1280 121 1333 holere
139 1287 269 1350 pleniorem
290 1286 399 1337 notitiam
417 1286 598 1349 demandandis,
614 1291 638 1337 et
657 1285 730 1350 magis
744 1287 852 1353 explicite

53 1353 135 1407 ardor.

80 1425 212 1491 Mpnmum
229 1444 290 1494 ergo
311 1431 451 1495 dicendum,
463 1430 523 1494 qubd
543 1430 664 1496 explicatio
687 1432 851 1481 credendorum

52 1503 208 1565 uoumnaliter
228 1505 345 1567 quantum
360 1504 390 1553 ad
409 1506 536 1554 omnes-est
553 1506 580 1555 de
599 1504 740 1555 necessitate
755 1502 849 1563 salutis;

47 1569 91 1629 quia
101 1572 160 1635 plura
173 1578 289 1625 tenentur
300 1572 414 1639 explicito
427 1574 518 1625 credere
529 1575 644 1639 majores,
656 1574 698 1638 qui
705 1574 793 1624 habent
802 1572 851 1623 otti·

45 1640 96 1691 cium
106 1644 159 1695 allos
172 1645 318 1706 instruendi,
331 1658 404 1710 quam
416 1644 464 1695 alii.

70 1714 100 1764 td
111 1721 236 1769 secundum
255 1717 396 1778 dicendum,
415 1717 477 1780 quod
494 1718 610 1783 simplices
629 1731 677 1770 non
692 1722 748 1767 suut
766 1718 852 1769 exauri-

45 1786 140 1839 candide
151 1788 323 1841 subtilitatibus
331 1789 400 1851 tidei,
412 1789 456 1839 nisi
465 1793 555 1853 quando
569 1792 668 1841 habetem
679 1787 779 1851 suspicio
790 1790 850 1851 quod

43 1853 81 1904 sint
89 1859 115 1909 ab
124 1862 239 1913 hereticis
254 1860 438 1925 depravationi
451 1860 474 1910 in
483 1861 520 1911 bis
533 1862 623 1925 quead
634 1859 786 1911 subtilitatem
797 1860 851 1911 fidei

42 1929 159 1996 perinent,
172 1934 250 1984 solent
265 1932 336 1983 fidem
349 1932 490 1997 simplicium
507 1934 640 1997 depravare.
657 1932 682 1982 Si
693 1937 772 1982 tamen
787 1931 851 1981 inre·

42 1999 125 2052 utuntur
141 2017 188 2055 non
209 2002 363 2069 pertinaciter
384 2017 502 2067 peruerse
517 2004 628 2067 doctrinm,
642 2005 772 2065 adhaerere,
788 2002 808 2052 si
828 2003 850 2051 iu

42 2070 113 2123 talibus
125 2087 153 2124 ex
166 2075 319 2140 simplicitate
336 2074 462 2139 deliniant,
478 2088 525 2126 non
538 2074 573 2127 eis
584 2075 718 2139 imputatur.

67 2144 96 2193 ad
109 2147 202 2197 mutium
217 2148 359 2209 dicendum,
371 2145 434 2211 qubd
448 2146 550 2199 minores
564 2159 610 2197 nou
626 2146 713 2196 babent
727 2144 794 2195 idem
807 2145 850 2194 im-

41 2212 131 2272 plicitam
149 2218 175 2267 in
196 2220 245 2269 lide
264 2224 398 2282 majorum,
418 2217 470 2270 nisi,
486 2222 599 2282 quatenus
617 2217 717 2280 majmcs
736 2217 852 2267 adhaerent

41 2283 139 2341 dmrdre
149 2290 248 2343 dimnae.
260 2291 328 2342 Unde
338 2290 465 2353 Apostolus
478 2289 533 2339 dicit
546 2290 566 2339 l.
580 2288 617 2339 od
628 2290 698 2347 Cor„
711 2289 742 2339 lv
755 2303 760 2336 ι
773 2303 787 2335 «
796 2287 851 2337 luni-

7 2392 11 2413 .
40 2361 115 2409 talores
127 2362 174 2411 mci
191 2365 286 2424 estote,
301 2362 364 2413 sicut
383 2363 408 2410 et
425 2374 468 2425 ego
483 2361 576 2411 Christi.
589 2378 603 2408 u
615 2360 679 2411 Unde
694 2362 795 2410 bumana
811 2372 850 2408 co-

40 2430 103 2488 rnilio
113 2446 159 2483 uon
175 2435 204 2484 ut
221 2435 304 2497 regula
321 2430 389 2495 fidei,
406 2431 544 2483 sedveritus
559 2432 650 2497 diuina;
666 2432 733 2496 apua
749 2430 769 2489 si
780 2428 851 2492 aliqui

40 2501 140 2564 rrajomm
155 2504 284 2568 deficiant,
296 2519 348 2556 non
363 2502 499 2568 prejudicat
512 2502 565 2556 ssdei
583 2503 737 2567 simplicium,
753 2499 793 2565 qui
811 2511 851 2549 eos

39 2579 113 2625 rectam
124 2577 195 2629 fidem
215 2578 308 2629 habero
326 2577 439 2639 credunt3
459 2575 506 2625 uisi
525 2576 676 2639 pertinaciter
691 2585 770 2633 comum
788 2582 850 2620 erro·
924 2600 925 2605 =

38 2641 849 2715 uusmpnmunuauumemsconmurtverrausnonestenaam

36 2730 80 2776 ‘llffl
91 2732 136 2771 nau
151 2725 235 2786 potest
247 2720 367 2782 delicere,
377 2718 473 2769 Domino
484 2718 590 2781 dicente,
607 2716 679 2771 doc„
696 2714 738 2764 llll
752 2727 757 2760 ε
775 2729 789 2760 «
802 2710 850 2772 Ego

36 2799 75 2846 91⁰
86 2793 204 2858 temperi,
215 2794 300 2855 Petro,
313 2794 342 2843 ut
351 2800 398 2841 uon
408 2790 499 2841 deiciat
509 2789 566 2843 tides
576 2792 656 2869 tuam
