1992 3317
249 193 279 228 be
293 185 628 229 tumulrrouurmmoeun.
788 181 835 227 ιιι

43 265 154 315 receditur
172 265 200 314 ab
216 279 244 317 eo
256 267 317 329 qued
328 269 363 316 eet
376 265 501 318 seeundum
513 270 631 330 maturam,
645 267 670 317 iu
684 266 707 316 id
723 268 783 330 quod
800 273 835 318 est

42 339 119 386 uentre
129 338 241 386 naturam.
250 353 265 384 a
279 339 323 388 Sed
340 337 463 388 seeundlrm
482 337 612 388 uaturamd
629 339 676 388 beo
688 338 834 400 institutam,

41 413 75 456 est
89 406 150 470 qubd
164 420 247 471 eorpus
261 409 360 458 beminis
370 409 401 458 sit
411 408 523 472 integrum
538 407 660 473 membris;
677 412 754 460 muira
768 412 833 459 natu·

42 493 88 527 iarn
102 481 178 530 autem
195 481 244 542 est,
258 479 319 542 qudd
335 480 365 530 sit
380 479 480 530 membre
498 480 644 530 diminutum.
659 481 717 544 Ergo
728 479 833 530 mutilare

41 550 139 612 aliquem
155 551 270 613 membro,
288 563 377 615 semper
387 551 534 602 videturesse
546 555 676 615 peceatum.

70 628 95 671 2.
111 623 238 682 Praeterea,
255 621 313 673 sieut
331 635 355 672 se
371 623 439 673 babet
455 625 503 674 tota
514 623 591 673 anima
605 626 634 676 ad
654 629 729 675 tetum
745 639 835 690 eorpus,

41 696 69 744 ila
84 707 110 744 se
123 693 209 743 babent
221 696 297 756 parles
312 695 393 744 auimae
406 695 433 744 ad
444 699 521 759 partes
530 695 639 760 eorporis,
648 701 675 746 ut
687 696 768 746 dieitur
776 698 800 747 iu
816 698 836 747 ll

43 769 76 814 lle
95 765 185 814 areima
200 765 276 827 (text.
292 765 335 829 9).
349 766 393 816 Sed
410 779 456 818 uon
472 767 527 817 lieet
538 767 636 830 aliquem
648 768 737 831 privare
751 769 834 831 animi,

40 836 166 886 decidendo
178 836 266 899 ipsum,
278 837 323 886 nisi
335 837 424 900 publiea
436 841 558 902 potestate.
573 838 632 900 Ergo
643 839 712 888 etiam
723 852 771 889 nou
781 839 836 889 lieet

40 908 140 971 aliquem
154 907 258 958 mutilare
277 909 390 973 membro,
400 909 444 960 nisi
458 909 517 960 forte
527 907 651 960 secuudum
664 910 779 973 publicam
794 923 836 975 pe

40 983 156 1030 testatem.

70 1055 94 1100 3.
110 1051 239 1113 preterea,
254 1051 316 1102 salue
333 1051 413 1102 anime
425 1051 565 1116 preferenda
580 1053 616 1102 est
629 1049 697 1100 saluti
716 1051 835 1115 corporali.

39 1123 84 1172 Sed
106 1135 155 1172 uun
170 1122 224 1171 lieet
240 1122 308 1172 alieui
327 1123 430 1173 mutilare
451 1135 476 1173 se
497 1121 613 1182 membm‚
627 1126 720 1185 pmpter
739 1122 837 1172 salutem

39 1193 137 1254 animae3
150 1191 274 1255 puniuntur
283 1193 344 1244 euim
357 1193 482 1244 seeundbm
497 1196 582 1243 statuta
595 1193 675 1243 Nieeui
687 1192 785 1255 mudilii,
796 1194 836 1256 qui

38 1277 62 1314 sa
80 1266 241 1314 castraverunt
258 1269 351 1328 prepter
366 1265 497 1316 castitatem
511 1264 653 1314 servandam.
670 1265 729 1326 Ergo
746 1269 838 1328 propter

39 1336 127 1390 nullam
136 1335 303 1384 causemaliam
314 1335 367 1386 licet
376 1336 473 1399 aliquem
486 1335 588 1386 membre
600 1335 712 1386 mutilare.

68 1407 118 1456 Sed
134 1409 214 1456 eorem
225 1412 275 1465 est,
290 1407 350 1471 qued
367 1407 447 1457 dieitur
459 1407 555 1462 Eaeod„
568 1407 619 1456 llxl
638 1423 645 1456 ε
661 1425 675 1456 u
690 1406 784 1457 (leuium
797 1419 838 1470 pm

37 1479 120 1540 uculo,
143 1477 236 1527 dentem
256 1491 298 1542 pro
315 1481 400 1542 deute,
420 1491 512 1529 manum
530 1492 572 1541 qm
593 1490 678 1541 mauu,
691 1479 773 1542 pedem
796 1491 839 1541 pro

37 1551 97 1612 pede
110 1550 158 1614 (l).
173 1565 187 1596 u

69 1623 243 1684 (Comedusro.
256 1647 287 1658 —
300 1621 349 1671 Nou
370 1620 425 1670 lieet
436 1621 534 1684 aliquem
554 1619 634 1682 quovis
653 1620 754 1670 membm
774 1619 841 1668 muti-

37 1695 99 1756 lare,
114 1692 164 1742 uisi
172 1691 268 1755 publicis
277 1692 395 1756 personis3
406 1691 501 1755 priuatis
511 1693 596 1752 drumm,
605 1690 699 1740 nonnisi
708 1690 736 1740 de
746 1691 837 1740 licentia

37 1766 88 1829 ejus
106 1765 177 1828 eujus
192 1767 228 1814 est
245 1764 383 1827 membrum,
394 1763 419 1812 iu
432 1775 486 1812 casu
499 1774 545 1825 que
557 1761 653 1812 membri
667 1761 762 1825 putredo
770 1761 841 1811 tetius

35 1834 144 1900 eorporis
159 1834 225 1885 saluti
237 1833 394 1896 adversatur.)

67 1906 212 1970 Respondeo
226 1906 358 1969 dicendum,
369 1903 429 1969 qudd
441 1901 491 1953 edm
505 1902 633 1952 membrum
645 1901 735 1966 aliquod
748 1900 778 1951 sit
787 1913 840 1964 pars

36 1981 109 2028 lolius
121 1976 220 2027 humani
236 1977 350 2040 comode,
362 1980 397 2026 est
409 1978 502 2038 propter
512 1977 599 2034 tetum,
613 1973 672 2023 sieut
685 1972 841 2036 imperieutum

34 2053 134 2113 propter
146 2049 285 2111 perlectum.
298 2046 362 2096 Unde
375 2045 537 2109 disponendum
549 2047 585 2094 eet
598 2045 626 2094 de
637 2043 738 2094 membru
748 2043 842 2092 humaui

33 2120 160 2184 eorporis,
176 2117 300 2169 seeundum
317 2117 377 2180 qudd
396 2115 488 2180 expedit
505 2115 555 2165 tuti.
570 2115 692 2165 blembrum
706 2116 781 2164 autem
795 2115 842 2162 bu·

33 2192 103 2242 mani
112 2190 217 2255 eorporis
226 2203 267 2254 per
281 2189 402 2252 sequidem
412 2188 468 2238 utile
479 2188 549 2238 estad
558 2187 642 2238 bonum
651 2186 721 2236 tetius
731 2185 841 2250 coeperim

32 2277 76 2327 per
94 2263 206 2314 accidens
216 2266 293 2312 lamen
306 2264 381 2324 potest
394 2261 525 2322 contingere
537 2259 597 2321 qubd
609 2257 640 2308 sit
652 2256 772 2319 udeiurm,
784 2254 840 2319 publ

32 2335 92 2384 cium
106 2334 238 2384 membrum
257 2331 369 2396 putridum
383 2335 419 2382 est
437 2330 507 2380 lolius
523 2329 624 2393 corperis
641 2327 842 2391 dempturum

30 2421 94 2470 ergo
106 2405 239 2456 membrum
254 2416 334 2454 eanum
350 2403 432 2466 luerit,
445 2405 469 2453 et
486 2401 512 2450 in
527 2413 569 2450 sua
580 2399 676 2449 naturali
692 2398 842 2462 dispositione

31 2478 188 2539 consistens,
203 2489 250 2525 nou
262 2478 338 2540 petest
351 2473 473 2538 praescindi
481 2473 567 2536 absque
580 2473 651 2521 tetius
663 2471 764 2534 eorporis
777 2469 845 2520 detri-

31 2552 129 2599 mento.
152 2547 198 2597 Sed
218 2545 271 2609 quia
285 2545 334 2610 ipse
352 2548 413 2596 tetus
430 2546 500 2596 bomo
512 2543 627 2593 ordinatur
639 2546 665 2590 ut
674 2543 703 2591 ad
715 2541 801 2600 brem,
816 2540 843 2588 ad

68 2659 110 2724 (l)
124 2665 156 2708 Ut
167 2673 227 2705 vers.
240 2657 270 2702 bb
280 2659 357 2703 uidere
368 2663 417 2710 eet;
430 2663 453 2702 et
463 2657 567 2702 similiter
575 2656 656 2705 neue..
668 2656 734 2711 XIX,
744 2666 803 2699 vers.
814 2652 845 2695 illl

29 2741 60 2772 ae
77 2725 211 2780 deinceps,
223 2723 252 2766 de
272 2721 331 2766 salso
350 2726 409 2764 leste
427 2719 534 2764 :Reddet
547 2719 570 2762 ei
584 2719 648 2762 sicut
663 2718 741 2776 [ratri
751 2729 796 2760 eree
809 2715 845 2772 sa-

27 2802 94 2835 cer-e
127 2786 260 2844 eoqe'tavit,·
278 2797 328 2828 more
351 2781 501 2827 misereberis
522 2782 589 2838 ejus,
611 2779 651 2825 red
673 2781 780 2824 unimam
798 2790 845 2834 pro

26 2854 138 2899 semime,
157 2849 257 2893 oculum
272 2859 319 2902 pro
333 2847 412 2894 beato,
425 2845 518 2891 dentem
530 2855 576 2902 pro
590 2842 674 2892 dente,
687 2853 787 2887 maetam
798 2851 847 2897 pro

27 2923 136 2962 ›ua-mu.
149 2911 235 2969 pedem
248 2921 295 2968 pro
306 2909 364 2966 pede
381 2909 470 2966 eaeiqer.
