1992 3317
128 162 175 207 272
248 168 357 207 omnum
371 139 498 215 sennenn,
514 168 606 212 ounsr.
624 169 682 214 rur,
699 168 752 203 rur.
768 168 805 203 ιι.

126 247 231 297 homines
243 248 302 295 estu
315 256 412 307 magno,
424 247 448 293 et
460 244 674 305 blasphemaremnt
688 256 771 292 nomen
782 245 892 295 bennui
908 250 953 297 ba-

126 318 202 367 bentis
213 318 349 379 potestatem
362 316 484 377 superbas
501 314 613 377 plagas.»
631 314 674 363 Ubi
691 313 746 363 dicit
757 313 844 365 Glossa
860 355 868 377 ‚
886 318 957 381 quod

129 407 143 435 ιι
154 389 179 437 in
193 388 283 436 interno
292 386 377 449 positi,
389 385 493 448 quamvis
505 385 578 434 sciunt
591 398 616 434 se
626 398 667 448 pro
681 385 767 433 meritis
779 387 864 449 puniri
878 428 887 453 ‚
910 392 952 441 do

126 460 206 509 lebunt
215 462 292 507 minen
305 457 366 519 qnod
376 456 437 505 bens
450 459 538 505 tantam
553 457 678 520 potentiano
689 456 771 505 babeat
780 456 848 519 qndd
858 460 956 526 plagas

126 530 161 579 eis
169 528 260 577 inierat.
273 528 344 577 »lloo
355 530 431 576 antem
447 528 509 577 esset
518 526 660 589 blasphemia
671 526 695 575 iu
706 526 823 589 praesenti.
837 528 915 593 Ergo
928 536 953 581 et

126 598 150 647 in
166 600 250 647 loturo.

160 671 357 731 (Concnnsro.-
325 668 430 718 -llst
422 682 446 716 m
457 666 571 717 damnatis
581 668 740 732 blasphemia,
753 668 861 729 quedam
881 636 993 724 imte-1

126 738 268 790 ιιοιιιιιιιιιι
283 739 400 802 justitie'
393 754 418 789 ιιι
433 740 502 789 corde
522 738 655 797 detestatio,
667 752 717 801 que
733 736 862 789 eritetiam
884 740 993 805 post
992 772 993 805 i

126 811 313 861 resurrectionem
326 810 444 861 exterior
438 824 462 859 ιιι
476 823 515 860 ore
529 822 555 859 ac
568 822 632 859 uoce.
642 809 651 871 )
992 826 993 883 l

157 882 293 945 Respondeo
310 882 429 931 dicendum
440 880 516 943 ,qudd
534 880 593 929 sicut
605 880 690 929 dictum
704 882 754 939 est,
767 878 795 927 ad
813 880 948 933 rationem
992 886 993 911 l

125 951 273 1015 blasphemie
285 952 384 1015 pertinet
397 952 516 1001 detestatio
528 949 612 999 dirime
621 950 738 999 bonitatis.
748 918 786 999 'dii
799 953 886 1000 antem
898 955 946 1017 qui

127 1026 180 1072 sunt
197 1022 222 1071 in
235 1022 325 1072 inferno
332 1060 340 1085 ‚
354 1022 486 1072 retinebunt
503 1034 634 1085 perversam
647 1021 785 1071 voluntatem
799 1034 920 1073 aversam
934 1026 949 1076 a

127 1094 168 1143 llci
177 1094 280 1157 institia3
293 1094 318 1143 in
331 1095 375 1142 hoc
386 1093 484 1155 diligunt
497 1105 525 1142 ea
535 1104 577 1156 pro
591 1093 673 1155 quibas
689 1092 828 1155 puniuntur,
844 1097 870 1143 et
884 1098 945 1145 vel·

125 1165 174 1215 lent
185 1164 219 1215 eis
230 1164 266 1213 nti
278 1164 299 1213 si
314 1166 423 1226 possent,
437 1167 462 1212 ct
477 1164 557 1213 odiunt
569 1175 647 1226 poenas
664 1176 715 1225 que
731 1174 773 1225 pro
792 1162 943 1225 hujusmodi

124 1236 225 1299 peccatis
237 1235 380 1297 infliguntur.
393 1234 474 1284 bolent
483 1238 560 1285 tamen
569 1234 638 1283 etiam
650 1234 678 1283 de
687 1234 786 1297 peccatis
798 1248 852 1296 quae
865 1248 940 1285 com·

125 1307 248 1365 miserunt,
261 1304 373 1367 nunquia
385 1305 436 1368 ipsa
448 1306 540 1365 odiant,
555 1304 596 1355 sed
609 1304 664 1367 quia
679 1318 719 1367 pro
732 1304 767 1354 eis
776 1304 914 1367 puniuntur
928 1325 935 1357 :

125 1377 159 1425 sic
170 1390 223 1440 ergo
234 1377 287 1426 talis
296 1377 418 1426 detestatio
425 1377 509 1427 divinae
518 1375 612 1439 justitie
621 1380 655 1425 est
665 1375 690 1424 in
700 1376 734 1425 eis
744 1374 840 1425 interior
851 1380 938 1430 cordis

123 1446 273 1510 blasphemia,
284 1448 314 1496 Et
326 1448 434 1497 credibile
448 1451 483 1497 est
500 1446 561 1509 quod
574 1450 627 1510 post
644 1446 830 1496 resurrectionem
842 1446 892 1497 erit
907 1449 939 1500 ιιι

124 1518 158 1567 eis
173 1518 239 1568 etiam
251 1517 336 1569 vocalis
343 1518 497 1582 blasphemia,
513 1517 572 1567 sicut
581 1516 607 1565 in
618 1517 703 1567 sanctis
716 1517 801 1566 vocalis
810 1517 860 1565 lans
872 1518 934 1568 Dei.

155 1590 190 1639 dd
209 1591 307 1653 primum
324 1604 378 1652 ergo
394 1590 527 1651 dicendum,
546 1586 607 1651 qudd
623 1588 728 1639 homines
744 1589 890 1637 deterrentur
905 1590 936 1642 in

89 1692 93 1697 ·
124 1661 233 1723 presenti
250 1660 265 1711 'a
281 1660 423 1725 blasphemia
442 1662 535 1723 propter
550 1658 653 1709 timorem
673 1672 807 1723 poenornm,
826 1672 887 1721 qnos
907 1676 937 1713 se

124 1736 206 1794 potant
225 1734 330 1783 emdere.
346 1732 391 1781 Sed
402 1729 521 1781 damnati
515 1744 539 1779 ιιι
549 1730 638 1779 inferno
649 1744 696 1781 uon
709 1733 801 1794 sperant
816 1744 841 1781 se
855 1744 933 1794 posse

124 1804 231 1853 evadere.
243 1804 273 1853 Et
284 1804 336 1853 ideo
347 1805 454 1865 tanquam
463 1798 575 1864 desperati
584 1800 688 1850 feruntur
696 1802 723 1851 ad
735 1814 802 1851 omne
817 1802 879 1863 quod
891 1804 933 1855 eis

123 1885 232 1935 perversa
242 1872 465 1935 volunlassuggerit.

158 1944 192 1991 lld
210 1942 333 1992 secundum
347 1942 465 1991 dicendum
471 1940 553 2005 ‚qndd
570 1941 675 1992 meritum
687 1946 711 1992 ct
724 1942 859 1993 demeritum
870 1956 929 2006 per-

123 2013 211 2061 tineent
228 2012 257 2062 ad
275 2016 358 2061 statum
378 2010 431 2061 vitae
451 2014 531 2062 :unde
547 2014 607 2063 bona
627 2012 652 2063 in
670 2013 794 2063 viatoribus
812 2016 866 2063 sunt
882 2028 935 2065 me-

123 2082 213 2143 riloria,
230 2082 289 2131 mala
303 2082 358 2133 verb
374 2082 527 2133 demeritorie.
548 2084 662 2135 lubeatis
685 2088 774 2146 autem,
792 2082 853 2133 bona
877 2098 929 2135 non

123 2157 177 2202 sunt
190 2153 322 2201 meritorio
330 2190 339 2216 ,
355 2156 393 2204 sed
406 2154 547 2218 pertinentia
562 2154 590 2204 ad
606 2168 683 2205 eorum
699 2154 847 2205 beatitudinis
860 2170 928 2219 pree-

123 2222 202 2276 mium.
220 2224 249 2271 dt
261 2223 363 2273 simililer
375 2225 433 2273 mala
449 2225 475 2273 in
487 2225 601 2275 damnatis
617 2239 664 2275 non
678 2228 731 2275 sunt
745 2224 927 2283 demeritorie,

122 2293 162 2343 sed
175 2292 289 2356 pertinent
301 2293 331 2341 ad
344 2294 495 2344 damnationis
507 2308 610 2357 poenam.

154 2364 188 2413 dd
200 2364 291 2413 tertium
303 2364 422 2414 dicendum
430 2366 509 2430 ,qndd
527 2366 621 2429 quilibet
634 2366 658 2417 in
674 2370 766 2431 peccato
779 2366 870 2417 mortali
884 2368 926 2418 de-

123 2434 222 2497 cedens,
235 2434 279 2484 fert
289 2447 367 2484 secum
379 2405 519 2486 rolubtatem
529 2437 679 2489 detestantem
689 2436 925 2503 dormientium,

123 2508 232 2566 qnantum
246 2506 273 2554 ad
289 2504 392 2568 aliquid:
407 2509 431 2557 et
445 2506 570 2557 secuudum
584 2508 628 2558 hoc
638 2508 723 2571 poterit
738 2508 760 2559 ei
769 2507 849 2559 inesse
865 2510 928 2560 blas-

123 2575 225 2642 phemia
