1992 3317
139 115 201 166 tout
238 123 348 165 securus
361 121 493 172 maun,
510 121 604 169 oum.
619 119 726 173 mrsu,
743 122 801 161 aar.
817 124 846 162 u.

139 217 169 256 er
181 205 248 268 pacto
256 201 329 252 tacito
336 201 374 251 rel
381 213 491 264 supremo
500 200 658 264 quodcumque
670 199 736 250 alind
745 198 948 265 acceperit‚mjus

139 276 238 340 pretinm
250 272 346 339 pacnud
363 272 491 322 mensurari
511 275 600 337 potest,
610 270 685 322 rimie
699 274 826 334 peccatum
844 272 947 323 inmrrit.

140 348 165 398 Si
178 346 232 398 rerd
246 341 344 410 accipiet
358 343 442 409 aliquid
467 343 618 408 hujusmodi,
631 356 679 394 mou
695 344 766 406 quasi
782 344 896 408 exigens,
909 357 947 393 nec

140 420 207 484 quasi
221 433 250 471 ea
262 418 337 482 alique
349 417 488 481 obligatione
499 416 570 466 tauta
582 415 622 466 rel
633 427 759 480 expressa,
769 417 814 467 sed
825 416 888 467 murt
898 429 947 479 gra·

140 492 224 543 tultum
240 492 340 554 donum,
359 503 405 541 uon
421 491 513 554 peecat3
528 487 582 552 qnia
596 487 666 539 ettam
684 491 813 552 autequam
829 490 948 553 moenium

141 565 282 625 mutuasset,
302 559 365 612 licite
383 564 473 626 poterat
488 560 579 624 aliquod
592 560 677 611 donum
690 560 765 622 gratis
780 560 898 626 accipere,
911 573 949 610 uer

142 634 228 701 pejoris
243 633 380 684 conditionis
397 633 494 684 efficitur
507 646 550 697 per
569 634 614 683 noc
631 633 693 695 quod
709 634 839 685 mutuavit.
858 635 950 684 liorem·

142 707 299 772 pcusationcm
312 706 369 759 verb
383 718 461 757 eorum
472 719 523 769 qno
534 703 633 770 pecunie
643 717 689 754 non
701 707 885 768 mensurantur,
901 707 950 756 licet

143 791 185 844 pro
202 781 280 828 mutuo
293 778 400 842 erigere,
418 777 474 842 pult
487 776 670 828 benevolentiam
686 779 712 827 et
730 788 838 828 smomm
852 779 902 844 ejus
917 778 949 827 uui

143 852 271 914 mutuatur,
285 849 322 901 vel
337 849 421 912 aliquid
432 848 578 913 hujusmodi.

176 922 208 971 ld
226 920 324 986 primum
344 933 397 984 ergo
416 919 551 982 dcendm,
569 918 632 983 quod
651 918 691 970 ille
707 920 751 983 qui
774 923 882 971 mutuum
901 922 949 980 dat,

143 995 220 1058 potest
229 993 315 1056 alisque
325 994 419 1056 peccato
431 991 559 1056 inpactum
570 992 681 1042 deducere
690 1005 745 1041 eum
754 1005 784 1042 eo
793 993 836 1056 qui
850 996 948 1044 mutuum

144 1065 242 1130 accipit,
262 1063 493 1128 recompensationem
517 1062 595 1113 damni
612 1076 654 1126 por
668 1063 732 1125 quod
748 1063 893 1114 subtrahitur
909 1062 949 1114 siti

144 1136 228 1201 siquid
243 1136 304 1200 quod
319 1136 386 1187 debet
399 1135 495 1198 haherc3
514 1136 557 1186 troc
569 1133 630 1184 enim
646 1148 693 1185 uon
709 1138 747 1185 est
760 1137 867 1187 rendere
887 1148 947 1186 usum

143 1208 261 1273 peumia,
283 1208 323 1258 sed
339 1208 446 1258 damnum
461 1206 543 1256 uitare.
559 1206 586 1255 lit
598 1209 675 1269 potest
689 1219 742 1256 esse
757 1205 823 1269 qudd
835 1207 946 1272 accipiens

146 1283 265 1339 mutuum,
280 1279 355 1343 majus
375 1279 485 1329 damnum
501 1276 573 1328 evitet
592 1276 662 1341 quim
680 1277 740 1327 dans
758 1276 874 1328 incurrat
892 1277 947 1328 llude

145 1351 261 1414 accipiens
278 1351 397 1412 mutuum,
412 1363 464 1400 eum
477 1361 520 1399 suu
529 1347 628 1399 ulilitate
640 1348 749 1398 damnum
762 1349 862 1400 alenus
872 1362 947 1400 remur

145 1425 235 1486 pensat.
252 1421 493 1484 llecompeusetioucm
510 1417 568 1470 vero
585 1419 665 1470 damni
677 1420 741 1482 qnod
758 1420 946 1472 consideratum

146 1495 191 1545 lloc
200 1492 261 1558 quod
274 1492 372 1557 pecuuit
384 1506 431 1544 non
447 1493 557 1552 lucratur,
570 1504 617 1542 non
627 1494 706 1556 potest
716 1490 742 1539 in
754 1495 854 1555 pactum
864 1493 943 1551 ducem

147 1566 201 1630 quin
214 1578 261 1616 nou
271 1565 338 1627 debet
350 1565 450 1616 rendere
461 1564 485 1614 id
494 1564 556 1628 quod
566 1565 668 1614 numum
685 1562 772 1625 habet,
788 1568 815 1614 et
826 1568 899 1629 potest
909 1563 946 1612 in-

147 1637 221 1703 pediri
234 1636 389 1700 multipliciter
403 1636 431 1686 ah
451 1636 565 1686 habendo.
977 1674 980 1682 .

180 1709 214 1760 dd
222 1709 345 1760 secuudum
356 1707 484 1768 dicendum,
498 1706 559 1771 qudd
578 1705 760 1770 recompensatio
775 1707 876 1773 alicujus
887 1709 950 1758 liene

149 1781 197 1832 ficii
214 1779 334 1844 dupliciter
347 1779 396 1830 deri
409 1781 486 1843 potest
501 1795 508 1828 ι
519 1791 566 1830 uuo
579 1777 670 1843 quidem
683 1779 762 1840 modo,
777 1792 809 1830 ex
821 1780 896 1832 detrito
906 1781 953 1844 jus-

148 1852 222 1912 titie,
235 1850 264 1902 sd
278 1852 340 1916 qnod
360 1850 443 1914 aliquis
455 1863 485 1900 ex
500 1852 563 1900 certo
580 1852 648 1913 paeto
661 1849 758 1913 obligari
769 1855 864 1916 potest;
878 1853 952 1903 etlcc

150 1923 251 1976 debitum
264 1923 385 1974 attenditur
401 1921 528 1973 secundism
539 1920 688 1985 quantitatem
704 1921 816 1972 beneficii
831 1924 892 1987 quod
903 1922 952 1985 quis

151 1994 247 2060 aceepit.
265 1996 295 2044 let
312 1994 363 2046 ideo
381 1993 420 2044 ille
433 1992 474 2057 qui
492 1991 574 2057 accipit
586 1994 691 2042 mutuum
705 1992 813 2056 pecnniae
825 1995 863 2044 rel
880 1996 953 2057 cujus

150 2079 246 2130 eumque
263 2066 345 2116 similis
358 2065 392 2116 rei
404 2065 471 2129 cuius
486 2078 543 2114 usos
557 2067 593 2115 est
611 2065 663 2127 eius
677 2064 845 2128 consumptio,
862 2079 909 2116 non
922 2069 953 2115 tc
978 2118 980 2127 ,

151 2140 217 2188 netur
231 2139 259 2188 ad
272 2139 323 2201 plus
336 2136 554 2201 recompensandum
567 2134 635 2200 quim
654 2133 733 2213 mutuli
745 2137 866 2200 acceperit
879 2151 886 2187 2
897 2137 951 2186 unde
978 2168 980 2171 -

150 2212 228 2259 contra
238 2209 350 2273 justiliam
362 2212 406 2270 cst,
418 2207 438 2258 si
449 2207 477 2258 nd
487 2208 540 2272 plus
547 2207 685 2257 reddendum
696 2206 820 2270 eligetur.
832 2208 951 2260 ullomodo
978 2216 980 2267 j

149 2283 240 2332 tenetur
253 2281 336 2344 aliquis
349 2281 377 2331 ad
388 2278 608 2343 recompensandum
620 2276 755 2329 termnum
768 2290 800 2328 ex
809 2279 888 2331 detrito
898 2279 951 2328 ami·
978 2272 980 2337 Ι

149 2352 220 2412 ultim,
231 2351 256 2401 iu
270 2365 315 2416 quo
333 2351 405 2415 magis
416 2349 569 2402 consideratur
578 2349 673 2401 affectus
685 2362 714 2400 ex
728 2361 777 2414 quo
790 2350 877 2414 aliquis
885 2352 952 2401 leuc·

151 2422 227 2473 licium
242 2423 350 2484 contulit,
363 2421 429 2486 quim
443 2421 514 2472 ctiam
527 2420 641 2485 quantitas
651 2422 702 2485 eius
714 2421 776 2484 quod
794 2421 861 2472 ierit.
874 2423 904 2472 lit
916 2420 952 2469 tali
978 2430 980 2493 l

150 2494 226 2545 debite
240 2507 287 2544 nou
300 2493 409 2558 competit
417 2492 492 2544 ciuilis
504 2492 623 2555 obligatio,
635 2505 754 2556 perquam
768 2492 887 2542 inducitur
893 2504 952 2556 qua-

151 2567 201 2616 dam
215 2565 357 2627 necessitas,
371 2569 397 2616 ut
410 2579 457 2618 uon
467 2567 594 2630 spontanea
605 2563 788 2628 recompensatio
800 2565 851 2615 ilat.

159 2639 160 2642 ’
182 2636 216 2686 ud
231 2637 324 2688 tertium
337 2638 472 2696 dicendum,
484 2635 543 2700 quod
561 2635 582 2686 si
599 2635 681 2700 aliquis
693 2648 723 2685 cx
733 2634 836 2698 pecunia
851 2638 952 2686 mutuata

150 2710 254 2768 expectet
274 2709 311 2758 vel
327 2708 419 2770 minat,
439 2707 506 2771 quasi
523 2720 565 2771 per
583 2706 745 2768 eligatiouem
759 2707 824 2770 pacti
841 2707 907 2758 heiti
918 2706 953 2754 rel

150 2776 259 2839 expressi,
268 2778 504 2842 recompensationem
510 2777 652 2830 munerisod
662 2777 951 2842 odmuiorcldlim

151 2844 246 2904 perinde
254 2849 290 2898 cat
298 2848 359 2902 acsi
369 2851 507 2913 expectaret
516 2849 554 2901 uel
561 2850 664 2916 exigeret
672 2850 782 2902 munusd
793 2861 890 2914 motum
902 2848 952 2912 quil
