1992 3317
149 131 153 135 ’
239 131 271 170 Μ
285 131 357 172 Vitllfl
373 133 493 171 onosma
512 132 663 172 nummum.
804 125 849 172 '268

63 207 150 258 uirtutes
166 208 273 271 moretm,
288 211 368 273 nipote
386 209 487 259 omnium
500 207 604 272 regium.
619 209 664 260 Sed
683 209 745 260 nulia
760 209 850 272 justitia

59 279 93 330 rel
110 279 257 343 temperantia
273 282 310 331 eet
325 282 451 345 pennatum.
470 281 532 344 Ergo
550 293 624 344 neque
640 279 715 345 aliqua
730 280 850 345 prudentia

59 354 92 402 est
103 353 227 414 peecatum.

87 427 111 472 ι.
125 423 248 483 Proierea,
262 423 383 487 prudenter
396 424 485 487 operari
496 424 523 476 ad
539 423 607 476 tinem
621 422 660 488 qui
672 421 735 474 liniti
751 426 847 487 emetur,

59 505 104 543 non
117 495 288 556 estpeeoatum.
301 493 345 544 Sed
360 506 412 544 earo
423 493 486 545 iioite
500 499 601 558 amatur3
621 506 712 544 onemo
726 493 788 544 enim
805 507 849 546 un-

57 577 124 627 quam
137 577 228 614 carnem
242 577 307 615 suom
319 565 371 616 odio
384 565 476 626 habuit,
486 582 501 613 n
515 569 542 616 ut
550 567 646 618 habetur
659 564 695 616 od
704 565 806 630 Epiron,
818 565 846 615 V.

55 637 115 700 drgo
126 635 245 698 prudentia
255 636 329 687 earnis
339 649 385 687 nou
393 640 430 687 esi
439 639 566 702 peoemum.

86 712 111 756 ³.
125 708 254 769 promae,
267 707 327 757 siout
340 709 409 758 hemo
427 711 529 759 mutatur
545 708 558 758 'a
572 721 655 773 cerne,
668 709 701 760 ite
713 708 782 760 etium
795 711 848 760 ten·

55 780 115 830 tatur
126 777 140 827 i
153 778 237 828 mundo
254 780 279 828 et
295 777 419 830 idiabolo.
435 779 479 830 Sed
500 791 546 830 non
562 780 653 845 ponitur
675 779 735 830 inter
751 783 849 844 peecata

53 849 128 912 mque
145 848 284 913 pmderetie
303 849 409 910 mundi,
428 851 466 900 uei
486 849 556 902 etium
577 849 683 901 diodoli.
702 851 849 914 urgereque

53 920 120 970 debet
132 918 188 983 poni
201 918 260 969 inter
274 923 368 983 peronia
383 920 460 984 aliqua
470 921 610 986 prodentia
622 921 715 972 cornio.

83 989 128 1040 Sed
141 992 238 1040 neuim:
253 991 331 1040 nudus
346 994 382 1042 est
399 991 508 1042 inimicus
524 993 583 1056 lieo,
602 991 647 1042 nisi
660 994 753 1056 propter
765 991 851 1054 iniqui-

52 1064 139 1124 tuiem,
155 1059 280 1111 secundinum
295 1061 350 1112 iilud
362 1062 432 1124 Sep„
444 1063 493 1113 xlv
506 1078 512 1113 :
525 1062 658 1116 «Similiter
670 1062 722 1134 odio
736 1064 790 1112 suni
800 1063 850 1119 =lieu

51 1131 138 1197 impios
150 1135 175 1182 ei
186 1131 292 1196 impietae
306 1132 392 1195 ejus.»
405 1133 466 1196 Sed,
480 1133 541 1186 siout
555 1134 636 1184 dieitur
649 1133 685 1184 ud
699 1135 780 1192 diem„
790 1131 849 1194 vili,

51 1203 201 1268 «prudentia
219 1204 294 1254 earnis
306 1203 397 1256 inimieu
414 1207 451 1256 est
467 1205 522 1257 tien.
538 1219 552 1254 u
568 1205 626 1271 Ergo
641 1203 762 1270 prudentia
776 1202 850 1256 earnis

49 1279 86 1326 est
102 1279 231 1341 pennatum.

83 1347 417 1413 (condrosio-Prudentia
431 1348 518 1411 earnm,
534 1361 578 1412 pua
594 1349 663 1400 homo
679 1347 705 1400 iu
723 1345 849 1399 muralibus

49 1418 122 1470 finem
132 1417 251 1469 constituit
263 1419 382 1482 utimum,
394 1423 513 1484 peceatum
525 1419 585 1482 est.)

81 1490 221 1552 Respondeo
231 1489 364 1554 dicendum,
376 1489 435 1555 qudd
449 1489 509 1540 siout
521 1483 588 1554 s‘uprt
601 1489 686 1541 dietum
697 1493 732 1541 est
740 1489 795 1554 (qu.
808 1492 847 1553 ti,

47 1565 94 1612 ert.
111 1559 345 1625 tripotentem
357 1561 416 1612 euna
430 1564 581 1624 mouerunt
592 1560 699 1611 adfinem
707 1559 778 1612 iotius
787 1559 847 1611 ritae.

47 1634 77 1682 Et
89 1632 145 1682 ideo
157 1631 296 1696 prudentio
305 1631 388 1682 camis
398 1631 488 1696 proprie
498 1631 594 1694 dicitur,
606 1629 729 1682 secuudum
738 1629 798 1694 pudd
807 1629 849 1679 ali·

48 1703 105 1767 puis
114 1702 176 1753 bone
185 1701 336 1753 eamisnabet
346 1705 372 1752 ui
381 1702 486 1753 ditinum
494 1701 563 1752 finem
574 1713 621 1752 suae
632 1699 694 1752 vitm.
707 1699 850 1750 Manifestum

45 1777 84 1824 est
100 1776 179 1822 autem
193 1771 253 1836 qudd
267 1774 311 1823 hoe
322 1776 357 1823 est
368 1777 501 1837 peooatum3
518 1785 560 1835 per
573 1773 617 1822 hoo
630 1771 692 1822 euim
705 1772 773 1821 homo
785 1771 850 1820 deor-

44 1845 145 1896 diuatur
162 1843 223 1893 eirea
235 1842 339 1893 utimum
354 1842 435 1905 ιίιιειε,
449 1842 489 1906 qui
502 1854 548 1892 nou
564 1841 668 1892 consistit
679 1841 704 1891 in
722 1841 789 1891 bonis
802 1853 851 1891 oor·

42 1917 131 1981 poris,
143 1915 202 1965 siout
216 1913 285 1978 sopri
298 1915 402 1964 habitum
414 1917 450 1964 esi
462 1913 508 1978 (1,
519 1918 548 1978 i,
561 1928 601 1978 qu.
613 1917 637 1976 i,
652 1915 695 1964 ant.
709 1912 747 1975 o).
760 1911 790 1962 iii
799 1912 850 1964 ideo

42 1986 175 2052 prudentia
187 1985 263 2036 earnis
272 1989 309 2036 est
317 1988 446 2049 peecatum.

77 2059 117 2108 Ad
127 2056 227 2121 primurn
242 2069 295 2119 ergo
308 2055 440 2119 dicendum,
455 2053 517 2120 quid
528 2055 618 2120 justitia
630 2058 654 2106 et
667 2053 817 2118 temperantia
826 2053 851 2105 in

40 2130 83 2182 sui
104 2127 196 2180 ratione
208 2126 333 2190 important
347 2127 370 2178 id
385 2128 446 2178 unde
460 2129 532 2178 virtus
545 2126 658 2188 laudetur,
674 2125 760 2178 sedicet
775 2139 851 2192 mqua-

39 2203 141 2253 liiatem
155 2202 179 2250 et
188 2198 422 2262 concupiscentiarum
434 2198 628 2263 refrenationem
638 2202 662 2250 ει
672 2199 724 2250 ideo
734 2211 851 2262 nunquam

38 2271 197 2337 accipiuntur
214 2269 240 2324 in
256 2271 325 2321 maio.
341 2270 387 2320 Sed
397 2283 480 2322 nomm
495 2269 621 2336 prudentie
633 2269 730 2320 sumitur
744 2268 759 2319 t
774 2269 851 2332 prori-

39 2346 145 2407 dendo,
160 2343 221 2394 ment
233 2342 301 2407 supet
321 2343 406 2393 dietum
420 2347 469 2406 eet;
483 2343 545 2407 qnod
561 2342 671 2394 etiamad
686 2341 745 2391 mala
759 2339 852 2392 extendi

37 2419 136 2483 potest.
156 2417 185 2465 Ει
199 2414 253 2465 iden
259 2451 269 2478 ‚
280 2412 333 2464 licet
345 2414 465 2479 prudentia
476 2413 610 2478 simpliciter
618 2411 710 2463 diotain
720 2412 779 2462 bono
794 2410 851 2462 aoei-

34 2490 138 2554 piatur,
150 2485 227 2550 ειίεεε
234 2489 314 2536 tamen
322 2485 398 2536 addito
406 2488 481 2551 potest
491 2485 565 2549 aoeipi
575 2483 600 2534 iu
611 2483 680 2536 malo.
691 2483 719 2533 iii
727 2481 851 2534 secundini

34 2565 91 2612 hoc
114 2557 200 2609 dicitur
211 2557 352 2622 prudentia
364 2557 449 2607 eunom
460 2570 512 2608 esse
521 2558 648 2621 pometum.

73 2631 115 2682 Ad
136 2629 263 2680 seeundum
276 2628 396 2679 dicendum
400 2647 410 2691 3
423 2627 483 2692 qudd
502 2640 554 2678 caru
566 2630 602 2678 esi
612 2630 705 2692 propter
723 2627 850 2692 animum,

31 2704 108 2754 siout
122 2699 220 2750 materia
233 2702 324 2763 propter
336 2699 445 2762 formam,
458 2703 482 2750 et
495 2698 670 2750 instrumentum
687 2699 777 2762 prepter
790 2695 853 2758 priu-

31 2772 124 2838 cipaie
140 2784 221 2835 egens.
233 2771 263 2821 iit
274 2770 325 2822 ideo
336 2769 370 2820 sie
383 2767 446 2821 licite
460 2769 559 2834 diligitur
572 2781 639 2832 euro,
652 2771 678 2818 ut
693 2767 809 2818 ordinetur
823 2766 851 2816 ad

31 2848 137 2899 bonum
157 2841 312 2896 ammoneat
325 2842 353 2894 ad
368 2841 447 2894 tinem
466 2840 491 2892 Si
505 2845 581 2892 entem
595 2840 620 2892 in
636 2838 688 2904 ipso
704 2837 765 2890 bono
779 2835 853 2888 uernis
