1992 3317
295 139 298 145 .
398 115 428 154 us
445 113 587 157 scamnis.
684 143 687 151 .
842 110 890 160 het

85 189 189 244 hominis
200 189 360 242 consertum
373 190 424 242 talis
441 195 541 256 potestas
554 205 600 244 nou
608 191 754 247 immobiliter
762 194 884 246 adheret:

86 265 148 314 unde
165 262 190 312 iu
204 261 353 314 schismaticis
368 267 391 314 et
406 262 519 315 hereticis
531 277 578 314 uon
596 268 680 315 manet.
695 265 760 315 Unde
772 279 819 317 nou
832 278 888 330 pos·

86 338 142 388 sunt
151 347 195 384 uec
208 335 323 386 absoluere
331 347 374 386 nec
383 335 579 387 excommunicare
587 348 630 386 uec
639 335 793 400 indulgentias
803 338 888 401 tmere,

86 408 129 456 aut
141 405 227 468 aliquid
237 405 377 469 hujusmodi.
388 407 482 466 Quodsi
494 407 603 471 feceriut,
614 408 671 459 nihil
684 413 719 459 est
732 413 816 459 actum.
831 408 887 460 Cium

85 491 142 541 ergo
157 477 312 539 dicitnr‚tales
327 491 372 529 uon
386 479 468 530 hahere
481 481 617 543 potestatem
630 479 787 544 spirituatem,
801 479 887 532 inteili-

86 549 188 614 gendum
199 551 247 613 est,
259 549 296 600 uel
307 550 335 601 de
345 553 458 614 potestate
471 551 583 613 secunda,
597 551 633 602 vei
646 552 666 601 si
676 552 786 602 reseratur
798 553 826 603 ad
839 551 887 616 nri·

85 633 150 670 mam
163 623 312 684 potestatem,
322 634 367 671 nou
379 624 414 674 est
427 623 570 674 referendum
582 622 612 672 ad
623 621 696 686 ipsam
709 622 832 675 essentiam
843 637 888 688 po·

83 691 187 752 testatis,
201 693 241 742 sed
255 692 284 742 ad
295 692 422 756 legitimum
440 707 506 744 usum
522 692 581 756 ejus.

116 765 146 816 nt
163 775 205 828 pec
217 763 261 813 hoc
274 765 336 828 patet
348 763 465 828 responsio
475 763 504 822 ad
514 764 610 828 objecta

375 943 537 997 atticotos
552 946 592 997 Ν.

85 1079 176 1124 verim
193 1076 225 1122 eit
237 1075 377 1122 conueniant
390 1087 460 1148 poenn
475 1076 689 1184 sethtmu'cornm,
706 1080 735 1122 nt
751 1089 884 1122 ιωωηωκ·

423 1151 491 1184 mcee
502 1151 541 1185 nr.
881 1162 884 1169 ·

113 1267 149 1317 hd
166 1269 273 1332 quantun
286 1265 318 1316 sis
331 1263 467 1328 onceditur.
483 1265 578 1317 Videtur
596 1264 656 1330 qnod
670 1278 737 1330 neena
753 1264 883 1317 schismati-

80 1351 162 1392 corum
180 1351 226 1388 nou
245 1337 274 1386 sit
289 1337 442 1399 conueniens,
458 1339 484 1387 ut
498 1336 729 1388 excommunicentur.
747 1338 884 1388 [incommu-

79 1411 168 1462 nicatio
182 1409 243 1460 enim
261 1408 359 1461 maxime
373 1411 461 1472 separat
479 1407 595 1460 hominem
606 1407 620 1458 h
632 1409 789 1460 communione
802 1423 882 1460 sacra-

78 1485 219 1534 mentorum.
236 1480 280 1533 Sed
295 1480 433 1542 Augustinus
445 1478 500 1531 dicit
510 1479 536 1530 in
548 1478 588 1529 iih.
609 1480 705 1530 Contra
720 1481 881 1542 Donatistae,

77 1553 143 1619 qued
156 1551 267 1616 baptisma
278 1554 353 1614 potest
366 1550 435 1614 tempi
448 1549 461 1600 t
477 1549 630 1601 schismatico.
646 1552 704 1614 Ergo
714 1552 804 1602 uidetur
816 1551 877 1616 quid

78 1621 289 1678 excommunicatio
301 1635 347 1674 uon
365 1625 400 1672 est
412 1621 551 1674 couveniens
564 1635 633 1684 emma
648 1622 785 1676 schismatis.

112 1700 138 1746 Ξ.
151 1696 278 1758 Praeterea,
291 1694 319 1744 ad
332 1693 410 1744 fideles
419 1690 503 1744 Christi
517 1692 616 1756 pertinet
626 1697 651 1742 ut
662 1706 702 1744 eos
715 1693 754 1756 qni
768 1697 821 1743 suut
833 1693 878 1746 dis-

76 1767 145 1836 persi
158 1767 277 1829 reducant3
290 1765 349 1818 unde
358 1767 435 1815 eontra
445 1765 555 1828 quosdam
567 1762 648 1816 dicitur
658 1764 758 1823 dasch„
766 1764 857 1817 XXXIV
871 1782 876 1816 :

78 1859 94 1891 a
111 1839 179 1900 Quod
203 1835 314 1900 ahjectuur
337 1835 678 1899 est,nouredu1istis;quod
700 1835 813 1900 perierat,
833 1849 881 1891 uon

78 1909 207 1978 sumsistis.
221 1925 235 1956 e
249 1907 292 1958 Sed
302 1903 438 1958 schismatici
448 1905 621 1958 conuenientius
633 1907 771 1957 reducuntur
786 1920 827 1972 per
840 1907 880 1957 ati·

78 1997 140 2050 quos
150 1981 191 2045 qui
204 1980 239 2030 eis
250 1978 426 2030 communicent.
436 1977 494 2042 Ergo
502 1977 593 2028 uidetur
605 1977 666 2042 quhd
675 1991 721 2030 nou
734 1978 879 2030 siutexoom-

78 2051 240 2108 muniendi..
876 2100 879 2104 .

113 2131 138 2178 3.
151 2127 281 2184 Preterea,
293 2135 335 2186 nro
345 2122 425 2174 eodem
434 2125 527 2185 peccato
536 2133 583 2171 nou
592 2121 702 2184 infligitur
711 2122 879 2186 dupiexpmua,

79 2194 209 2250 secundnm
218 2194 275 2244 iilud
286 2193 426 2249 Nahum.,i
440 2209 445 2242 :
458 2209 471 2240 u
484 2193 534 2245 Nou
546 2187 658 2257 indicant
668 2194 728 2244 heus
739 2193 775 2243 his
784 2193 810 2244 iu
822 2192 882 2260 idip-

78 2283 142 2322 sum.
158 2284 172 2315 u
183 2267 226 2318 Sed
240 2279 280 2330 pro
294 2268 387 2330 peccato
401 2263 530 2316 schismatis
539 2264 609 2327 aliqui
623 2278 689 2329 poeua
701 2263 822 2328 temporali
835 2279 878 2329 on-

78 2343 184 2403 uiuntur,
194 2341 219 2388 ut
232 2337 328 2388 hahetur
343 2337 425 2397 XXIII,
440 2339 522 2401 quest.
532 2342 555 2400 5,
565 2335 603 2386 ubi
613 2335 696 2386 dicitnr
712 2351 718 2385 ι
737 2336 844 2388 «Diuinae
857 2339 880 2386 et

77 2413 202 2465 mundaum
221 2410 282 2474 leges
297 2411 424 2460 statuerunt
441 2412 466 2458 nt
481 2408 510 2457 ab
527 2406 634 2458 Ecclesia
653 2406 739 2458 unitate
757 2406 839 2469 dirisi,
855 2409 880 2456 et

78 2487 131 2550 ejus
147 2495 229 2546 pacem
249 2480 422 2544 pemnrhautcs,
438 2479 450 2529 i
464 2479 603 2530 secutaribus
618 2478 766 2542 potestatibus
784 2477 882 2543 compri-

77 2553 264 2608 mancusorum
281 2564 335 2614 ergo
350 2555 402 2600 sunt
420 2549 530 2614 puniendi
544 2563 584 2614 per
597 2549 863 2600 excommunicationem.

109 2627 154 2678 Sed
174 2629 252 2676 contra
266 2627 315 2685 est,
333 2622 394 2688 quod
411 2624 498 2680 Num„
521 2623 584 2684 xvi,
599 2621 701 2672 dicitur;
719 2638 733 2669 a
745 2621 851 2672 Recedite
866 2620 879 2670 a

78 2695 233 2750 tabernaculis
244 2695 361 2746 homiuum
375 2695 513 2758 impiorum,
529 2693 580 2759 (qui
594 2692 681 2744 scilicet
701 2692 800 2743 schisma
816 2693 880 2742 tece-

78 2769 150 2832 runt)
168 2772 191 2820 et
204 2767 273 2820 notite
288 2771 379 2832 angam
392 2779 420 2818 ea
430 2780 481 2834 que
495 2767 524 2818 ad
537 2778 577 2818 eos
589 2764 717 2832 nemiuem,
733 2778 763 2816 ue
778 2763 880 2815 inuolua-

80 2841 140 2896 miui
153 2842 179 2894 iu
191 2838 291 2908 peemhe
303 2853 389 2892 eornm.
405 2855 419 2890 e
