1992 3317
334 94 367 134 u!
381 92 567 134 micam.
801 89 849 136 98⁸

40 172 65 224 in
82 170 172 236 minsis
185 173 249 232 saut,
262 169 366 222 illicitum
378 173 423 233 om,
431 169 527 221 eumad
537 172 583 222 lnoc
594 171 694 224 otosnm
706 175 731 225 ot
742 175 848 239 mnam.)

72 241 218 308 Respondeo
229 241 365 304 dicendum,
384 241 444 306 qudd
454 241 582 294 ienmmtdo
599 245 636 294 rel
653 243 781 297 maledictio
795 259 850 310 pro·

41 314 92 380 pne
107 315 141 365 ad
159 313 223 364 illam
235 326 284 364 rem
296 312 410 377 pertinet,
424 313 461 362 cni
470 317 549 378 potest
560 315 648 379 aliquid
660 315 719 368 beni
734 317 772 367 ael
789 317 849 370 mali

41 383 283 450 communicandum
296 383 400 436 rationali
412 387 529 436 creature.
541 385 656 438 mmmm
669 388 746 437 numm
758 387 846 440 imatio

42 458 138 508 ualdus
148 458 233 507 bonum
245 457 282 508 uel
292 456 376 506 malum
390 454 472 506 dicitur
480 455 610 518 contingere
619 456 644 507 in
656 457 734 510 ordine
743 460 773 509 ad
785 472 849 511 crea-

42 535 120 582 turam
141 528 290 590 rationalem,
305 531 396 592 propter
414 539 481 591 quam
494 531 557 578 sunt
575 527 712 580 ordinanter
726 534 803 581 aarum
820 534 849 584 ad

41 617 93 654 eam
107 601 276 666 multiplicIter.
291 602 340 652 Uno
353 599 445 664 quidem
458 601 541 662 modo,
555 602 698 665 pmmodnm
714 602 850 655 subventio·

44 675 95 738 nis,
110 675 137 726 iu
153 676 264 738 qnantum
275 672 363 724 scilicet
375 685 405 724 ex
417 672 527 724 creaturis
538 672 707 724 irrationalibus
716 674 849 726 mbuenItnr

41 748 155 798 humanm
171 743 309 796 necessitati.
332 743 361 794 lit
381 745 424 794 troc
446 744 513 794 modo
534 743 645 794 ltominm
663 744 750 795 nomini
771 744 848 810 dixit,

44 819 147 874 denes„
164 817 193 868 lll
209 832 215 866 ε
230 815 370 866 «limodicta
383 819 444 866 terra
458 816 484 866 iu
497 828 567 880 onere
579 819 634 879 tuo;
645 832 660 863 n
674 815 796 867 ntseilioet
808 830 850 881 por

41 892 96 954 ejus
106 887 254 940 sterilitatem
263 889 332 938 nomo
340 886 465 950 puniretur.
478 889 508 938 Et
518 888 550 937 ita
563 887 632 938 etiam
641 887 777 952 intelligitur
788 889 850 953 qnod

42 963 144 1014 habetur
156 960 271 1018 Denter„
284 960 354 1010 XVIII
365 975 372 1010 :
384 976 399 1007 o
412 959 535 1010 immina
547 960 629 1010 horrea
638 962 692 1022 tna3
704 974 720 1007 a
732 963 758 1010 et
769 959 828 1011 iuna
841 975 848 1009 :

45 1031 229 1084 «Maledictum
250 1031 356 1083 lrorreum
376 1033 479 1080 tuum.»
498 1030 536 1080 Sic
554 1029 624 1081 etiam
645 1030 717 1080 David
732 1030 851 1082 maledixit

44 1108 137 1159 montes
152 1102 253 1164 Getice,
269 1101 392 1154 meandum
410 1101 514 1166 Gregorii
528 1100 703 1166 macedonem.
716 1100 767 1152 Illo
783 1103 850 1153 nmdo

44 1181 154 1228 creatura
167 1173 304 1226 irrationalis
312 1171 427 1225 ordinatur
440 1172 469 1222 ad
477 1171 614 1224 rationalem
624 1186 665 1237 per
675 1173 768 1223 nodum
778 1172 850 1237 signi·

43 1248 178 1310 ficatiouis3
190 1250 215 1297 et
226 1245 260 1296 siu
272 1245 381 1298 Dominus
393 1244 510 1296 maledixit
520 1244 653 1305 ficulneam,
664 1243 690 1294 in
699 1243 850 1310 signidem·

45 1335 101 1372 nem
112 1321 187 1372 dudm.
201 1317 275 1370 Tertio
284 1317 351 1368 modo
362 1317 478 1368 ordinatur
486 1321 589 1369 ereatura
598 1315 735 1368 imdonalis
744 1317 773 1367 ad
781 1317 851 1370 ratio·

44 1393 124 1444 nalem
139 1403 180 1455 per
192 1390 285 1442 modum
297 1387 448 1452 continentis,
458 1389 546 1441 scilicet
552 1389 662 1454 temporm
668 1390 705 1440 rel
714 1388 776 1453 looi3
786 1393 811 1440 et
817 1390 851 1442 sic

45 1463 170 1517 maledixit
182 1463 224 1514 lob
238 1461 284 1514 niel
296 1460 420 1512 naduitatis
432 1475 493 1521 sne,
509 1464 603 1526 propter
614 1461 704 1525 colpam
716 1459 850 1525 origInalem
963 1479 966 1486 ·

45 1550 118 1601 qnam
132 1534 248 1586 nascendo
261 1531 374 1584 contraxit
380 1567 389 1594 ‚
407 1535 431 1582 et
445 1535 539 1597 propter
552 1532 685 1597 loquentes
696 1531 849 1595 emulatus.

46 1609 76 1658 llt
91 1609 188 1672 propter
198 1606 243 1658 hoo
254 1603 323 1656 etiam
339 1605 415 1666 uomet
427 1599 523 1666 intelligi
535 1601 606 1652 llarid
622 1601 766 1652 maledixisse
780 1613 850 1653 mon-

45 1680 110 1732 tibus
129 1677 227 1740 eodm,
246 1679 272 1728 ut
293 1675 375 1739 legitur
395 1675 416 1724 ll
433 1675 502 1738 lieo..
521 1674 548 1735 l,
560 1672 649 1724 seilicet
662 1673 850 1737 proptercadcm

48 1749 132 1816 populi
145 1762 197 1814 qum
211 1749 236 1800 in
248 1749 282 1800 oie
295 1747 428 1811 mitigarat.
443 1745 576 1799 llalcdioare
591 1747 668 1794 autem
679 1743 747 1794 retus
758 1744 849 1795 iratio-

47 1823 155 1886 nalibus‚
170 1820 194 1872 in
210 1823 320 1885 quantum
335 1821 388 1870 snut
405 1821 514 1869 creaturae
532 1815 589 1879 liei,
600 1819 637 1867 est
654 1819 774 1880 mmatum
791 1815 851 1868 blm·

48 1893 166 1959 enemim
180 1892 313 1944 maledicere
330 1893 407 1943 autem
419 1889 453 1942 eie
466 1887 591 1940 secundnm
606 1900 632 1939 ee
645 1887 798 1952 consideratis,
814 1892 850 1940 ost

48 1967 151 2018 otiosum
165 1969 189 2016 et
204 1977 299 2027 uanum,
312 1965 335 2014 et
345 1975 386 2027 per
396 1973 538 2025 consequens
546 1959 659 2011 illidtunr.

82 2039 113 2089 Et
126 2039 219 2103 perhm
232 2038 296 2101 patet
306 2033 426 2100 responsio
436 2032 465 2084 ad
474 2033 571 2097 objectu

347 2213 506 2267 numenius
519 2211 559 2262 III.

193 2343 280 2391 Utro'em
289 2341 429 2388 maledicere
437 2342 469 2386 sil
476 2345 598 2400 pacatam
607 2341 715 2387 morule.

86 2477 119 2528 ad
134 2472 229 2526 uranu
240 2471 274 2524 eid
287 2469 422 2535 proceditur.
436 2468 530 2520 Videtur
545 2467 606 2532 qudd
617 2466 753 2518 maledicere
762 2479 811 2518 uon
823 2464 856 2515 sit

51 2551 175 2617 peccatum
188 2543 291 2596 mondo.
312 2541 451 2605 Augustinus
463 2539 525 2591 enim
535 2539 560 2590 in
573 2538 656 2590 llomil.
669 2538 708 2588 lic
722 2539 780 2602 tone
792 2551 856 2602 par-

52 2621 158 2690 yotocio
172 2617 228 2684 (nli
241 2614 337 2682 sopri),
348 2618 453 2664 numerat
467 2611 647 2663 maledictionem
657 2611 719 2661 inter
731 2609 792 2660 levia
800 2621 853 2673 pec

52 2699 114 2746 cata.
129 2692 185 2742 llaec
201 2691 277 2740 autem
290 2689 344 2739 sunt
355 2685 464 2748 venialia.
479 2685 539 2748 llrsso
552 2682 679 2734 maledictio
693 2693 741 2732 non
754 2684 789 2741 eet
801 2692 856 2744 pac·

54 2769 133 2818 catum
149 2761 260 2822 mortale,
275 2760 314 2811 sed
326 2756 424 2810 senum.

87 2842 112 2890 a.
128 2836 254 2897 Putem,
268 2843 296 2885 ea
311 2843 363 2896 qne
376 2843 406 2884 ex
422 2828 469 2882 leui
480 2831 543 2882 mom
553 2826 638 2881 ments
649 2825 792 2892 procedam,
806 2835 855 2878 non
