1992 3317
368 101 401 152 tr
414 101 549 150 arenarum.
810 103 856 154 ont

47 183 146 250 pientia
156 187 234 237 auem
250 188 287 236 est
301 197 372 239 mute
389 186 511 252 stultitiaep
522 187 604 238 dieitur
620 187 681 240 enim
696 190 800 248 dorem,
814 191 835 240 X
851 207 857 239 z

49 274 66 308 a
81 257 173 308 Stultus
188 257 264 310 taetus
277 262 313 309 est
325 259 401 310 omnis
415 259 511 310 nonna
527 259 623 312 seientia
640 274 690 314 sue.
709 278 724 308 »
738 260 858 324 sapientia

47 332 134 379 autem
152 329 255 394 quedam
268 328 363 380 seietdm
379 333 432 393 este
443 333 468 381 et
480 331 552 394 laad,
569 332 662 393 XLVII,
679 331 761 382 dieitur
774 347 779 382 :
794 349 809 380 <i
820 331 859 382 Sa·

47 399 144 464 pientia
154 404 195 450 tua
206 405 230 450 et
239 401 397 465 seientiatua,
407 403 456 453 hee
467 403 557 468 decepit
565 406 596 454 te.
610 419 624 452 o
641 404 720 470 Decipi
734 408 812 456 autem
829 405 872 456 ad·

48 470 176 522 stultitiam
189 473 297 536 pertinet.
307 474 365 537 Ergo
377 473 496 538 sapientie
509 487 555 526 non
567 475 692 539 opponitur
704 476 809 528 stultitia.

85 547 111 593 t.
125 543 254 607 Praeterea,
266 543 365 595 isidorus
375 543 431 594 dieit
438 544 462 594 in
472 545 513 595 lib.
524 545 638 610 Etymol.
649 547 696 611 (vel
705 549 853 612 Ortpr'nnm,

47 614 95 664 lib.
108 615 140 677 x,
152 617 263 679 cap.1s)‚
278 614 338 678 qadd
352 633 367 664 α
380 616 464 667 stultus
476 621 513 668 est
529 617 568 680 qui
586 631 626 681 per
642 616 793 680 ignominiam
810 632 857 670 non

47 690 214 737 commovetur
226 685 256 736 ad
265 685 381 750 dolorem,
396 691 421 738 et
436 689 476 752 qui
494 701 541 738 non
556 692 660 740 moretur
677 689 769 754 injurii.
787 707 800 738 n
816 692 859 742 Sed

48 759 98 808 hoe
107 757 209 820 pertinet
220 757 249 808 ed
256 756 389 823 sapientiam
399 759 548 822 spirituatem,
562 763 589 808 nt
602 759 722 823 Gregorius
735 761 790 812 dicit
802 761 828 812 in
836 761 857 812 li

47 827 149 880 Mor-nl.
165 828 233 894 (eap.
249 829 305 894 27).
321 831 382 894 Ergo
394 830 513 896 sapientie
526 843 573 882 non
584 831 705 896 opponitur
720 831 826 883 stultitia.

82 899 130 950 Sed
141 903 222 950 eontm
234 905 285 966 est,
297 903 358 966 quod
371 901 492 966 Gregorius
506 901 561 955 dicit
573 901 597 952 in
611 902 630 952 11
643 901 734 954 Monet.
751 905 815 968 (erp.
826 909 857 954 tt

48 971 90 1023 rel
105 975 152 1034 36,
167 972 249 1036 ntjam
261 972 358 1039 suprt),
370 973 432 1038 quen
446 990 460 1022 e
475 974 560 1027 denum
574 973 690 1039 sapientie
703 974 769 1024 datur
780 979 858 1026 eontm

47 1041 185 1094 stultitiam.
197 1058 213 1088 o
837 1048 839 1052 ’

87 1112 405 1180 (concausam-Stultitia,
415 1131 466 1181 que
476 1130 584 1170 sensuum
593 1116 735 1170 obtusionem
748 1121 772 1168 et
784 1117 859 1170 cordis

48 1179 219 1241 hebetudinem
235 1187 358 1252 importat,
373 1187 492 1253 sapientie
514 1189 574 1240 dono
592 1186 705 1239 contrarie
719 1187 855 1252 opponitur;

49 1257 151 1308 fatuitas
167 1258 223 1310 rerd
231 1295 241 1322 ‚
254 1273 304 1324 que
321 1260 414 1311 totalem
427 1260 552 1323 spuitntis
567 1273 646 1312 sensus
664 1258 814 1324 privationem
828 1259 859 1310 si·

49 1328 161 1392 gnificat,
174 1330 249 1380 eidem
262 1331 368 1394 negative
381 1331 530 1396 opponitur.)

82 1401 227 1463 Respondet>
242 1401 376 1463 dicendum,
391 1400 452 1466 qnod
470 1415 553 1452 nomen
573 1402 674 1453 stultitiae
689 1401 703 1452 t
720 1405 810 1466 stupore
826 1401 861 1451 ni-

49 1472 123 1522 detnr
139 1484 191 1522 esse
207 1471 597 1537 sumptum3nnde1sidornsdinit
614 1472 638 1522 in
656 1472 696 1523 tin.
712 1473 856 1536 Etymoloq.

50 1543 110 1607 (vel
125 1542 279 1606 Ονίρίηανη,
295 1544 334 1596 ubi
346 1542 428 1608 suprd)
445 1559 451 1593 ε
468 1560 483 1591 ι(
495 1544 582 1594 Stultus
599 1546 635 1594 est
652 1543 690 1606 qui
703 1548 795 1607 propter
806 1547 858 1594 stu-

48 1627 136 1678 porem
153 1627 201 1666 non
219 1618 332 1666 movetur.
348 1632 362 1664 o
377 1615 406 1666 tt
423 1615 500 1666 didert
516 1615 610 1666 stultitia
628 1613 642 1665 d
664 1614 780 1678 fatuitate,
801 1615 860 1666 sieut

48 1685 141 1737 ibidem
155 1685 253 1750 dieitur,
266 1686 320 1752 que
333 1686 429 1738 stultitia
442 1686 550 1752 importat
566 1686 728 1739 hebetudinem
744 1687 817 1738 cordis
837 1692 860 1738 et

47 1758 201 1827 obtusionem
210 1772 335 1825 sensuum3
352 1759 445 1810 fatuitas
462 1763 540 1810 autem
554 1758 661 1824 importat
677 1758 776 1810 totaliter
789 1759 859 1822 spiri·

48 1829 220 1882 tuaiissensus
237 1832 397 1896 privationem⁴
414 1833 443 1882 nt
461 1831 513 1882 ideo
534 1830 693 1883 moventemer
708 1829 803 1881 stultitia
823 1845 859 1883 sn·

48 1902 150 1968 pientiae
171 1903 309 1968 opponitur;
325 1903 419 1968 sapiens
435 1903 513 1964 enim,
528 1907 553 1953 ut
566 1902 650 1953 ibidem
667 1902 767 1952 isidoris
785 1903 856 1967 dicit,

50 1991 67 2022 (ι
82 1973 164 2024 dietus
177 1973 238 2026 estd
255 1988 351 2040 sapore,
368 1974 421 2038 quia
436 1975 495 2026 sient
507 1977 587 2038 gustis
600 1977 635 2024 est
647 1977 714 2038 aptus
726 1973 756 2023 ad
770 1973 856 2024 disere-
903 1981 909 1994 ⁴

48 2045 144 2098 donem
159 2045 246 2110 seponis
261 2045 375 2110 ciborum,
393 2046 427 2099 sie
439 2045 532 2110 sapiens
545 2046 574 2095 ad
590 2044 770 2108 dignoscentiam
783 2058 858 2098 rernm

49 2121 126 2180 etque
146 2129 274 2167 musarum.
288 2123 302 2165 rt
316 2118 382 2170 Unde
399 2121 463 2183 patet
480 2115 542 2180 qudd
555 2115 672 2166 stultitia
688 2116 810 2180 opponitur
823 2129 861 2167 sa·

49 2187 151 2254 pientite
161 2187 221 2240 siem
235 2190 389 2254 eontrarium,
403 2190 516 2254 fatuitas
533 2197 608 2240 autem
620 2185 679 2238 sieut
688 2201 744 2251 pura
754 2188 857 2253 negati05

51 2273 110 2312 nam
120 2260 198 2312 tenus
210 2264 272 2311 erret
282 2274 353 2313 senen
363 2260 669 2325 praenestinorum
678 2260 746 2310 nabet
755 2273 858 2324 sensum,

52 2333 96 2384 sed
113 2331 259 2395 hebetatum,
276 2333 367 2397 sapiens
383 2338 459 2384 autem
472 2333 578 2384 subtilem
592 2334 616 2382 et
629 2331 794 2396 perspicacem.

87 2403 237 2468 neptium
246 2417 301 2467 ergo
313 2404 448 2468 dicendum,
465 2402 527 2468 qndd
539 2402 600 2456 siem
615 2402 716 2454 Isidonis
732 2402 818 2452 ibidem
828 2404 862 2454 di-

52 2477 88 2528 eit
91 2513 104 2540 ‚
125 2491 140 2522 o
151 2473 262 2539 insipiens
279 2475 405 2527 contrarius
421 2479 456 2526 eet
469 2475 583 2540 sapienti,
597 2487 625 2526 eo
640 2474 699 2538 qndd
715 2474 766 2524 sine
779 2487 859 2538 sapore

52 2550 92 2599 est
103 2545 249 2596 discretionis
259 2550 282 2598 et
293 2560 381 2598 sensus.
393 2547 481 2597 »Unde
489 2547 550 2599 idem
565 2546 654 2598 videtur
667 2558 717 2596 esse
727 2544 859 2608 insipientia

53 2632 110 2670 eum
125 2617 231 2669 etrdtitia.
250 2617 367 2683 Prenipud
384 2622 461 2670 autent
476 2618 567 2670 ridetur
585 2615 667 2681 aliquis
692 2629 742 2668 esse
762 2616 858 2680 stultus,
932 2643 940 2654 ·

53 2689 149 2757 wando
167 2689 253 2754 patitur
267 2690 381 2745 deiectum
400 2690 425 2743 in
440 2690 552 2755 sapientia
566 2688 657 2754 judicii,
670 2701 721 2754 qnae
737 2687 860 2738 attenditur

53 2759 184 2816 seeunddm
194 2775 287 2814 eausam
296 2761 445 2827 dtissimam3
461 2776 514 2813 nam
528 2761 549 2812 si
564 2760 653 2814 definiet
663 2760 688 2812 in
701 2757 788 2824 judicio
800 2757 860 2809 eirea

53 2833 143 2900 aiqud
156 2833 280 2900 medicum,
290 2847 337 2889 non
350 2846 380 2888 ex
388 2836 538 2895 decredetur
550 2833 632 2900 ationis
643 2832 736 2887 stultis.
