<?xml version="1.0" encoding="UTF-8"?>
<!DOCTYPE html PUBLIC "-//W3C//DTD XHTML 1.0 Transitional//EN"
    "http://www.w3.org/TR/xhtml1/DTD/xhtml1-transitional.dtd">
<html xmlns="http://www.w3.org/1999/xhtml" xml:lang="en" lang="en">
 <head>
  <title>
</title>
<meta http-equiv="Content-Type" content="text/html;charset=utf-8" />
  <meta name='ocr-system' content='tesseract 3.04.00' />
  <meta name='ocr-capabilities' content='ocr_page ocr_carea ocr_par ocr_line ocrx_word'/>
</head>
<body>
  <div class='ocr_page' id='page_1' title='image "./summatheologica03nicogoog_0805.png"; bbox 0 0 1992 3317; ppageno 0'>
   <div class='ocr_carea' id='block_1_1' title="bbox 155 168 845 222">
    <p class='ocr_par' dir='ltr' id='par_1_1' title="bbox 155 168 845 222">
     <span class='ocr_line' id='line_1_1' title="bbox 155 168 845 222; baseline -0.013 -7"><span class='ocrx_word' id='word_1_1' title='bbox 155 169 201 216; x_wconf 65' lang='lat'><strong>8⁰2</strong></span> <span class='ocrx_word' id='word_1_2' title='bbox 265 174 372 214; x_wconf 80' lang='lat' dir='ltr'><strong>sncunna</strong></span> <span class='ocrx_word' id='word_1_3' title='bbox 386 173 516 222; x_wconf 65' lang='lat' dir='ltr'><strong>amnone,</strong></span> <span class='ocrx_word' id='word_1_4' title='bbox 530 169 625 216; x_wconf 67' lang='lat' dir='ltr'><strong>ouem.</strong></span> <span class='ocrx_word' id='word_1_5' title='bbox 642 171 715 218; x_wconf 81' lang='lat' dir='ltr'><strong>nvos,</strong></span> <span class='ocrx_word' id='word_1_6' title='bbox 732 168 788 208; x_wconf 80' lang='lat' dir='ltr'><strong>m.</strong></span> <span class='ocrx_word' id='word_1_7' title='bbox 803 169 845 208; x_wconf 80' lang='lat' dir='ltr'><strong>vu.</strong></span> 
     </span>
    </p>
   </div>
   <div class='ocr_carea' id='block_1_2' title="bbox 151 241 975 2523">
    <p class='ocr_par' dir='ltr' id='par_1_2' title="bbox 153 241 944 376">
     <span class='ocr_line' id='line_1_2' title="bbox 153 241 944 312; baseline -0.018 -8"><span class='ocrx_word' id='word_1_8' title='bbox 153 254 248 304; x_wconf 84' lang='lat' dir='ltr'><strong>altemm</strong></span> <span class='ocrx_word' id='word_1_9' title='bbox 262 255 322 304; x_wconf 90' lang='lat' dir='ltr'><strong>sunt.</strong></span> <span class='ocrx_word' id='word_1_10' title='bbox 335 251 394 312; x_wconf 85' lang='lat' dir='ltr'><strong>lirgo</strong></span> <span class='ocrx_word' id='word_1_11' title='bbox 408 251 503 298; x_wconf 86' lang='lat' dir='ltr'><strong>nonest</strong></span> <span class='ocrx_word' id='word_1_12' title='bbox 514 246 644 299; x_wconf 77' lang='lat' dir='ltr'><strong>necessarie</strong></span> <span class='ocrx_word' id='word_1_13' title='bbox 656 245 733 309; x_wconf 71' lang='lat' dir='ltr'><strong>aliem</strong></span> <span class='ocrx_word' id='word_1_14' title='bbox 747 244 841 309; x_wconf 77' lang='lat' dir='ltr'><strong>institia</strong></span> <span class='ocrx_word' id='word_1_15' title='bbox 855 241 944 308; x_wconf 77' lang='lat' dir='ltr'><strong>puticu-</strong></span> 
     </span>
     <span class='ocr_line' id='line_1_3' title="bbox 153 325 215 376; baseline -0.065 1"><span class='ocrx_word' id='word_1_16' title='bbox 153 325 215 376; x_wconf 80' lang='lat' dir='ltr'><strong>laris.</strong></span> 
     </span>
    </p>

    <p class='ocr_par' dir='ltr' id='par_1_3' title="bbox 152 384 948 814">
     <span class='ocr_line' id='line_1_4' title="bbox 185 384 948 454; baseline -0.017 -8"><span class='ocrx_word' id='word_1_17' title='bbox 185 403 208 446; x_wconf 77' lang='lat'><strong>2.</strong></span> <span class='ocrx_word' id='word_1_18' title='bbox 221 396 328 444; x_wconf 82' lang='lat' dir='ltr'><strong>Preterea</strong></span> <span class='ocrx_word' id='word_1_19' title='bbox 343 429 350 454; x_wconf 93' lang='lat'><strong>,</strong></span> <span class='ocrx_word' id='word_1_20' title='bbox 366 405 443 442; x_wconf 87' lang='lat' dir='ltr'><strong>unum</strong></span> <span class='ocrx_word' id='word_1_21' title='bbox 455 393 479 441; x_wconf 90' lang='lat' dir='ltr'><strong>et</strong></span> <span class='ocrx_word' id='word_1_22' title='bbox 489 389 574 438; x_wconf 79' lang='lat' dir='ltr'><strong>multo</strong></span> <span class='ocrx_word' id='word_1_23' title='bbox 584 401 632 439; x_wconf 91' lang='lat' dir='ltr'><strong>non</strong></span> <span class='ocrx_word' id='word_1_24' title='bbox 643 387 901 452; x_wconf 73' lang='lat' dir='ltr'><strong>diversificantspeniem</strong></span> <span class='ocrx_word' id='word_1_25' title='bbox 908 384 948 432; x_wconf 77' lang='lat' dir='ltr'><strong>rir-</strong></span> 
     </span>
     <span class='ocr_line' id='line_1_5' title="bbox 153 459 946 526; baseline -0.019 -7"><span class='ocrx_word' id='word_1_26' title='bbox 153 468 215 518; x_wconf 84' lang='lat' dir='ltr'><strong>tutis</strong></span> <span class='ocrx_word' id='word_1_27' title='bbox 237 465 279 516; x_wconf 87' lang='lat' dir='ltr'><strong>Sed</strong></span> <span class='ocrx_word' id='word_1_28' title='bbox 291 462 384 526; x_wconf 86' lang='lat' dir='ltr'><strong>justitia</strong></span> <span class='ocrx_word' id='word_1_29' title='bbox 397 462 477 525; x_wconf 79' lang='lat' dir='ltr'><strong>legalis</strong></span> <span class='ocrx_word' id='word_1_30' title='bbox 489 461 580 513; x_wconf 81' lang='lat' dir='ltr'><strong>ordinat</strong></span> <span class='ocrx_word' id='word_1_31' title='bbox 591 459 708 510; x_wconf 86' lang='lat' dir='ltr'><strong>hominem</strong></span> <span class='ocrx_word' id='word_1_32' title='bbox 721 461 750 509; x_wconf 87' lang='lat' dir='ltr'><strong>ad</strong></span> <span class='ocrx_word' id='word_1_33' title='bbox 768 460 868 510; x_wconf 85' lang='lat' dir='ltr'><strong>alterum</strong></span> <span class='ocrx_word' id='word_1_34' title='bbox 877 470 946 508; x_wconf 81' lang='lat' dir='ltr'><strong>secun</strong></span> 
     </span>
     <span class='ocr_line' id='line_1_6' title="bbox 154 530 946 598; baseline -0.019 -9"><span class='ocrx_word' id='word_1_35' title='bbox 154 539 208 589; x_wconf 87' lang='lat' dir='ltr'><strong>dum</strong></span> <span class='ocrx_word' id='word_1_36' title='bbox 222 549 247 588; x_wconf 86' lang='lat' dir='ltr'><strong>ea</strong></span> <span class='ocrx_word' id='word_1_37' title='bbox 259 547 309 598; x_wconf 83' lang='lat' dir='ltr'><strong>que</strong></span> <span class='ocrx_word' id='word_1_38' title='bbox 317 534 344 583; x_wconf 92' lang='lat' dir='ltr'><strong>ad</strong></span> <span class='ocrx_word' id='word_1_39' title='bbox 360 533 528 585; x_wconf 75' lang='lat' dir='ltr'><strong>multitudinem</strong></span> <span class='ocrx_word' id='word_1_40' title='bbox 537 531 668 596; x_wconf 75' lang='lat' dir='ltr'><strong>pertinent,</strong></span> <span class='ocrx_word' id='word_1_41' title='bbox 678 535 705 582; x_wconf 93' lang='lat' dir='ltr'><strong>ut</strong></span> <span class='ocrx_word' id='word_1_42' title='bbox 718 543 748 580; x_wconf 83' lang='lat' dir='ltr'><strong>ex</strong></span> <span class='ocrx_word' id='word_1_43' title='bbox 761 530 882 596; x_wconf 75' lang='lat' dir='ltr'><strong>predictis</strong></span> <span class='ocrx_word' id='word_1_44' title='bbox 895 533 946 592; x_wconf 82' lang='lat' dir='ltr'><strong>patet</strong></span> 
     </span>
     <span class='ocr_line' id='line_1_7' title="bbox 155 602 945 674; baseline -0.016 -15"><span class='ocrx_word' id='word_1_45' title='bbox 155 609 215 674; x_wconf 88' lang='lat' dir='ltr'><strong>(arr.</strong></span> <span class='ocrx_word' id='word_1_46' title='bbox 232 611 245 656; x_wconf 80' lang='lat'>⁵</span> <span class='ocrx_word' id='word_1_47' title='bbox 259 609 282 656; x_wconf 93' lang='lat' dir='ltr'><strong>et</strong></span> <span class='ocrx_word' id='word_1_48' title='bbox 296 605 339 668; x_wconf 85' lang='grc'><strong>6).</strong></span> <span class='ocrx_word' id='word_1_49' title='bbox 355 605 467 668; x_wconf 76' lang='lat' dir='ltr'><strong>Ergonon</strong></span> <span class='ocrx_word' id='word_1_50' title='bbox 481 609 517 654; x_wconf 88' lang='lat' dir='ltr'><strong>est</strong></span> <span class='ocrx_word' id='word_1_51' title='bbox 530 604 573 654; x_wconf 84' lang='lat' dir='ltr'><strong>alia</strong></span> <span class='ocrx_word' id='word_1_52' title='bbox 583 602 674 666; x_wconf 88' lang='lat' dir='ltr'><strong>species</strong></span> <span class='ocrx_word' id='word_1_53' title='bbox 685 603 786 666; x_wconf 77' lang='lat' dir='ltr'><strong>justitie</strong></span> <span class='ocrx_word' id='word_1_54' title='bbox 798 617 853 665; x_wconf 77' lang='lat' dir='ltr'><strong>que</strong></span> <span class='ocrx_word' id='word_1_55' title='bbox 866 603 945 654; x_wconf 85' lang='lat' dir='ltr'><strong>ordinet</strong></span> 
     </span>
     <span class='ocr_line' id='line_1_8' title="bbox 153 673 948 740; baseline -0.01 -11"><span class='ocrx_word' id='word_1_56' title='bbox 153 678 268 729; x_wconf 87' lang='lat' dir='ltr'><strong>hominem</strong></span> <span class='ocrx_word' id='word_1_57' title='bbox 283 677 311 726; x_wconf 91' lang='lat' dir='ltr'><strong>ad</strong></span> <span class='ocrx_word' id='word_1_58' title='bbox 324 679 420 728; x_wconf 89' lang='lat' dir='ltr'><strong>alterum</strong></span> <span class='ocrx_word' id='word_1_59' title='bbox 429 675 455 726; x_wconf 91' lang='lat' dir='ltr'><strong>in</strong></span> <span class='ocrx_word' id='word_1_60' title='bbox 466 677 504 726; x_wconf 88' lang='lat' dir='ltr'><strong>lris</strong></span> <span class='ocrx_word' id='word_1_61' title='bbox 513 689 563 740; x_wconf 83' lang='lat' dir='ltr'><strong>que</strong></span> <span class='ocrx_word' id='word_1_62' title='bbox 576 673 693 740; x_wconf 70' lang='lat' dir='ltr'><strong>pertinent</strong></span> <span class='ocrx_word' id='word_1_63' title='bbox 702 675 730 723; x_wconf 91' lang='lat' dir='ltr'><strong>ad</strong></span> <span class='ocrx_word' id='word_1_64' title='bbox 744 687 817 722; x_wconf 86' lang='lat' dir='ltr'><strong>unarn</strong></span> <span class='ocrx_word' id='word_1_65' title='bbox 824 674 948 738; x_wconf 81' lang='lat' dir='ltr'><strong>singularem</strong></span> 
     </span>
     <span class='ocr_line' id='line_1_9' title="bbox 152 761 281 814; baseline -0.023 -14"><span class='ocrx_word' id='word_1_66' title='bbox 152 761 281 814; x_wconf 82' lang='lat' dir='ltr'>personam.</span> 
     </span>
    </p>

    <p class='ocr_par' dir='ltr' id='par_1_4' title="bbox 151 814 974 1312">
     <span class='ocr_line' id='line_1_10' title="bbox 185 814 948 881; baseline -0.013 -11"><span class='ocrx_word' id='word_1_67' title='bbox 185 825 207 870; x_wconf 80' lang='lat'><strong>³.</strong></span> <span class='ocrx_word' id='word_1_68' title='bbox 221 821 348 881; x_wconf 81' lang='lat' dir='ltr'><strong>Praeterea,</strong></span> <span class='ocrx_word' id='word_1_69' title='bbox 364 819 423 870; x_wconf 82' lang='lat' dir='ltr'><strong>inter</strong></span> <span class='ocrx_word' id='word_1_70' title='bbox 443 830 512 871; x_wconf 89' lang='lat' dir='ltr'><strong>unam</strong></span> <span class='ocrx_word' id='word_1_71' title='bbox 528 817 666 881; x_wconf 77' lang='lat' dir='ltr'>singularem</span> <span class='ocrx_word' id='word_1_72' title='bbox 680 829 803 880; x_wconf 88' lang='lat' dir='ltr'><strong>personam</strong></span> <span class='ocrx_word' id='word_1_73' title='bbox 818 819 843 866; x_wconf 84' lang='lat' dir='ltr'><strong>et</strong></span> <span class='ocrx_word' id='word_1_74' title='bbox 859 814 948 865; x_wconf 86' lang='lat' dir='ltr'><strong>multitu-</strong></span> 
     </span>
     <span class='ocr_line' id='line_1_11' title="bbox 153 887 947 950; baseline -0.013 -8"><span class='ocrx_word' id='word_1_75' title='bbox 153 891 228 942; x_wconf 84' lang='lat' dir='ltr'><strong>dinem</strong></span> <span class='ocrx_word' id='word_1_76' title='bbox 249 891 360 948; x_wconf 84' lang='lat' dir='ltr'><strong>ciuitatis‚</strong></span> <span class='ocrx_word' id='word_1_77' title='bbox 374 889 446 942; x_wconf 86' lang='lat' dir='ltr'><strong>media</strong></span> <span class='ocrx_word' id='word_1_78' title='bbox 463 894 501 941; x_wconf 88' lang='lat' dir='ltr'><strong>est</strong></span> <span class='ocrx_word' id='word_1_79' title='bbox 520 889 640 941; x_wconf 88' lang='lat' dir='ltr'><strong>multitudo</strong></span> <span class='ocrx_word' id='word_1_80' title='bbox 654 888 789 939; x_wconf 88' lang='lat' dir='ltr'><strong>domestica.</strong></span> <span class='ocrx_word' id='word_1_81' title='bbox 809 887 835 937; x_wconf 84' lang='lat' dir='ltr'><strong>Si</strong></span> <span class='ocrx_word' id='word_1_82' title='bbox 853 901 906 950; x_wconf 88' lang='lat' dir='ltr'><strong>ergo</strong></span> <span class='ocrx_word' id='word_1_83' title='bbox 921 890 947 934; x_wconf 75' lang='lat' dir='ltr'><strong>est</strong></span> 
     </span>
     <span class='ocr_line' id='line_1_12' title="bbox 151 960 947 1028; baseline -0.009 -14"><span class='ocrx_word' id='word_1_84' title='bbox 151 963 242 1026; x_wconf 75' lang='lat' dir='ltr'><strong>iustitia</strong></span> <span class='ocrx_word' id='word_1_85' title='bbox 253 963 297 1014; x_wconf 86' lang='lat' dir='ltr'><strong>alin</strong></span> <span class='ocrx_word' id='word_1_86' title='bbox 308 962 448 1028; x_wconf 88' lang='lat' dir='ltr'><strong>particularis</strong></span> <span class='ocrx_word' id='word_1_87' title='bbox 457 975 498 1024; x_wconf 90' lang='lat' dir='ltr'><strong>per</strong></span> <span class='ocrx_word' id='word_1_88' title='bbox 510 960 700 1024; x_wconf 88' lang='lat' dir='ltr'><strong>comparationem</strong></span> <span class='ocrx_word' id='word_1_89' title='bbox 710 961 739 1008; x_wconf 87' lang='lat' dir='ltr'><strong>ad</strong></span> <span class='ocrx_word' id='word_1_90' title='bbox 749 973 821 1008; x_wconf 90' lang='lat' dir='ltr'><strong>unam</strong></span> <span class='ocrx_word' id='word_1_91' title='bbox 831 971 947 1023; x_wconf 69' lang='lat' dir='ltr'><strong>personatu,</strong></span> 
     </span>
     <span class='ocr_line' id='line_1_13' title="bbox 154 1029 947 1100; baseline -0.014 -15"><span class='ocrx_word' id='word_1_92' title='bbox 154 1037 236 1100; x_wconf 80' lang='lat' dir='ltr'><strong>preter</strong></span> <span class='ocrx_word' id='word_1_93' title='bbox 247 1035 358 1099; x_wconf 89' lang='lat' dir='ltr'><strong>justitiam</strong></span> <span class='ocrx_word' id='word_1_94' title='bbox 375 1033 520 1096; x_wconf 82' lang='lat' dir='ltr'><strong>generalem3</strong></span> <span class='ocrx_word' id='word_1_95' title='bbox 534 1030 584 1094; x_wconf 90' lang='lat' dir='ltr'><strong>pari</strong></span> <span class='ocrx_word' id='word_1_96' title='bbox 604 1029 691 1082; x_wconf 88' lang='lat' dir='ltr'><strong>ratione</strong></span> <span class='ocrx_word' id='word_1_97' title='bbox 705 1030 773 1080; x_wconf 84' lang='lat' dir='ltr'><strong>debet</strong></span> <span class='ocrx_word' id='word_1_98' title='bbox 790 1043 844 1080; x_wconf 88' lang='lat' dir='ltr'><strong>esse</strong></span> <span class='ocrx_word' id='word_1_99' title='bbox 859 1030 901 1079; x_wconf 80' lang='lat' dir='ltr'><strong>alia</strong></span> <span class='ocrx_word' id='word_1_100' title='bbox 909 1030 947 1091; x_wconf 78' lang='lat' dir='ltr'><strong>jus·</strong></span> 
     </span>
     <span class='ocr_line' id='line_1_14' title="bbox 154 1101 947 1166; baseline -0.013 -11"><span class='ocrx_word' id='word_1_101' title='bbox 154 1107 204 1155; x_wconf 86' lang='lat' dir='ltr'><strong>lilia</strong></span> <span class='ocrx_word' id='word_1_102' title='bbox 222 1105 374 1164; x_wconf 76' lang='lat' dir='ltr'><strong>oeconomica,</strong></span> <span class='ocrx_word' id='word_1_103' title='bbox 386 1118 436 1166; x_wconf 80' lang='lat' dir='ltr'><strong>qun</strong></span> <span class='ocrx_word' id='word_1_104' title='bbox 457 1102 547 1152; x_wconf 88' lang='lat' dir='ltr'><strong>ordinet</strong></span> <span class='ocrx_word' id='word_1_105' title='bbox 562 1101 677 1151; x_wconf 83' lang='lat' dir='ltr'><strong>nominem</strong></span> <span class='ocrx_word' id='word_1_106' title='bbox 691 1102 719 1150; x_wconf 89' lang='lat' dir='ltr'><strong>ad</strong></span> <span class='ocrx_word' id='word_1_107' title='bbox 736 1101 824 1151; x_wconf 80' lang='lat' dir='ltr'><strong>bonnm</strong></span> <span class='ocrx_word' id='word_1_108' title='bbox 840 1110 947 1151; x_wconf 83' lang='lat' dir='ltr'><strong>oomnruue</strong></span> 
     </span>
     <span class='ocr_line' id='line_1_15' title="bbox 155 1171 948 1238; baseline -0.016 -11"><span class='ocrx_word' id='word_1_109' title='bbox 155 1177 223 1227; x_wconf 87' lang='lat' dir='ltr'><strong>unius</strong></span> <span class='ocrx_word' id='word_1_110' title='bbox 244 1175 351 1238; x_wconf 80' lang='lat' dir='ltr'><strong>iamilie3</strong></span> <span class='ocrx_word' id='word_1_111' title='bbox 367 1175 426 1238; x_wconf 81' lang='lat' dir='ltr'><strong>qraod</strong></span> <span class='ocrx_word' id='word_1_112' title='bbox 449 1172 540 1238; x_wconf 83' lang='lat' dir='ltr'><strong>quidem</strong></span> <span class='ocrx_word' id='word_1_113' title='bbox 561 1185 608 1223; x_wconf 92' lang='lat' dir='ltr'><strong>non</strong></span> <span class='ocrx_word' id='word_1_114' title='bbox 629 1171 719 1222; x_wconf 89' lang='lat' dir='ltr'><strong>dicitur.</strong></span> <span class='ocrx_word' id='word_1_115' title='bbox 739 1173 803 1236; x_wconf 87' lang='lat' dir='ltr'><strong>Ergo</strong></span> <span class='ocrx_word' id='word_1_116' title='bbox 822 1185 869 1222; x_wconf 89' lang='lat' dir='ltr'><strong>nec</strong></span> <span class='ocrx_word' id='word_1_117' title='bbox 888 1172 948 1232; x_wconf 79' lang='lat' dir='ltr'><strong>eliqua</strong></span> 
     </span>
     <span class='ocr_line' id='line_1_16' title="bbox 154 1243 974 1312; baseline -0.005 -16"><span class='ocrx_word' id='word_1_118' title='bbox 154 1247 297 1312; x_wconf 88' lang='lat' dir='ltr'><strong>particularis</strong></span> <span class='ocrx_word' id='word_1_119' title='bbox 309 1245 399 1310; x_wconf 84' lang='lat' dir='ltr'><strong>justitia</strong></span> <span class='ocrx_word' id='word_1_120' title='bbox 414 1249 449 1294; x_wconf 90' lang='lat' dir='ltr'><strong>est</strong></span> <span class='ocrx_word' id='word_1_121' title='bbox 461 1248 542 1308; x_wconf 76' lang='lat' dir='ltr'><strong>preter</strong></span> <span class='ocrx_word' id='word_1_122' title='bbox 560 1243 673 1306; x_wconf 83' lang='lat' dir='ltr'><strong>justitiam</strong></span> <span class='ocrx_word' id='word_1_123' title='bbox 685 1243 794 1308; x_wconf 77' lang='lat' dir='ltr'><strong>legalem.</strong></span> <span class='ocrx_word' id='word_1_124' title='bbox 973 1254 974 1257; x_wconf 69' lang='grc'>’</span> 
     </span>
    </p>

    <p class='ocr_par' dir='ltr' id='par_1_5' title="bbox 154 1268 975 1598">
     <span class='ocr_line' id='line_1_17' title="bbox 187 1268 975 1380; baseline -0.001 -12"><span class='ocrx_word' id='word_1_125' title='bbox 187 1317 230 1368; x_wconf 83' lang='lat' dir='ltr'><strong>Sed</strong></span> <span class='ocrx_word' id='word_1_126' title='bbox 248 1321 326 1368; x_wconf 89' lang='lat' dir='ltr'><strong>contra</strong></span> <span class='ocrx_word' id='word_1_127' title='bbox 346 1320 394 1378; x_wconf 90' lang='lat' dir='ltr'><strong>est,</strong></span> <span class='ocrx_word' id='word_1_128' title='bbox 407 1316 467 1378; x_wconf 89' lang='lat' dir='ltr'><strong>quod</strong></span> <span class='ocrx_word' id='word_1_129' title='bbox 482 1310 676 1378; x_wconf 73' lang='lat' dir='ltr'><strong>chrysostomus,</strong></span> <span class='ocrx_word' id='word_1_130' title='bbox 691 1329 762 1380; x_wconf 89' lang='lat' dir='ltr'><strong>super</strong></span> <span class='ocrx_word' id='word_1_131' title='bbox 780 1315 841 1365; x_wconf 90' lang='lat' dir='ltr'><strong>illud</strong></span> <span class='ocrx_word' id='word_1_132' title='bbox 857 1315 946 1367; x_wconf 55' lang='lat' dir='ltr'><strong>Mutila</strong></span> <span class='ocrx_word' id='word_1_133' title='bbox 973 1268 975 1348; x_wconf 32' lang='grc' dir='ltr'>ὁ</span> 
     </span>
     <span class='ocr_line' id='line_1_18' title="bbox 154 1358 975 1450; baseline -0.006 -14"><span class='ocrx_word' id='word_1_134' title='bbox 154 1389 173 1436; x_wconf 88' lang='lat' dir='ltr'>v</span> <span class='ocrx_word' id='word_1_135' title='bbox 189 1404 195 1436; x_wconf 74' lang='grc' dir='ltr'><em>ι</em></span> <span class='ocrx_word' id='word_1_136' title='bbox 214 1405 227 1436; x_wconf 85' lang='lat' dir='ltr'><strong>o</strong></span> <span class='ocrx_word' id='word_1_137' title='bbox 242 1387 306 1438; x_wconf 82' lang='lat' dir='ltr'><strong>Beati</strong></span> <span class='ocrx_word' id='word_1_138' title='bbox 322 1388 360 1450; x_wconf 86' lang='lat' dir='ltr'><strong>qni</strong></span> <span class='ocrx_word' id='word_1_139' title='bbox 372 1387 474 1438; x_wconf 87' lang='lat' dir='ltr'><strong>esuriunt</strong></span> <span class='ocrx_word' id='word_1_140' title='bbox 488 1390 512 1436; x_wconf 85' lang='lat' dir='ltr'><strong>et</strong></span> <span class='ocrx_word' id='word_1_141' title='bbox 524 1386 608 1437; x_wconf 89' lang='lat' dir='ltr'><strong>sitiunt</strong></span> <span class='ocrx_word' id='word_1_142' title='bbox 618 1386 740 1450; x_wconf 85' lang='lat' dir='ltr'><strong>justitiam,</strong></span> <span class='ocrx_word' id='word_1_143' title='bbox 750 1404 765 1434; x_wconf 89' lang='lat' dir='ltr'><strong>u</strong></span> <span class='ocrx_word' id='word_1_144' title='bbox 776 1386 847 1447; x_wconf 76' lang='lat' dir='ltr'><strong>dicit(</strong></span> <span class='ocrx_word' id='word_1_145' title='bbox 857 1385 947 1437; x_wconf 77' lang='lat' dir='ltr'><strong>Horruit,</strong></span> <span class='ocrx_word' id='word_1_146' title='bbox 973 1358 975 1425; x_wconf 66' lang='grc' dir='ltr'>Ι</span> 
     </span>
     <span class='ocr_line' id='line_1_19' title="bbox 154 1454 975 1522; baseline -0.013 -12"><span class='ocrx_word' id='word_1_147' title='bbox 154 1461 194 1510; x_wconf 88' lang='lat' dir='ltr'><strong>llll</strong></span> <span class='ocrx_word' id='word_1_148' title='bbox 207 1459 215 1522; x_wconf 97' lang='lat'><em>)</em></span> <span class='ocrx_word' id='word_1_149' title='bbox 226 1475 232 1510; x_wconf 91' lang='lat'>:</span> <span class='ocrx_word' id='word_1_150' title='bbox 245 1477 258 1507; x_wconf 87' lang='lat' dir='ltr'><strong>u</strong></span> <span class='ocrx_word' id='word_1_151' title='bbox 272 1459 384 1512; x_wconf 80' lang='lat' dir='ltr'><strong>iustitiam</strong></span> <span class='ocrx_word' id='word_1_152' title='bbox 398 1458 559 1520; x_wconf 88' lang='lat' dir='ltr'><strong>autemdicit,</strong></span> <span class='ocrx_word' id='word_1_153' title='bbox 573 1458 610 1508; x_wconf 89' lang='lat' dir='ltr'><strong>uel</strong></span> <span class='ocrx_word' id='word_1_154' title='bbox 625 1457 778 1509; x_wconf 84' lang='lat' dir='ltr'><strong>universalem</strong></span> <span class='ocrx_word' id='word_1_155' title='bbox 790 1454 947 1517; x_wconf 65' lang='lat' dir='ltr'><strong>virtutemne</strong></span> <span class='ocrx_word' id='word_1_156' title='bbox 973 1456 975 1485; x_wconf 82' lang='lat'><strong>¹</strong></span> 
     </span>
     <span class='ocr_line' id='line_1_20' title="bbox 155 1527 675 1598; baseline -0.012 -16"><span class='ocrx_word' id='word_1_157' title='bbox 155 1531 322 1598; x_wconf 73' lang='lat' dir='ltr'><strong>particularem,</strong></span> <span class='ocrx_word' id='word_1_158' title='bbox 337 1529 437 1582; x_wconf 82' lang='lat' dir='ltr'><strong>avaritie</strong></span> <span class='ocrx_word' id='word_1_159' title='bbox 451 1529 587 1584; x_wconf 87' lang='lat' dir='ltr'><strong>contrariam</strong></span> <span class='ocrx_word' id='word_1_160' title='bbox 596 1527 643 1594; x_wconf 84' lang='lat' dir='ltr'><strong>(l).</strong></span> <span class='ocrx_word' id='word_1_161' title='bbox 661 1545 675 1576; x_wconf 84' lang='lat' dir='ltr'><strong>u</strong></span> 
     </span>
    </p>

    <p class='ocr_par' dir='ltr' id='par_1_6' title="bbox 157 1599 950 1810">
     <span class='ocr_line' id='line_1_21' title="bbox 191 1599 948 1670; baseline -0.013 -14"><span class='ocrx_word' id='word_1_162' title='bbox 191 1604 350 1670; x_wconf 84' lang='lat' dir='ltr'><strong>(Couccusro.</strong></span> <span class='ocrx_word' id='word_1_163' title='bbox 364 1629 396 1640; x_wconf 90' lang='lat'><em>-</em></span> <span class='ocrx_word' id='word_1_164' title='bbox 408 1603 493 1654; x_wconf 81' lang='lat' dir='ltr'><strong>Preter</strong></span> <span class='ocrx_word' id='word_1_165' title='bbox 504 1601 599 1664; x_wconf 76' lang='lat' dir='ltr'><strong>legalem</strong></span> <span class='ocrx_word' id='word_1_166' title='bbox 612 1599 734 1666; x_wconf 81' lang='lat' dir='ltr'><strong>justitiam,</strong></span> <span class='ocrx_word' id='word_1_167' title='bbox 750 1599 907 1652; x_wconf 76' lang='lat' dir='ltr'><strong>necessariam</strong></span> <span class='ocrx_word' id='word_1_168' title='bbox 922 1604 948 1646; x_wconf 74' lang='lat' dir='ltr'><strong>est</strong></span> 
     </span>
     <span class='ocr_line' id='line_1_22' title="bbox 157 1669 950 1739; baseline -0.008 -13"><span class='ocrx_word' id='word_1_169' title='bbox 157 1689 207 1726; x_wconf 88' lang='lat' dir='ltr'><strong>esse</strong></span> <span class='ocrx_word' id='word_1_170' title='bbox 225 1674 322 1739; x_wconf 85' lang='lat' dir='ltr'><strong>aliquam</strong></span> <span class='ocrx_word' id='word_1_171' title='bbox 342 1673 408 1724; x_wconf 89' lang='lat' dir='ltr'><strong>aliam</strong></span> <span class='ocrx_word' id='word_1_172' title='bbox 427 1673 533 1724; x_wconf 82' lang='lat' dir='ltr'><strong>virtutem</strong></span> <span class='ocrx_word' id='word_1_173' title='bbox 555 1671 735 1736; x_wconf 74' lang='lat' dir='ltr'><strong>seminandam,</strong></span> <span class='ocrx_word' id='word_1_174' title='bbox 749 1686 795 1736; x_wconf 85' lang='lat' dir='ltr'><strong>qua</strong></span> <span class='ocrx_word' id='word_1_175' title='bbox 819 1673 890 1724; x_wconf 89' lang='lat' dir='ltr'><strong>lromn</strong></span> <span class='ocrx_word' id='word_1_176' title='bbox 905 1669 950 1720; x_wconf 82' lang='lat' dir='ltr'><strong>ordi·</strong></span> 
     </span>
     <span class='ocr_line' id='line_1_23' title="bbox 157 1745 846 1810; baseline -0.009 -10"><span class='ocrx_word' id='word_1_177' title='bbox 157 1753 223 1800; x_wconf 88' lang='lat' dir='ltr'><strong>uetur</strong></span> <span class='ocrx_word' id='word_1_178' title='bbox 235 1747 260 1800; x_wconf 88' lang='lat' dir='ltr'><strong>in</strong></span> <span class='ocrx_word' id='word_1_179' title='bbox 274 1749 311 1798; x_wconf 90' lang='lat' dir='ltr'><strong>his</strong></span> <span class='ocrx_word' id='word_1_180' title='bbox 324 1761 375 1809; x_wconf 84' lang='lat' dir='ltr'><strong>que</strong></span> <span class='ocrx_word' id='word_1_181' title='bbox 390 1747 418 1798; x_wconf 91' lang='lat' dir='ltr'><strong>ad</strong></span> <span class='ocrx_word' id='word_1_182' title='bbox 433 1747 570 1810; x_wconf 87' lang='lat' dir='ltr'><strong>singularem</strong></span> <span class='ocrx_word' id='word_1_183' title='bbox 584 1759 704 1810; x_wconf 83' lang='lat' dir='ltr'><strong>personum</strong></span> <span class='ocrx_word' id='word_1_184' title='bbox 715 1745 846 1808; x_wconf 83' lang='lat' dir='ltr'><strong>attinent.)</strong></span> 
     </span>
    </p>

    <p class='ocr_par' dir='ltr' id='par_1_7' title="bbox 157 1815 974 2523">
     <span class='ocr_line' id='line_1_24' title="bbox 187 1815 951 1883; baseline -0.013 -13"><span class='ocrx_word' id='word_1_185' title='bbox 187 1821 322 1883; x_wconf 84' lang='lat' dir='ltr'><strong>Respondeo</strong></span> <span class='ocrx_word' id='word_1_186' title='bbox 331 1818 464 1880; x_wconf 87' lang='lat' dir='ltr'><strong>dicendum,</strong></span> <span class='ocrx_word' id='word_1_187' title='bbox 479 1817 541 1882; x_wconf 88' lang='lat' dir='ltr'><strong>qudd</strong></span> <span class='ocrx_word' id='word_1_188' title='bbox 552 1818 611 1867; x_wconf 90' lang='lat' dir='ltr'><strong>sicut</strong></span> <span class='ocrx_word' id='word_1_189' title='bbox 624 1817 710 1868; x_wconf 86' lang='lat' dir='ltr'><strong>dietum</strong></span> <span class='ocrx_word' id='word_1_190' title='bbox 723 1821 761 1868; x_wconf 87' lang='lat' dir='ltr'><strong>est</strong></span> <span class='ocrx_word' id='word_1_191' title='bbox 778 1818 840 1881; x_wconf 82' lang='lat' dir='ltr'><strong>(art.</strong></span> <span class='ocrx_word' id='word_1_192' title='bbox 856 1815 900 1880; x_wconf 82' lang='grc'><strong>6),</strong></span> <span class='ocrx_word' id='word_1_193' title='bbox 912 1816 951 1879; x_wconf 77' lang='lat' dir='ltr'><strong>jos·</strong></span> 
     </span>
     <span class='ocr_line' id='line_1_25' title="bbox 158 1887 949 1955; baseline -0.009 -15"><span class='ocrx_word' id='word_1_194' title='bbox 158 1890 207 1940; x_wconf 87' lang='lat' dir='ltr'><strong>titia</strong></span> <span class='ocrx_word' id='word_1_195' title='bbox 227 1891 306 1953; x_wconf 87' lang='lat' dir='ltr'><strong>legalis</strong></span> <span class='ocrx_word' id='word_1_196' title='bbox 323 1903 369 1940; x_wconf 92' lang='lat' dir='ltr'><strong>non</strong></span> <span class='ocrx_word' id='word_1_197' title='bbox 388 1891 422 1940; x_wconf 87' lang='lat' dir='ltr'><strong>est</strong></span> <span class='ocrx_word' id='word_1_198' title='bbox 440 1887 590 1938; x_wconf 83' lang='lat' dir='ltr'><strong>essentialiter</strong></span> <span class='ocrx_word' id='word_1_199' title='bbox 603 1887 679 1955; x_wconf 87' lang='lat' dir='ltr'><strong>omnis</strong></span> <span class='ocrx_word' id='word_1_200' title='bbox 700 1887 789 1950; x_wconf 72' lang='lat' dir='ltr'><strong>uirtus,</strong></span> <span class='ocrx_word' id='word_1_201' title='bbox 802 1889 845 1939; x_wconf 87' lang='lat' dir='ltr'><strong>sed</strong></span> <span class='ocrx_word' id='word_1_202' title='bbox 858 1892 949 1952; x_wconf 84' lang='lat' dir='ltr'><strong>oportet.</strong></span> 
     </span>
     <span class='ocr_line' id='line_1_26' title="bbox 158 1957 973 2025; baseline -0.007 -16"><span class='ocrx_word' id='word_1_203' title='bbox 158 1964 237 2025; x_wconf 88' lang='lat' dir='ltr'><strong>praeter</strong></span> <span class='ocrx_word' id='word_1_204' title='bbox 250 1960 362 2023; x_wconf 88' lang='lat' dir='ltr'><strong>justitiam</strong></span> <span class='ocrx_word' id='word_1_205' title='bbox 373 1959 478 2022; x_wconf 79' lang='lat' dir='ltr'><strong>legalem,</strong></span> <span class='ocrx_word' id='word_1_206' title='bbox 492 1971 542 2021; x_wconf 79' lang='lat' dir='ltr'><strong>que</strong></span> <span class='ocrx_word' id='word_1_207' title='bbox 555 1957 643 2009; x_wconf 84' lang='lat' dir='ltr'><strong>ordinat</strong></span> <span class='ocrx_word' id='word_1_208' title='bbox 656 1959 773 2010; x_wconf 78' lang='lat' dir='ltr'><strong>hommem</strong></span> <span class='ocrx_word' id='word_1_209' title='bbox 786 1958 918 2010; x_wconf 79' lang='lat' dir='ltr'><strong>immediate</strong></span> <span class='ocrx_word' id='word_1_210' title='bbox 931 1970 951 2003; x_wconf 79' lang='lat' dir='ltr'><strong>a.</strong></span> <span class='ocrx_word' id='word_1_211' title='bbox 972 1990 973 2023; x_wconf 64' lang='lat'><em>3</em></span> 
     </span>
     <span class='ocr_line' id='line_1_27' title="bbox 157 2027 950 2092; baseline -0.006 -12"><span class='ocrx_word' id='word_1_212' title='bbox 157 2031 242 2081; x_wconf 88' lang='lat' dir='ltr'><strong>bonnm</strong></span> <span class='ocrx_word' id='word_1_213' title='bbox 254 2043 388 2092; x_wconf 84' lang='lat' dir='ltr'><strong>corrrmuue,</strong></span> <span class='ocrx_word' id='word_1_214' title='bbox 401 2043 450 2079; x_wconf 85' lang='lat' dir='ltr'><strong>esse</strong></span> <span class='ocrx_word' id='word_1_215' title='bbox 465 2029 522 2078; x_wconf 87' lang='lat' dir='ltr'><strong>alias</strong></span> <span class='ocrx_word' id='word_1_216' title='bbox 535 2027 629 2079; x_wconf 78' lang='lat' dir='ltr'><strong>drtntes</strong></span> <span class='ocrx_word' id='word_1_217' title='bbox 647 2042 697 2092; x_wconf 84' lang='lat' dir='ltr'><strong>que</strong></span> <span class='ocrx_word' id='word_1_218' title='bbox 710 2029 846 2080; x_wconf 76' lang='lat' dir='ltr'><strong>immediate</strong></span> <span class='ocrx_word' id='word_1_219' title='bbox 856 2031 950 2081; x_wconf 77' lang='lat' dir='ltr'><strong>ordinent</strong></span> 
     </span>
     <span class='ocr_line' id='line_1_28' title="bbox 157 2099 973 2166; baseline -0.009 -16"><span class='ocrx_word' id='word_1_220' title='bbox 157 2101 271 2152; x_wconf 87' lang='lat' dir='ltr'><strong>hominem</strong></span> <span class='ocrx_word' id='word_1_221' title='bbox 290 2101 349 2151; x_wconf 86' lang='lat' dir='ltr'><strong>circa</strong></span> <span class='ocrx_word' id='word_1_222' title='bbox 373 2099 516 2165; x_wconf 87' lang='lat' dir='ltr'><strong>particularia</strong></span> <span class='ocrx_word' id='word_1_223' title='bbox 530 2100 602 2165; x_wconf 82' lang='lat' dir='ltr'><strong>bona3</strong></span> <span class='ocrx_word' id='word_1_224' title='bbox 618 2114 669 2166; x_wconf 87' lang='lat' dir='ltr'><strong>que</strong></span> <span class='ocrx_word' id='word_1_225' title='bbox 684 2100 776 2164; x_wconf 87' lang='lat' dir='ltr'><strong>quidem</strong></span> <span class='ocrx_word' id='word_1_226' title='bbox 789 2105 891 2164; x_wconf 89' lang='lat' dir='ltr'><strong>possunt</strong></span> <span class='ocrx_word' id='word_1_227' title='bbox 909 2110 949 2149; x_wconf 65' lang='lat' dir='ltr'><strong>esu</strong></span> <span class='ocrx_word' id='word_1_228' title='bbox 972 2100 973 2103; x_wconf 75' lang='grc'>’</span> 
     </span>
     <span class='ocr_line' id='line_1_29' title="bbox 157 2171 951 2236; baseline -0.009 -15"><span class='ocrx_word' id='word_1_229' title='bbox 157 2173 194 2222; x_wconf 88' lang='lat' dir='ltr'><strong>vel</strong></span> <span class='ocrx_word' id='word_1_230' title='bbox 208 2173 234 2222; x_wconf 88' lang='lat' dir='ltr'><strong>ad</strong></span> <span class='ocrx_word' id='word_1_231' title='bbox 249 2173 363 2236; x_wconf 86' lang='lat' dir='ltr'><strong>seipsum,</strong></span> <span class='ocrx_word' id='word_1_232' title='bbox 378 2173 414 2222; x_wconf 85' lang='lat' dir='ltr'><strong>vel</strong></span> <span class='ocrx_word' id='word_1_233' title='bbox 430 2172 457 2221; x_wconf 88' lang='lat' dir='ltr'><strong>ad</strong></span> <span class='ocrx_word' id='word_1_234' title='bbox 480 2171 574 2220; x_wconf 76' lang='lat' dir='ltr'><strong>alteram</strong></span> <span class='ocrx_word' id='word_1_235' title='bbox 592 2171 729 2236; x_wconf 75' lang='lat' dir='ltr'><strong>singularem</strong></span> <span class='ocrx_word' id='word_1_236' title='bbox 744 2185 879 2235; x_wconf 85' lang='lat' dir='ltr'><strong>personam.</strong></span> <span class='ocrx_word' id='word_1_237' title='bbox 898 2172 951 2219; x_wconf 73' lang='lat' dir='ltr'><strong>Sicut</strong></span> 
     </span>
     <span class='ocr_line' id='line_1_30' title="bbox 157 2243 974 2310; baseline -0.01 -15"><span class='ocrx_word' id='word_1_238' title='bbox 157 2257 225 2308; x_wconf 87' lang='lat' dir='ltr'><strong>ergo,</strong></span> <span class='ocrx_word' id='word_1_239' title='bbox 244 2247 325 2310; x_wconf 84' lang='lat' dir='ltr'><strong>praeter</strong></span> <span class='ocrx_word' id='word_1_240' title='bbox 339 2244 451 2308; x_wconf 87' lang='lat' dir='ltr'><strong>justitiam</strong></span> <span class='ocrx_word' id='word_1_241' title='bbox 465 2243 575 2307; x_wconf 85' lang='lat' dir='ltr'><strong>legalem,</strong></span> <span class='ocrx_word' id='word_1_242' title='bbox 590 2246 679 2308; x_wconf 81' lang='lat' dir='ltr'><strong>oportet</strong></span> <span class='ocrx_word' id='word_1_243' title='bbox 690 2255 743 2295; x_wconf 87' lang='lat' dir='ltr'><strong>esse</strong></span> <span class='ocrx_word' id='word_1_244' title='bbox 760 2244 850 2310; x_wconf 82' lang='lat' dir='ltr'><strong>aliquas</strong></span> <span class='ocrx_word' id='word_1_245' title='bbox 864 2244 951 2293; x_wconf 50' lang='lat' dir='ltr'><strong>simule:</strong></span> <span class='ocrx_word' id='word_1_246' title='bbox 972 2252 974 2269; x_wconf 84' lang='lat'><em>=</em></span> 
     </span>
     <span class='ocr_line' id='line_1_31' title="bbox 157 2309 952 2378; baseline -0.006 -14"><span class='ocrx_word' id='word_1_247' title='bbox 157 2313 303 2378; x_wconf 82' lang='lat' dir='ltr'><strong>particulares</strong></span> <span class='ocrx_word' id='word_1_248' title='bbox 314 2327 365 2378; x_wconf 83' lang='lat' dir='ltr'><strong>qun</strong></span> <span class='ocrx_word' id='word_1_249' title='bbox 375 2313 480 2365; x_wconf 83' lang='lat' dir='ltr'><strong>ordinent</strong></span> <span class='ocrx_word' id='word_1_250' title='bbox 493 2309 612 2365; x_wconf 81' lang='lat' dir='ltr'><strong>homiuem</strong></span> <span class='ocrx_word' id='word_1_251' title='bbox 625 2313 648 2364; x_wconf 89' lang='lat' dir='ltr'><strong>in</strong></span> <span class='ocrx_word' id='word_1_252' title='bbox 658 2315 736 2377; x_wconf 87' lang='lat' dir='ltr'><strong>seipso</strong></span> <span class='ocrx_word' id='word_1_253' title='bbox 745 2353 752 2375; x_wconf 97' lang='lat'><strong>,</strong></span> <span class='ocrx_word' id='word_1_254' title='bbox 761 2319 819 2378; x_wconf 87' lang='lat' dir='ltr'><strong>puta</strong></span> <span class='ocrx_word' id='word_1_255' title='bbox 829 2319 952 2378; x_wconf 83' lang='lat' dir='ltr'><strong>temperan-</strong></span> 
     </span>
     <span class='ocr_line' id='line_1_32' title="bbox 157 2385 952 2451; baseline -0.003 -15"><span class='ocrx_word' id='word_1_256' title='bbox 157 2386 212 2436; x_wconf 89' lang='lat' dir='ltr'><strong>tiam</strong></span> <span class='ocrx_word' id='word_1_257' title='bbox 230 2391 253 2437; x_wconf 89' lang='lat' dir='ltr'><strong>et</strong></span> <span class='ocrx_word' id='word_1_258' title='bbox 274 2387 430 2437; x_wconf 83' lang='lat' dir='ltr'><strong>lentitudinem</strong></span> <span class='ocrx_word' id='word_1_259' title='bbox 454 2386 506 2436; x_wconf 86' lang='lat' dir='ltr'><strong>:ita</strong></span> <span class='ocrx_word' id='word_1_260' title='bbox 523 2385 605 2450; x_wconf 89' lang='lat' dir='ltr'><strong>etiam,</strong></span> <span class='ocrx_word' id='word_1_261' title='bbox 626 2389 706 2451; x_wconf 82' lang='lat' dir='ltr'><strong>preter</strong></span> <span class='ocrx_word' id='word_1_262' title='bbox 723 2386 839 2450; x_wconf 84' lang='lat' dir='ltr'><strong>justitiam</strong></span> <span class='ocrx_word' id='word_1_263' title='bbox 852 2387 952 2450; x_wconf 82' lang='lat' dir='ltr'><strong>legalem.</strong></span> 
     </span>
     <span class='ocr_line' id='line_1_33' title="bbox 157 2457 952 2523; baseline -0.01 -13"><span class='ocrx_word' id='word_1_264' title='bbox 157 2462 249 2522; x_wconf 82' lang='lat' dir='ltr'><strong>oportet</strong></span> <span class='ocrx_word' id='word_1_265' title='bbox 258 2471 309 2510; x_wconf 90' lang='lat' dir='ltr'><strong>esso</strong></span> <span class='ocrx_word' id='word_1_266' title='bbox 325 2457 483 2523; x_wconf 79' lang='lat' dir='ltr'><strong>particularem</strong></span> <span class='ocrx_word' id='word_1_267' title='bbox 496 2459 618 2521; x_wconf 77' lang='lat' dir='ltr'><strong>quemdem</strong></span> <span class='ocrx_word' id='word_1_268' title='bbox 628 2457 741 2522; x_wconf 79' lang='lat' dir='ltr'><strong>iristitiam</strong></span> <span class='ocrx_word' id='word_1_269' title='bbox 753 2471 806 2522; x_wconf 76' lang='lat' dir='ltr'><strong>qun</strong></span> <span class='ocrx_word' id='word_1_270' title='bbox 816 2458 908 2508; x_wconf 87' lang='lat' dir='ltr'><strong>ordinet</strong></span> <span class='ocrx_word' id='word_1_271' title='bbox 920 2459 952 2504; x_wconf 82' lang='lat' dir='ltr'><strong>no</strong></span> 
     </span>
    </p>
   </div>
   <div class='ocr_carea' id='block_1_3' title="bbox 158 2612 955 2947">
    <p class='ocr_par' dir='ltr' id='par_1_8' title="bbox 158 2612 955 2947">
     <span class='ocr_line' id='line_1_34' title="bbox 189 2612 955 2675; baseline -0.012 -13"><span class='ocrx_word' id='word_1_272' title='bbox 189 2612 223 2675; x_wconf 80' lang='lat' dir='ltr'><strong>ll)</strong></span> <span class='ocrx_word' id='word_1_273' title='bbox 239 2616 283 2662; x_wconf 82' lang='lat' dir='ltr'><strong>Vel</strong></span> <span class='ocrx_word' id='word_1_274' title='bbox 295 2613 457 2671; x_wconf 78' lang='lat' dir='ltr'><strong>interrogative</strong></span> <span class='ocrx_word' id='word_1_275' title='bbox 472 2624 502 2660; x_wconf 78' lang='lat' dir='ltr'><strong>ue</strong></span> <span class='ocrx_word' id='word_1_276' title='bbox 515 2613 599 2670; x_wconf 78' lang='lat' dir='ltr'><strong>mojori</strong></span> <span class='ocrx_word' id='word_1_277' title='bbox 614 2613 718 2671; x_wconf 81' lang='lat' dir='ltr'><strong>emphasi</strong></span> <span class='ocrx_word' id='word_1_278' title='bbox 732 2629 739 2657; x_wconf 70' lang='grc' dir='ltr'><strong>ι</strong></span> <span class='ocrx_word' id='word_1_279' title='bbox 751 2613 830 2670; x_wconf 65' lang='grc' dir='ltr'><strong>ουκ</strong></span> <span class='ocrx_word' id='word_1_280' title='bbox 841 2612 955 2667; x_wconf 73' lang='lat' dir='ltr'><strong>vardjan-</strong></span> 
     </span>
     <span class='ocr_line' id='line_1_35' title="bbox 159 2673 954 2746; baseline -0.013 -22"><span class='ocrx_word' id='word_1_281' title='bbox 159 2679 260 2724; x_wconf 81' lang='lat' dir='ltr'><strong>titc‘om?</strong></span> <span class='ocrx_word' id='word_1_282' title='bbox 274 2676 314 2726; x_wconf 74' lang='lat' dir='ltr'><strong>Aer</strong></span> <span class='ocrx_word' id='word_1_283' title='bbox 327 2677 464 2736; x_wconf 76' lang='lat' dir='ltr'><strong>generalem</strong></span> <span class='ocrx_word' id='word_1_284' title='bbox 477 2673 592 2722; x_wconf 75' lang='lat' dir='ltr'><strong>virtutem</strong></span> <span class='ocrx_word' id='word_1_285' title='bbox 605 2674 663 2746; x_wconf 76' lang='grc' dir='ltr'>(τὴν</span> <span class='ocrx_word' id='word_1_286' title='bbox 683 2675 804 2740; x_wconf 63' lang='lat' dir='ltr'><strong>ueiens).</strong></span> <span class='ocrx_word' id='word_1_287' title='bbox 819 2674 860 2720; x_wconf 75' lang='lat' dir='ltr'><strong>An</strong></span> <span class='ocrx_word' id='word_1_288' title='bbox 876 2675 954 2732; x_wconf 73' lang='lat' dir='ltr'><strong>porti-</strong></span> 
     </span>
     <span class='ocr_line' id='line_1_36' title="bbox 159 2744 954 2820; baseline -0.014 -25"><span class='ocrx_word' id='word_1_289' title='bbox 159 2751 268 2797; x_wconf 84' lang='lat' dir='ltr'><strong>eutorem</strong></span> <span class='ocrx_word' id='word_1_290' title='bbox 278 2751 348 2795; x_wconf 78' lang='lat' dir='ltr'><strong>illum</strong></span> <span class='ocrx_word' id='word_1_291' title='bbox 360 2747 410 2820; x_wconf 75' lang='grc' dir='ltr'>(τὴν</span> <span class='ocrx_word' id='word_1_292' title='bbox 424 2746 542 2817; x_wconf 74' lang='grc' dir='ltr'>μερικὴν),</span> <span class='ocrx_word' id='word_1_293' title='bbox 552 2761 606 2806; x_wconf 75' lang='lat' dir='ltr'><strong>gnoe</strong></span> <span class='ocrx_word' id='word_1_294' title='bbox 619 2747 686 2792; x_wconf 81' lang='lat' dir='ltr'><strong>nelut</strong></span> <span class='ocrx_word' id='word_1_295' title='bbox 695 2759 727 2792; x_wconf 76' lang='lat' dir='ltr'><strong>ex</strong></span> <span class='ocrx_word' id='word_1_296' title='bbox 735 2747 837 2792; x_wconf 78' lang='lat' dir='ltr'><strong>odoerw</strong></span> <span class='ocrx_word' id='word_1_297' title='bbox 846 2744 954 2790; x_wconf 78' lang='lat' dir='ltr'><strong>auaritia·</strong></span> 
     </span>
     <span class='ocr_line' id='line_1_37' title="bbox 159 2815 953 2888; baseline -0.019 -15"><span class='ocrx_word' id='word_1_298' title='bbox 159 2819 293 2865; x_wconf 62' lang='lat' dir='ltr'><strong>⁶⁰ll⁰0⁰¹¹lr</strong></span> <span class='ocrx_word' id='word_1_299' title='bbox 306 2817 359 2884; x_wconf 63' lang='grc' dir='ltr'><strong>(τὴν</strong></span> <span class='ocrx_word' id='word_1_300' title='bbox 375 2818 513 2878; x_wconf 64' lang='lat' dir='ltr'><strong>&amp;acumine</strong></span> <span class='ocrx_word' id='word_1_301' title='bbox 525 2823 555 2887; x_wconf 75' lang='grc' dir='ltr'><strong>τῇ</strong></span> <span class='ocrx_word' id='word_1_302' title='bbox 569 2817 676 2888; x_wconf 65' lang='grc' dir='ltr'><strong>πλενεξίᾳ</strong></span> <span class='ocrx_word' id='word_1_303' title='bbox 690 2815 819 2888; x_wconf 70' lang='lat' dir='ltr'><strong>&gt;cespis-eu),</strong></span> <span class='ocrx_word' id='word_1_304' title='bbox 834 2818 887 2862; x_wconf 76' lang='lat' dir='ltr'><strong>utre</strong></span> <span class='ocrx_word' id='word_1_305' title='bbox 900 2828 953 2860; x_wconf 86' lang='lat' dir='ltr'><strong>orn-</strong></span> 
     </span>
     <span class='ocr_line' id='line_1_38' title="bbox 158 2889 399 2947; baseline 0.008 -15"><span class='ocrx_word' id='word_1_306' title='bbox 158 2889 226 2933; x_wconf 80' lang='lat' dir='ltr'><strong>ra&#39;tim</strong></span> <span class='ocrx_word' id='word_1_307' title='bbox 242 2890 399 2947; x_wconf 76' lang='lat' dir='ltr'><strong>opponitur?</strong></span> 
     </span>
    </p>
   </div>
   <div class='ocr_carea' id='block_1_4' title="bbox 0 0 1009 3317">
    <p class='ocr_par' dir='ltr' id='par_1_9' title="bbox 0 0 1009 3317">
     <span class='ocr_line' id='line_1_39' title="bbox 0 0 1009 3317; baseline 0 0"><span class='ocrx_word' id='word_1_308' title='bbox 0 0 1009 3317; x_wconf 95' lang='lat' dir='ltr'><strong> </strong></span> 
     </span>
    </p>
   </div>
  </div>
 </body>
</html>
