<?xml version="1.0" encoding="UTF-8"?>
<!DOCTYPE html PUBLIC "-//W3C//DTD XHTML 1.0 Transitional//EN"
    "http://www.w3.org/TR/xhtml1/DTD/xhtml1-transitional.dtd">
<html xmlns="http://www.w3.org/1999/xhtml" xml:lang="en" lang="en">
 <head>
  <title>
</title>
<meta http-equiv="Content-Type" content="text/html;charset=utf-8" />
  <meta name='ocr-system' content='tesseract 3.04.00' />
  <meta name='ocr-capabilities' content='ocr_page ocr_carea ocr_par ocr_line ocrx_word'/>
</head>
<body>
  <div class='ocr_page' id='page_1' title='image "./summatheologica03nicogoog_0369.png"; bbox 0 0 1992 3317; ppageno 0'>
   <div class='ocr_carea' id='block_1_1' title="bbox 121 188 816 247">
    <p class='ocr_par' dir='ltr' id='par_1_1' title="bbox 121 188 816 247">
     <span class='ocr_line' id='line_1_1' title="bbox 121 188 816 247; baseline -0.009 -9"><span class='ocrx_word' id='word_1_1' title='bbox 121 189 172 239; x_wconf 79' lang='lat' dir='ltr'><strong>aot</strong></span> <span class='ocrx_word' id='word_1_2' title='bbox 227 196 352 241; x_wconf 55' lang='lat' dir='ltr'><strong>farsurus</strong></span> <span class='ocrx_word' id='word_1_3' title='bbox 367 194 495 247; x_wconf 75' lang='lat' dir='ltr'><strong>succuum,</strong></span> <span class='ocrx_word' id='word_1_4' title='bbox 513 188 608 241; x_wconf 81' lang='lat' dir='ltr'><strong>ouum.</strong></span> <span class='ocrx_word' id='word_1_5' title='bbox 623 189 686 246; x_wconf 83' lang='lat' dir='ltr'><strong>ms,</strong></span> <span class='ocrx_word' id='word_1_6' title='bbox 701 188 816 234; x_wconf 62' lang='grc' dir='ltr'><strong>ιιι-ωε</strong></span> 
     </span>
    </p>
   </div>
   <div class='ocr_carea' id='block_1_2' title="bbox 120 270 991 2417">
    <p class='ocr_par' dir='ltr' id='par_1_2' title="bbox 124 270 932 472">
     <span class='ocr_line' id='line_1_2' title="bbox 125 270 929 343; baseline -0.006 -13"><span class='ocrx_word' id='word_1_7' title='bbox 125 278 171 330; x_wconf 75' lang='lat' dir='ltr'><strong>Sed</strong></span> <span class='ocrx_word' id='word_1_8' title='bbox 189 276 250 329; x_wconf 86' lang='lat' dir='ltr'><strong>nulla</strong></span> <span class='ocrx_word' id='word_1_9' title='bbox 263 274 385 343; x_wconf 87' lang='lat' dir='ltr'><strong>probibitio</strong></span> <span class='ocrx_word' id='word_1_10' title='bbox 403 270 519 327; x_wconf 86' lang='lat' dir='ltr'><strong>inuenitur</strong></span> <span class='ocrx_word' id='word_1_11' title='bbox 530 273 556 323; x_wconf 90' lang='lat' dir='ltr'><strong>in</strong></span> <span class='ocrx_word' id='word_1_12' title='bbox 570 273 621 337; x_wconf 79' lang='lat' dir='ltr'><strong>leqe</strong></span> <span class='ocrx_word' id='word_1_13' title='bbox 633 273 662 324; x_wconf 88' lang='lat' dir='ltr'><strong>dc</strong></span> <span class='ocrx_word' id='word_1_14' title='bbox 674 271 853 337; x_wconf 80' lang='lat' dir='ltr'><strong>praesumpb&#39;oue</strong></span> <span class='ocrx_word' id='word_1_15' title='bbox 864 272 929 325; x_wconf 80' lang='lat' dir='ltr'><strong>data.</strong></span> 
     </span>
     <span class='ocr_line' id='line_1_3' title="bbox 124 344 932 415; baseline -0.006 -13"><span class='ocrx_word' id='word_1_16' title='bbox 124 351 185 413; x_wconf 79' lang='lat' dir='ltr'><strong>Ergo</strong></span> <span class='ocrx_word' id='word_1_17' title='bbox 196 351 287 402; x_wconf 83' lang='lat' dir='ltr'><strong>uidetur</strong></span> <span class='ocrx_word' id='word_1_18' title='bbox 298 348 359 415; x_wconf 89' lang='lat' dir='ltr'><strong>qubd</strong></span> <span class='ocrx_word' id='word_1_19' title='bbox 372 362 414 401; x_wconf 90' lang='lat' dir='ltr'><strong>uec</strong></span> <span class='ocrx_word' id='word_1_20' title='bbox 425 349 453 399; x_wconf 84' lang='lat' dir='ltr'><strong>de</strong></span> <span class='ocrx_word' id='word_1_21' title='bbox 468 346 550 398; x_wconf 86' lang='lat' dir='ltr'><strong>timore</strong></span> <span class='ocrx_word' id='word_1_22' title='bbox 562 344 654 410; x_wconf 82' lang='lat' dir='ltr'><strong>aliquod</strong></span> <span class='ocrx_word' id='word_1_23' title='bbox 666 347 808 410; x_wconf 80' lang='lat' dir='ltr'><strong>promptum</strong></span> <span class='ocrx_word' id='word_1_24' title='bbox 823 345 876 396; x_wconf 92' lang='lat' dir='ltr'><strong>dari</strong></span> <span class='ocrx_word' id='word_1_25' title='bbox 889 346 932 397; x_wconf 89' lang='lat' dir='ltr'><strong>de-</strong></span> 
     </span>
     <span class='ocr_line' id='line_1_4' title="bbox 126 421 210 472; baseline 0.012 -1"><span class='ocrx_word' id='word_1_26' title='bbox 126 421 210 472; x_wconf 78' lang='lat' dir='ltr'><strong>buerit.</strong></span> 
     </span>
    </p>

    <p class='ocr_par' dir='ltr' id='par_1_3' title="bbox 126 487 937 829">
     <span class='ocr_line' id='line_1_5' title="bbox 157 487 932 554; baseline -0.003 -11"><span class='ocrx_word' id='word_1_27' title='bbox 157 492 202 543; x_wconf 86' lang='lat' dir='ltr'><strong>Sed</strong></span> <span class='ocrx_word' id='word_1_28' title='bbox 224 496 302 543; x_wconf 88' lang='lat' dir='ltr'><strong>contra</strong></span> <span class='ocrx_word' id='word_1_29' title='bbox 326 495 376 553; x_wconf 81' lang='lat' dir='ltr'><strong>est,</strong></span> <span class='ocrx_word' id='word_1_30' title='bbox 398 489 459 554; x_wconf 86' lang='lat' dir='ltr'><strong>qubd</strong></span> <span class='ocrx_word' id='word_1_31' title='bbox 476 490 560 541; x_wconf 87' lang='lat' dir='ltr'><strong>dicitur</strong></span> <span class='ocrx_word' id='word_1_32' title='bbox 579 491 693 544; x_wconf 68' lang='lat' dir='ltr'><strong>neuter„</strong></span> <span class='ocrx_word' id='word_1_33' title='bbox 708 487 730 539; x_wconf 82' lang='lat' dir='ltr'><strong>x</strong></span> <span class='ocrx_word' id='word_1_34' title='bbox 748 504 754 537; x_wconf 93' lang='lat'>:</span> <span class='ocrx_word' id='word_1_35' title='bbox 771 504 786 536; x_wconf 83' lang='lat' dir='ltr'><strong>a</strong></span> <span class='ocrx_word' id='word_1_36' title='bbox 801 489 832 538; x_wconf 84' lang='lat' dir='ltr'><strong>Et</strong></span> <span class='ocrx_word' id='word_1_37' title='bbox 850 500 932 552; x_wconf 91' lang='lat' dir='ltr'><strong>nunc,</strong></span> 
     </span>
     <span class='ocr_line' id='line_1_6' title="bbox 126 559 933 627; baseline -0.002 -14"><span class='ocrx_word' id='word_1_38' title='bbox 126 562 205 626; x_wconf 81' lang='lat' dir='ltr'><strong>lsrael,</strong></span> <span class='ocrx_word' id='word_1_39' title='bbox 218 563 274 627; x_wconf 93' lang='lat' dir='ltr'><strong>quid</strong></span> <span class='ocrx_word' id='word_1_40' title='bbox 286 562 395 615; x_wconf 84' lang='lat' dir='ltr'>Dominus</span> <span class='ocrx_word' id='word_1_41' title='bbox 406 562 464 627; x_wconf 84' lang='lat' dir='ltr'><strong>bens</strong></span> <span class='ocrx_word' id='word_1_42' title='bbox 473 565 528 612; x_wconf 90' lang='lat' dir='ltr'><strong>tuus</strong></span> <span class='ocrx_word' id='word_1_43' title='bbox 536 562 597 627; x_wconf 88' lang='lat' dir='ltr'><strong>petit</strong></span> <span class='ocrx_word' id='word_1_44' title='bbox 606 561 659 623; x_wconf 84' lang='lat' dir='ltr'><strong>lte,</strong></span> <span class='ocrx_word' id='word_1_45' title='bbox 668 559 748 611; x_wconf 85' lang='lat' dir='ltr'><strong>uisiut</strong></span> <span class='ocrx_word' id='word_1_46' title='bbox 756 560 839 611; x_wconf 85' lang='lat' dir='ltr'><strong>tiureas</strong></span> <span class='ocrx_word' id='word_1_47' title='bbox 850 561 933 612; x_wconf 83' lang='lat' dir='ltr'><strong>Domi-</strong></span> 
     </span>
     <span class='ocr_line' id='line_1_7' title="bbox 126 631 937 696; baseline -0.001 -11"><span class='ocrx_word' id='word_1_48' title='bbox 126 648 182 685; x_wconf 89' lang='lat' dir='ltr'><strong>num</strong></span> <span class='ocrx_word' id='word_1_49' title='bbox 199 636 271 685; x_wconf 77' lang='lat' dir='ltr'><strong>licum</strong></span> <span class='ocrx_word' id='word_1_50' title='bbox 281 634 392 686; x_wconf 81' lang='lat' dir='ltr'><strong>tuumtu</strong></span> <span class='ocrx_word' id='word_1_51' title='bbox 413 634 459 685; x_wconf 87' lang='lat' dir='ltr'><strong>Sed</strong></span> <span class='ocrx_word' id='word_1_52' title='bbox 476 634 533 685; x_wconf 91' lang='lat' dir='ltr'><strong>illud</strong></span> <span class='ocrx_word' id='word_1_53' title='bbox 546 634 560 684; x_wconf 82' lang='lat' dir='ltr'><strong>i</strong></span> <span class='ocrx_word' id='word_1_54' title='bbox 572 631 638 685; x_wconf 88' lang='lat' dir='ltr'><strong>uubis</strong></span> <span class='ocrx_word' id='word_1_55' title='bbox 657 631 764 696; x_wconf 72' lang='lat' dir='ltr'>requirit,</span> <span class='ocrx_word' id='word_1_56' title='bbox 783 633 845 695; x_wconf 87' lang='lat' dir='ltr'><strong>quod</strong></span> <span class='ocrx_word' id='word_1_57' title='bbox 862 633 937 685; x_wconf 89' lang='lat' dir='ltr'><strong>uobis</strong></span> 
     </span>
     <span class='ocr_line' id='line_1_8' title="bbox 127 702 937 772; baseline -0.001 -15"><span class='ocrx_word' id='word_1_58' title='bbox 127 705 227 772; x_wconf 70' lang='lat' dir='ltr'><strong>praecipit</strong></span> <span class='ocrx_word' id='word_1_59' title='bbox 241 707 415 759; x_wconf 81' lang='lat' dir='ltr'><strong>obseruandum.</strong></span> <span class='ocrx_word' id='word_1_60' title='bbox 427 706 487 771; x_wconf 77' lang='lat' dir='ltr'><strong>Ergo</strong></span> <span class='ocrx_word' id='word_1_61' title='bbox 502 706 545 757; x_wconf 90' lang='lat' dir='ltr'><strong>sub</strong></span> <span class='ocrx_word' id='word_1_62' title='bbox 554 706 670 769; x_wconf 84' lang='lat' dir='ltr'><strong>praecepto</strong></span> <span class='ocrx_word' id='word_1_63' title='bbox 683 704 756 767; x_wconf 88' lang='lat' dir='ltr'><strong>cadit,</strong></span> <span class='ocrx_word' id='word_1_64' title='bbox 769 702 830 767; x_wconf 80' lang='lat' dir='ltr'><strong>quod</strong></span> <span class='ocrx_word' id='word_1_65' title='bbox 843 703 937 767; x_wconf 88' lang='lat' dir='ltr'><strong>aliquis</strong></span> 
     </span>
     <span class='ocr_line' id='line_1_9' title="bbox 126 778 299 829; baseline 0.012 -2"><span class='ocrx_word' id='word_1_66' title='bbox 126 778 207 829; x_wconf 88' lang='lat' dir='ltr'><strong>timeat</strong></span> <span class='ocrx_word' id='word_1_67' title='bbox 220 778 299 829; x_wconf 82' lang='lat' dir='ltr'><strong>boum.</strong></span> 
     </span>
    </p>

    <p class='ocr_par' dir='ltr' id='par_1_4' title="bbox 128 846 939 985">
     <span class='ocr_line' id='line_1_10' title="bbox 162 846 939 914; baseline 0 -14"><span class='ocrx_word' id='word_1_68' title='bbox 162 850 319 913; x_wconf 78' lang='lat' dir='ltr'><strong>(Cosmusro.</strong></span> <span class='ocrx_word' id='word_1_69' title='bbox 327 878 359 889; x_wconf 82' lang='lat'><strong>·—</strong></span> <span class='ocrx_word' id='word_1_70' title='bbox 367 850 432 903; x_wconf 87' lang='lat' dir='ltr'><strong>sicut</strong></span> <span class='ocrx_word' id='word_1_71' title='bbox 441 847 492 914; x_wconf 87' lang='lat' dir='ltr'><strong>spei</strong></span> <span class='ocrx_word' id='word_1_72' title='bbox 501 847 550 899; x_wconf 89' lang='lat' dir='ltr'><strong>dari</strong></span> <span class='ocrx_word' id='word_1_73' title='bbox 563 846 665 913; x_wconf 88' lang='lat' dir='ltr'><strong>oportuit</strong></span> <span class='ocrx_word' id='word_1_74' title='bbox 671 846 751 911; x_wconf 83' lang='lat' dir='ltr'><strong>aliqua</strong></span> <span class='ocrx_word' id='word_1_75' title='bbox 763 848 889 910; x_wconf 74' lang='lat' dir='ltr'><strong>praeopta,</strong></span> <span class='ocrx_word' id='word_1_76' title='bbox 900 847 939 900; x_wconf 87' lang='lat' dir='ltr'><strong>ita</strong></span> 
     </span>
     <span class='ocr_line' id='line_1_11' title="bbox 128 917 620 985; baseline -0.004 -14"><span class='ocrx_word' id='word_1_77' title='bbox 128 923 152 971; x_wconf 85' lang='lat' dir='ltr'><strong>et</strong></span> <span class='ocrx_word' id='word_1_78' title='bbox 163 920 253 975; x_wconf 83' lang='lat' dir='ltr'><strong>timoris</strong></span> <span class='ocrx_word' id='word_1_79' title='bbox 266 924 313 973; x_wconf 88' lang='lat' dir='ltr'><strong>tum</strong></span> <span class='ocrx_word' id='word_1_80' title='bbox 326 921 403 973; x_wconf 87' lang='lat' dir='ltr'><strong>filialis</strong></span> <span class='ocrx_word' id='word_1_81' title='bbox 415 934 483 985; x_wconf 91' lang='lat' dir='ltr'><strong>quum</strong></span> <span class='ocrx_word' id='word_1_82' title='bbox 501 917 620 983; x_wconf 85' lang='lat' dir='ltr'><strong>seruilis.)</strong></span> 
     </span>
    </p>

    <p class='ocr_par' dir='ltr' id='par_1_5' title="bbox 120 988 991 2417">
     <span class='ocr_line' id='line_1_12' title="bbox 160 988 937 1059; baseline 0 -17"><span class='ocrx_word' id='word_1_83' title='bbox 160 992 295 1059; x_wconf 86' lang='lat' dir='ltr'><strong>Respondeo</strong></span> <span class='ocrx_word' id='word_1_84' title='bbox 310 993 443 1055; x_wconf 87' lang='lat' dir='ltr'><strong>dicendum,</strong></span> <span class='ocrx_word' id='word_1_85' title='bbox 456 990 519 1055; x_wconf 85' lang='lat' dir='ltr'><strong>qubd</strong></span> <span class='ocrx_word' id='word_1_86' title='bbox 534 990 619 1055; x_wconf 82' lang='lat' dir='ltr'>duplex</span> <span class='ocrx_word' id='word_1_87' title='bbox 633 994 669 1041; x_wconf 89' lang='lat' dir='ltr'><strong>est</strong></span> <span class='ocrx_word' id='word_1_88' title='bbox 684 990 760 1053; x_wconf 89' lang='lat' dir='ltr'><strong>timor,</strong></span> <span class='ocrx_word' id='word_1_89' title='bbox 775 988 864 1040; x_wconf 82' lang='lat' dir='ltr'><strong>seilicet</strong></span> <span class='ocrx_word' id='word_1_90' title='bbox 882 1002 937 1042; x_wconf 89' lang='lat' dir='ltr'><strong>ser·</strong></span> 
     </span>
     <span class='ocr_line' id='line_1_13' title="bbox 129 1060 937 1127; baseline -0.001 -13"><span class='ocrx_word' id='word_1_91' title='bbox 129 1063 181 1117; x_wconf 85' lang='lat' dir='ltr'><strong>uilis</strong></span> <span class='ocrx_word' id='word_1_92' title='bbox 191 1068 214 1116; x_wconf 86' lang='lat' dir='ltr'><strong>et</strong></span> <span class='ocrx_word' id='word_1_93' title='bbox 228 1064 311 1115; x_wconf 85' lang='lat' dir='ltr'><strong>filialis.</strong></span> <span class='ocrx_word' id='word_1_94' title='bbox 329 1064 392 1114; x_wconf 88' lang='lat' dir='ltr'><strong>Sicut</strong></span> <span class='ocrx_word' id='word_1_95' title='bbox 405 1068 480 1113; x_wconf 87' lang='lat' dir='ltr'><strong>autem</strong></span> <span class='ocrx_word' id='word_1_96' title='bbox 498 1062 580 1127; x_wconf 83' lang='lat' dir='ltr'><strong>aliquis</strong></span> <span class='ocrx_word' id='word_1_97' title='bbox 591 1062 706 1113; x_wconf 74' lang='lat' dir='ltr'><strong>inducitur</strong></span> <span class='ocrx_word' id='word_1_98' title='bbox 717 1063 747 1112; x_wconf 84' lang='lat' dir='ltr'><strong>ad</strong></span> <span class='ocrx_word' id='word_1_99' title='bbox 759 1060 937 1113; x_wconf 73' lang='lat' dir='ltr'><strong>obseruantiam</strong></span> 
     </span>
     <span class='ocr_line' id='line_1_14' title="bbox 130 1132 937 1201; baseline -0.002 -13"><span class='ocrx_word' id='word_1_100' title='bbox 130 1140 294 1201; x_wconf 80' lang='lat' dir='ltr'><strong>praceptorum</strong></span> <span class='ocrx_word' id='word_1_101' title='bbox 311 1136 423 1199; x_wconf 78' lang='lat' dir='ltr'><strong>legisper</strong></span> <span class='ocrx_word' id='word_1_102' title='bbox 435 1148 500 1198; x_wconf 88' lang='lat' dir='ltr'><strong>spem</strong></span> <span class='ocrx_word' id='word_1_103' title='bbox 515 1134 660 1199; x_wconf 74' lang='lat' dir='ltr'><strong>premiorum</strong></span> <span class='ocrx_word' id='word_1_104' title='bbox 665 1135 715 1199; x_wconf 87' lang='lat' dir='ltr'><strong>,ita</strong></span> <span class='ocrx_word' id='word_1_105' title='bbox 734 1132 803 1185; x_wconf 84' lang='lat' dir='ltr'><strong>etium</strong></span> <span class='ocrx_word' id='word_1_106' title='bbox 812 1133 937 1186; x_wconf 81' lang='lat' dir='ltr'><strong>inducitur</strong></span> 
     </span>
     <span class='ocr_line' id='line_1_15' title="bbox 130 1205 939 1271; baseline 0.002 -14"><span class='ocrx_word' id='word_1_107' title='bbox 130 1206 159 1257; x_wconf 90' lang='lat' dir='ltr'><strong>ad</strong></span> <span class='ocrx_word' id='word_1_108' title='bbox 172 1208 231 1271; x_wconf 75' lang='lat' dir='ltr'><strong>legis</strong></span> <span class='ocrx_word' id='word_1_109' title='bbox 249 1205 416 1257; x_wconf 73' lang='lat' dir='ltr'><strong>observantiam</strong></span> <span class='ocrx_word' id='word_1_110' title='bbox 431 1218 474 1269; x_wconf 87' lang='lat' dir='ltr'><strong>per</strong></span> <span class='ocrx_word' id='word_1_111' title='bbox 488 1206 594 1258; x_wconf 89' lang='lat' dir='ltr'><strong>timorem</strong></span> <span class='ocrx_word' id='word_1_112' title='bbox 608 1220 738 1271; x_wconf 79' lang='lat' dir='ltr'><strong>paenarum,</strong></span> <span class='ocrx_word' id='word_1_113' title='bbox 753 1205 794 1269; x_wconf 94' lang='lat' dir='ltr'><strong>qui</strong></span> <span class='ocrx_word' id='word_1_114' title='bbox 811 1209 848 1257; x_wconf 88' lang='lat' dir='ltr'><strong>est</strong></span> <span class='ocrx_word' id='word_1_115' title='bbox 864 1205 939 1259; x_wconf 83' lang='lat' dir='ltr'><strong>timor</strong></span> 
     </span>
     <span class='ocr_line' id='line_1_16' title="bbox 132 1276 939 1343; baseline 0.001 -15"><span class='ocrx_word' id='word_1_116' title='bbox 132 1278 228 1328; x_wconf 84' lang='lat' dir='ltr'><strong>seruilis.</strong></span> <span class='ocrx_word' id='word_1_117' title='bbox 239 1278 268 1327; x_wconf 80' lang='lat' dir='ltr'><strong>ut</strong></span> <span class='ocrx_word' id='word_1_118' title='bbox 282 1276 341 1327; x_wconf 91' lang='lat' dir='ltr'><strong>sicut</strong></span> <span class='ocrx_word' id='word_1_119' title='bbox 354 1278 477 1327; x_wconf 87' lang='lat' dir='ltr'><strong>seeundum</strong></span> <span class='ocrx_word' id='word_1_120' title='bbox 488 1277 610 1343; x_wconf 70' lang='lat' dir='ltr'><strong>predicta,</strong></span> <span class='ocrx_word' id='word_1_121' title='bbox 621 1278 646 1328; x_wconf 84' lang='lat' dir='ltr'><strong>iu</strong></span> <span class='ocrx_word' id='word_1_122' title='bbox 661 1278 711 1342; x_wconf 87' lang='lat' dir='ltr'><strong>ipsa</strong></span> <span class='ocrx_word' id='word_1_123' title='bbox 722 1276 868 1341; x_wconf 76' lang='lat' dir='ltr'><strong>legislatione</strong></span> <span class='ocrx_word' id='word_1_124' title='bbox 885 1292 939 1331; x_wconf 91' lang='lat' dir='ltr'><strong>uon</strong></span> 
     </span>
     <span class='ocr_line' id='line_1_17' title="bbox 130 1346 940 1413; baseline 0.007 -16"><span class='ocrx_word' id='word_1_125' title='bbox 130 1346 175 1397; x_wconf 85' lang='lat' dir='ltr'><strong>tuit</strong></span> <span class='ocrx_word' id='word_1_126' title='bbox 189 1351 326 1411; x_wconf 75' lang='lat' dir='ltr'><strong>proseptum</strong></span> <span class='ocrx_word' id='word_1_127' title='bbox 334 1348 433 1400; x_wconf 89' lang='lat' dir='ltr'><strong>dandum</strong></span> <span class='ocrx_word' id='word_1_128' title='bbox 445 1350 473 1399; x_wconf 92' lang='lat' dir='ltr'><strong>de</strong></span> <span class='ocrx_word' id='word_1_129' title='bbox 488 1353 540 1399; x_wconf 86' lang='lat' dir='ltr'><strong>actu</strong></span> <span class='ocrx_word' id='word_1_130' title='bbox 553 1349 616 1413; x_wconf 91' lang='lat' dir='ltr'><strong>spei,</strong></span> <span class='ocrx_word' id='word_1_131' title='bbox 631 1351 672 1401; x_wconf 83' lang='lat' dir='ltr'><strong>sed</strong></span> <span class='ocrx_word' id='word_1_132' title='bbox 683 1350 710 1400; x_wconf 89' lang='lat' dir='ltr'><strong>ad</strong></span> <span class='ocrx_word' id='word_1_133' title='bbox 724 1351 770 1400; x_wconf 90' lang='lat' dir='ltr'><strong>boe</strong></span> <span class='ocrx_word' id='word_1_134' title='bbox 783 1349 877 1400; x_wconf 76' lang='lat' dir='ltr'><strong>tuomum</strong></span> <span class='ocrx_word' id='word_1_135' title='bbox 892 1351 940 1403; x_wconf 69' lang='lat' dir='ltr'><strong>bo</strong></span> 
     </span>
     <span class='ocr_line' id='line_1_18' title="bbox 131 1418 942 1485; baseline 0.005 -16"><span class='ocrx_word' id='word_1_136' title='bbox 131 1418 206 1469; x_wconf 87' lang='lat' dir='ltr'><strong>mines</strong></span> <span class='ocrx_word' id='word_1_137' title='bbox 218 1418 339 1471; x_wconf 89' lang='lat' dir='ltr'><strong>inducendi</strong></span> <span class='ocrx_word' id='word_1_138' title='bbox 351 1432 393 1483; x_wconf 89' lang='lat' dir='ltr'><strong>per</strong></span> <span class='ocrx_word' id='word_1_139' title='bbox 408 1419 536 1485; x_wconf 84' lang='lat' dir='ltr'><strong>promissa3</strong></span> <span class='ocrx_word' id='word_1_140' title='bbox 550 1421 583 1471; x_wconf 89' lang='lat' dir='ltr'><strong>ita</strong></span> <span class='ocrx_word' id='word_1_141' title='bbox 594 1434 638 1472; x_wconf 86' lang='lat' dir='ltr'><strong>uec</strong></span> <span class='ocrx_word' id='word_1_142' title='bbox 648 1422 677 1471; x_wconf 95' lang='lat' dir='ltr'><strong>de</strong></span> <span class='ocrx_word' id='word_1_143' title='bbox 692 1420 773 1472; x_wconf 73' lang='lat' dir='ltr'><strong>imore</strong></span> <span class='ocrx_word' id='word_1_144' title='bbox 786 1421 826 1485; x_wconf 90' lang='lat' dir='ltr'><strong>qui</strong></span> <span class='ocrx_word' id='word_1_145' title='bbox 839 1421 942 1485; x_wconf 76' lang='lat' dir='ltr'><strong>respicit</strong></span> 
     </span>
     <span class='ocr_line' id='line_1_19' title="bbox 132 1490 941 1557; baseline 0.006 -17"><span class='ocrx_word' id='word_1_146' title='bbox 132 1500 235 1555; x_wconf 75' lang='lat' dir='ltr'><strong>paenam,</strong></span> <span class='ocrx_word' id='word_1_147' title='bbox 252 1490 296 1541; x_wconf 84' lang='lat' dir='ltr'><strong>tuit</strong></span> <span class='ocrx_word' id='word_1_148' title='bbox 314 1495 451 1557; x_wconf 75' lang='lat' dir='ltr'><strong>procopium</strong></span> <span class='ocrx_word' id='word_1_149' title='bbox 471 1491 571 1543; x_wconf 86' lang='lat' dir='ltr'><strong>dandum</strong></span> <span class='ocrx_word' id='word_1_150' title='bbox 586 1504 628 1557; x_wconf 85' lang='lat' dir='ltr'><strong>per</strong></span> <span class='ocrx_word' id='word_1_151' title='bbox 642 1492 754 1557; x_wconf 72' lang='lat' dir='ltr'><strong>pronepti</strong></span> <span class='ocrx_word' id='word_1_152' title='bbox 771 1492 878 1554; x_wconf 88' lang='lat' dir='ltr'><strong>nodum,</strong></span> <span class='ocrx_word' id='word_1_153' title='bbox 892 1496 941 1545; x_wconf 86' lang='lat' dir='ltr'><strong>sed</strong></span> 
     </span>
     <span class='ocr_line' id='line_1_20' title="bbox 133 1562 991 1627; baseline 0.003 -16"><span class='ocrx_word' id='word_1_154' title='bbox 133 1562 161 1612; x_wconf 89' lang='lat' dir='ltr'><strong>ad</strong></span> <span class='ocrx_word' id='word_1_155' title='bbox 174 1563 220 1613; x_wconf 90' lang='lat' dir='ltr'><strong>boc</strong></span> <span class='ocrx_word' id='word_1_156' title='bbox 230 1563 324 1615; x_wconf 88' lang='lat' dir='ltr'><strong>luerunt</strong></span> <span class='ocrx_word' id='word_1_157' title='bbox 335 1564 440 1615; x_wconf 85' lang='lat' dir='ltr'><strong>homines</strong></span> <span class='ocrx_word' id='word_1_158' title='bbox 452 1563 574 1615; x_wconf 80' lang='lat' dir='ltr'><strong>inducendi</strong></span> <span class='ocrx_word' id='word_1_159' title='bbox 587 1577 628 1627; x_wconf 89' lang='lat' dir='ltr'><strong>psr</strong></span> <span class='ocrx_word' id='word_1_160' title='bbox 641 1563 839 1615; x_wconf 79' lang='lat' dir='ltr'><strong>comminationem</strong></span> <span class='ocrx_word' id='word_1_161' title='bbox 853 1575 942 1627; x_wconf 79' lang='lat' dir='ltr'><strong>poeua·</strong></span> <span class='ocrx_word' id='word_1_162' title='bbox 989 1601 991 1606; x_wconf 87' lang='lat'><em>.</em></span> 
     </span>
     <span class='ocr_line' id='line_1_21' title="bbox 133 1634 991 1702; baseline 0.003 -18"><span class='ocrx_word' id='word_1_163' title='bbox 133 1646 199 1698; x_wconf 84' lang='lat' dir='ltr'><strong>rum,</strong></span> <span class='ocrx_word' id='word_1_164' title='bbox 211 1634 271 1699; x_wconf 91' lang='lat' dir='ltr'><strong>quod</strong></span> <span class='ocrx_word' id='word_1_165' title='bbox 282 1634 327 1685; x_wconf 84' lang='lat' dir='ltr'><strong>luit</strong></span> <span class='ocrx_word' id='word_1_166' title='bbox 339 1635 455 1686; x_wconf 63' lang='lat' dir='ltr'><strong>iaetum‘et</strong></span> <span class='ocrx_word' id='word_1_167' title='bbox 466 1635 491 1685; x_wconf 92' lang='lat' dir='ltr'><strong>iu</strong></span> <span class='ocrx_word' id='word_1_168' title='bbox 503 1634 561 1698; x_wconf 86' lang='lat' dir='ltr'><strong>ipsis</strong></span> <span class='ocrx_word' id='word_1_169' title='bbox 573 1635 694 1699; x_wconf 81' lang='lat' dir='ltr'><strong>praeceptis</strong></span> <span class='ocrx_word' id='word_1_170' title='bbox 705 1634 808 1698; x_wconf 71' lang='lat' dir='ltr'><strong>deemoqr‘</strong></span> <span class='ocrx_word' id='word_1_171' title='bbox 817 1670 824 1696; x_wconf 92' lang='lat'>,</span> <span class='ocrx_word' id='word_1_172' title='bbox 834 1636 858 1684; x_wconf 86' lang='lat' dir='ltr'><strong>et</strong></span> <span class='ocrx_word' id='word_1_173' title='bbox 871 1640 945 1702; x_wconf 84' lang='lat' dir='ltr'><strong>post-</strong></span> <span class='ocrx_word' id='word_1_174' title='bbox 989 1639 991 1642; x_wconf 83' lang='lat'>&#39;</span> 
     </span>
     <span class='ocr_line' id='line_1_22' title="bbox 133 1704 942 1771; baseline 0.004 -16"><span class='ocrx_word' id='word_1_175' title='bbox 133 1706 227 1757; x_wconf 90' lang='lat' dir='ltr'><strong>modum</strong></span> <span class='ocrx_word' id='word_1_176' title='bbox 241 1710 405 1771; x_wconf 83' lang='lat' dir='ltr'><strong>cousequenter</strong></span> <span class='ocrx_word' id='word_1_177' title='bbox 421 1707 446 1756; x_wconf 91' lang='lat' dir='ltr'><strong>iu</strong></span> <span class='ocrx_word' id='word_1_178' title='bbox 461 1706 602 1759; x_wconf 74' lang='lat' dir='ltr'><strong>mundanis</strong></span> <span class='ocrx_word' id='word_1_179' title='bbox 616 1706 673 1769; x_wconf 77' lang='lat' dir='ltr'><strong>legis</strong></span> <span class='ocrx_word' id='word_1_180' title='bbox 689 1705 819 1769; x_wconf 71' lang='lat' dir='ltr'><strong>praenotio.</strong></span> <span class='ocrx_word' id='word_1_181' title='bbox 834 1704 882 1756; x_wconf 85' lang='lat' dir='ltr'><strong>Sed</strong></span> <span class='ocrx_word' id='word_1_182' title='bbox 895 1720 942 1758; x_wconf 88' lang='lat' dir='ltr'><strong>sa-</strong></span> 
     </span>
     <span class='ocr_line' id='line_1_23' title="bbox 134 1776 941 1844; baseline 0.004 -18"><span class='ocrx_word' id='word_1_183' title='bbox 134 1777 225 1840; x_wconf 85' lang='lat' dir='ltr'><strong>pientes</strong></span> <span class='ocrx_word' id='word_1_184' title='bbox 236 1782 259 1829; x_wconf 92' lang='lat' dir='ltr'><strong>et</strong></span> <span class='ocrx_word' id='word_1_185' title='bbox 267 1779 384 1844; x_wconf 79' lang='lat' dir='ltr'><strong>propbeta</strong></span> <span class='ocrx_word' id='word_1_186' title='bbox 394 1782 560 1842; x_wconf 81' lang='lat' dir='ltr'><strong>consequenter</strong></span> <span class='ocrx_word' id='word_1_187' title='bbox 567 1777 711 1828; x_wconf 76' lang='lat' dir='ltr'><strong>intendentes</strong></span> <span class='ocrx_word' id='word_1_188' title='bbox 718 1776 823 1828; x_wconf 85' lang='lat' dir='ltr'><strong>homines</strong></span> <span class='ocrx_word' id='word_1_189' title='bbox 831 1776 941 1829; x_wconf 83' lang='lat' dir='ltr'><strong>stabilire</strong></span> 
     </span>
     <span class='ocr_line' id='line_1_24' title="bbox 135 1848 942 1912; baseline 0.006 -16"><span class='ocrx_word' id='word_1_190' title='bbox 135 1848 160 1897; x_wconf 89' lang='lat' dir='ltr'><strong>iu</strong></span> <span class='ocrx_word' id='word_1_191' title='bbox 170 1848 312 1900; x_wconf 86' lang='lat' dir='ltr'><strong>observantia</strong></span> <span class='ocrx_word' id='word_1_192' title='bbox 322 1850 392 1912; x_wconf 79' lang='lat' dir='ltr'><strong>legis,</strong></span> <span class='ocrx_word' id='word_1_193' title='bbox 402 1848 536 1901; x_wconf 88' lang='lat' dir='ltr'><strong>documenta</strong></span> <span class='ocrx_word' id='word_1_194' title='bbox 545 1848 686 1900; x_wconf 89' lang='lat' dir='ltr'><strong>tradidemut</strong></span> <span class='ocrx_word' id='word_1_195' title='bbox 696 1850 724 1899; x_wconf 89' lang='lat' dir='ltr'><strong>de</strong></span> <span class='ocrx_word' id='word_1_196' title='bbox 734 1861 775 1912; x_wconf 89' lang='lat' dir='ltr'><strong>spe</strong></span> <span class='ocrx_word' id='word_1_197' title='bbox 788 1862 829 1911; x_wconf 92' lang='lat' dir='ltr'><strong>per</strong></span> <span class='ocrx_word' id='word_1_198' title='bbox 842 1849 942 1901; x_wconf 90' lang='lat' dir='ltr'><strong>modum</strong></span> 
     </span>
     <span class='ocr_line' id='line_1_25' title="bbox 120 1918 942 1985; baseline 0.007 -18"><span class='ocrx_word' id='word_1_199' title='bbox 120 1932 122 1937; x_wconf 93' lang='lat'><em>·</em></span> <span class='ocrx_word' id='word_1_200' title='bbox 136 1918 295 1969; x_wconf 82' lang='lat' dir='ltr'><strong>admonitionis</strong></span> <span class='ocrx_word' id='word_1_201' title='bbox 306 1920 343 1969; x_wconf 90' lang='lat' dir='ltr'><strong>vel</strong></span> <span class='ocrx_word' id='word_1_202' title='bbox 354 1920 475 1985; x_wconf 82' lang='lat' dir='ltr'><strong>praecepti,</strong></span> <span class='ocrx_word' id='word_1_203' title='bbox 487 1920 521 1971; x_wconf 90' lang='lat' dir='ltr'><strong>ita</strong></span> <span class='ocrx_word' id='word_1_204' title='bbox 533 1920 603 1972; x_wconf 87' lang='lat' dir='ltr'><strong>etiam</strong></span> <span class='ocrx_word' id='word_1_205' title='bbox 616 1924 640 1971; x_wconf 91' lang='lat' dir='ltr'><strong>et</strong></span> <span class='ocrx_word' id='word_1_206' title='bbox 659 1920 687 1970; x_wconf 91' lang='lat' dir='ltr'><strong>de</strong></span> <span class='ocrx_word' id='word_1_207' title='bbox 701 1918 793 1970; x_wconf 85' lang='lat' dir='ltr'><strong>timore.</strong></span> <span class='ocrx_word' id='word_1_208' title='bbox 805 1918 851 1969; x_wconf 87' lang='lat' dir='ltr'><strong>Sed</strong></span> <span class='ocrx_word' id='word_1_209' title='bbox 866 1920 942 1973; x_wconf 92' lang='lat' dir='ltr'><strong>timor</strong></span> 
     </span>
     <span class='ocr_line' id='line_1_26' title="bbox 135 1987 942 2056; baseline 0.01 -19"><span class='ocrx_word' id='word_1_210' title='bbox 135 1987 224 2052; x_wconf 88' lang='lat' dir='ltr'><strong>filialis,</strong></span> <span class='ocrx_word' id='word_1_211' title='bbox 235 1988 275 2054; x_wconf 92' lang='lat' dir='ltr'><strong>qui</strong></span> <span class='ocrx_word' id='word_1_212' title='bbox 285 1991 437 2042; x_wconf 84' lang='lat' dir='ltr'><strong>reuerentiam</strong></span> <span class='ocrx_word' id='word_1_213' title='bbox 448 1992 540 2043; x_wconf 73' lang='lat' dir='ltr'><strong>cumbet</strong></span> <span class='ocrx_word' id='word_1_214' title='bbox 550 1993 606 2055; x_wconf 85' lang='lat' dir='ltr'><strong>beo,</strong></span> <span class='ocrx_word' id='word_1_215' title='bbox 617 1995 653 2043; x_wconf 92' lang='lat' dir='ltr'><strong>est</strong></span> <span class='ocrx_word' id='word_1_216' title='bbox 663 1990 728 2056; x_wconf 88' lang='lat' dir='ltr'><strong>quasi</strong></span> <span class='ocrx_word' id='word_1_217' title='bbox 741 1991 853 2055; x_wconf 83' lang='lat' dir='ltr'><strong>quoddam</strong></span> <span class='ocrx_word' id='word_1_218' title='bbox 862 2004 942 2055; x_wconf 79' lang='lat' dir='ltr'><strong>genus</strong></span> 
     </span>
     <span class='ocr_line' id='line_1_27' title="bbox 135 2060 941 2129; baseline 0.01 -20"><span class='ocrx_word' id='word_1_219' title='bbox 135 2060 164 2109; x_wconf 91' lang='lat' dir='ltr'><strong>ad</strong></span> <span class='ocrx_word' id='word_1_220' title='bbox 177 2060 321 2113; x_wconf 85' lang='lat' dir='ltr'><strong>dilectionem</strong></span> <span class='ocrx_word' id='word_1_221' title='bbox 337 2061 392 2125; x_wconf 84' lang='lat' dir='ltr'><strong>bei,</strong></span> <span class='ocrx_word' id='word_1_222' title='bbox 406 2068 430 2115; x_wconf 88' lang='lat' dir='ltr'><strong>et</strong></span> <span class='ocrx_word' id='word_1_223' title='bbox 447 2064 585 2129; x_wconf 83' lang='lat' dir='ltr'><strong>principium</strong></span> <span class='ocrx_word' id='word_1_224' title='bbox 603 2064 717 2127; x_wconf 80' lang='lat' dir='ltr'><strong>quoddam</strong></span> <span class='ocrx_word' id='word_1_225' title='bbox 733 2064 836 2114; x_wconf 89' lang='lat' dir='ltr'><strong>omnium</strong></span> <span class='ocrx_word' id='word_1_226' title='bbox 855 2078 941 2118; x_wconf 85' lang='lat' dir='ltr'><strong>sorum</strong></span> 
     </span>
     <span class='ocr_line' id='line_1_28' title="bbox 136 2131 940 2195; baseline 0.007 -12"><span class='ocrx_word' id='word_1_227' title='bbox 136 2144 186 2195; x_wconf 79' lang='lat' dir='ltr'><strong>qua</strong></span> <span class='ocrx_word' id='word_1_228' title='bbox 204 2131 229 2181; x_wconf 91' lang='lat' dir='ltr'><strong>in</strong></span> <span class='ocrx_word' id='word_1_229' title='bbox 246 2132 288 2183; x_wconf 86' lang='lat' dir='ltr'><strong>Dei</strong></span> <span class='ocrx_word' id='word_1_230' title='bbox 304 2134 452 2187; x_wconf 83' lang='lat' dir='ltr'><strong>observantur</strong></span> <span class='ocrx_word' id='word_1_231' title='bbox 467 2137 603 2187; x_wconf 82' lang='lat' dir='ltr'><strong>reuerentia.</strong></span> <span class='ocrx_word' id='word_1_232' title='bbox 618 2136 647 2186; x_wconf 85' lang='lat' dir='ltr'><strong>Et</strong></span> <span class='ocrx_word' id='word_1_233' title='bbox 659 2136 711 2187; x_wconf 87' lang='lat' dir='ltr'><strong>ideo</strong></span> <span class='ocrx_word' id='word_1_234' title='bbox 730 2137 758 2187; x_wconf 90' lang='lat' dir='ltr'><strong>de</strong></span> <span class='ocrx_word' id='word_1_235' title='bbox 774 2135 856 2187; x_wconf 89' lang='lat' dir='ltr'><strong>timore</strong></span> <span class='ocrx_word' id='word_1_236' title='bbox 868 2137 940 2189; x_wconf 84' lang='lat' dir='ltr'><strong>filiali</strong></span> 
     </span>
     <span class='ocr_line' id='line_1_29' title="bbox 136 2204 943 2273; baseline 0.011 -21"><span class='ocrx_word' id='word_1_237' title='bbox 136 2204 216 2253; x_wconf 85' lang='lat' dir='ltr'><strong>dautur</strong></span> <span class='ocrx_word' id='word_1_238' title='bbox 227 2209 339 2270; x_wconf 72' lang='lat' dir='ltr'><strong>praccepta</strong></span> <span class='ocrx_word' id='word_1_239' title='bbox 353 2206 376 2256; x_wconf 91' lang='lat' dir='ltr'><strong>in</strong></span> <span class='ocrx_word' id='word_1_240' title='bbox 387 2208 450 2273; x_wconf 73' lang='lat' dir='ltr'><strong>lege,</strong></span> <span class='ocrx_word' id='word_1_241' title='bbox 464 2208 523 2258; x_wconf 88' lang='lat' dir='ltr'><strong>sicut</strong></span> <span class='ocrx_word' id='word_1_242' title='bbox 532 2212 555 2259; x_wconf 88' lang='lat' dir='ltr'><strong>et</strong></span> <span class='ocrx_word' id='word_1_243' title='bbox 568 2208 596 2258; x_wconf 91' lang='lat' dir='ltr'><strong>de</strong></span> <span class='ocrx_word' id='word_1_244' title='bbox 606 2208 736 2273; x_wconf 82' lang='lat' dir='ltr'><strong>ddeetione3</strong></span> <span class='ocrx_word' id='word_1_245' title='bbox 746 2208 802 2271; x_wconf 89' lang='lat' dir='ltr'><strong>quia</strong></span> <span class='ocrx_word' id='word_1_246' title='bbox 811 2212 943 2273; x_wconf 91' lang='lat' dir='ltr'><strong>utrumque</strong></span> 
     </span>
     <span class='ocr_line' id='line_1_30' title="bbox 136 2278 941 2347; baseline 0.011 -23"><span class='ocrx_word' id='word_1_247' title='bbox 136 2278 171 2325; x_wconf 89' lang='lat' dir='ltr'><strong>est</strong></span> <span class='ocrx_word' id='word_1_248' title='bbox 184 2278 346 2340; x_wconf 82' lang='lat' dir='ltr'><strong>praeambulum</strong></span> <span class='ocrx_word' id='word_1_249' title='bbox 356 2280 385 2329; x_wconf 88' lang='lat' dir='ltr'><strong>ad</strong></span> <span class='ocrx_word' id='word_1_250' title='bbox 396 2279 520 2331; x_wconf 84' lang='lat' dir='ltr'><strong>exteriores</strong></span> <span class='ocrx_word' id='word_1_251' title='bbox 529 2283 606 2342; x_wconf 87' lang='lat' dir='ltr'><strong>actus,</strong></span> <span class='ocrx_word' id='word_1_252' title='bbox 614 2280 655 2345; x_wconf 91' lang='lat' dir='ltr'><strong>qui</strong></span> <span class='ocrx_word' id='word_1_253' title='bbox 662 2279 824 2345; x_wconf 76' lang='lat' dir='ltr'><strong>precipiantur</strong></span> <span class='ocrx_word' id='word_1_254' title='bbox 835 2279 861 2329; x_wconf 92' lang='lat' dir='ltr'><strong>in</strong></span> <span class='ocrx_word' id='word_1_255' title='bbox 875 2280 941 2347; x_wconf 76' lang='lat' dir='ltr'><strong>lege,</strong></span> 
     </span>
     <span class='ocr_line' id='line_1_31' title="bbox 137 2346 943 2417; baseline 0.012 -22"><span class='ocrx_word' id='word_1_256' title='bbox 137 2346 166 2396; x_wconf 88' lang='lat' dir='ltr'><strong>ud</strong></span> <span class='ocrx_word' id='word_1_257' title='bbox 182 2360 240 2411; x_wconf 86' lang='lat' dir='ltr'><strong>quos</strong></span> <span class='ocrx_word' id='word_1_258' title='bbox 259 2350 375 2414; x_wconf 84' lang='lat' dir='ltr'><strong>pertinent</strong></span> <span class='ocrx_word' id='word_1_259' title='bbox 391 2355 504 2417; x_wconf 76' lang='lat' dir='ltr'><strong>precepta</strong></span> <span class='ocrx_word' id='word_1_260' title='bbox 521 2352 632 2416; x_wconf 77' lang='lat' dir='ltr'><strong>decalogi.</strong></span> <span class='ocrx_word' id='word_1_261' title='bbox 651 2352 681 2402; x_wconf 83' lang='lat' dir='ltr'><strong>lit</strong></span> <span class='ocrx_word' id='word_1_262' title='bbox 695 2352 748 2403; x_wconf 89' lang='lat' dir='ltr'><strong>ideo</strong></span> <span class='ocrx_word' id='word_1_263' title='bbox 760 2351 786 2401; x_wconf 92' lang='lat' dir='ltr'><strong>iu</strong></span> <span class='ocrx_word' id='word_1_264' title='bbox 801 2351 943 2405; x_wconf 77' lang='lat' dir='ltr'><strong>auctontate</strong></span> 
     </span>
    </p>
   </div>
   <div class='ocr_carea' id='block_1_3' title="bbox 137 2416 942 2643">
    <p class='ocr_par' dir='ltr' id='par_1_6' title="bbox 137 2416 942 2643">
     <span class='ocr_line' id='line_1_32' title="bbox 137 2416 942 2488; baseline 0.012 -21"><span class='ocrx_word' id='word_1_265' title='bbox 137 2416 196 2481; x_wconf 76' lang='lat' dir='ltr'><strong>lepis</strong></span> <span class='ocrx_word' id='word_1_266' title='bbox 212 2419 304 2473; x_wconf 87' lang='lat' dir='ltr'><strong>inducta</strong></span> <span class='ocrx_word' id='word_1_267' title='bbox 321 2422 354 2487; x_wconf 79' lang='lat' dir='ltr'><strong>(l)</strong></span> <span class='ocrx_word' id='word_1_268' title='bbox 367 2422 491 2488; x_wconf 86' lang='lat' dir='ltr'><strong>requiritur</strong></span> <span class='ocrx_word' id='word_1_269' title='bbox 507 2423 536 2474; x_wconf 90' lang='lat' dir='ltr'><strong>ab</strong></span> <span class='ocrx_word' id='word_1_270' title='bbox 548 2424 642 2475; x_wconf 85' lang='lat' dir='ltr'><strong>bomine</strong></span> <span class='ocrx_word' id='word_1_271' title='bbox 654 2423 732 2488; x_wconf 84' lang='lat' dir='ltr'><strong>timor,</strong></span> <span class='ocrx_word' id='word_1_272' title='bbox 752 2427 776 2475; x_wconf 85' lang='lat' dir='ltr'><strong>ot</strong></span> <span class='ocrx_word' id='word_1_273' title='bbox 794 2425 821 2473; x_wconf 92' lang='lat' dir='ltr'><strong>ut</strong></span> <span class='ocrx_word' id='word_1_274' title='bbox 835 2423 942 2477; x_wconf 78' lang='lat' dir='ltr'><strong>ambulet</strong></span> 
     </span>
     <span class='ocr_line' id='line_1_33' title="bbox 137 2488 761 2560; baseline 0.01 -21"><span class='ocrx_word' id='word_1_275' title='bbox 137 2488 162 2539; x_wconf 91' lang='lat' dir='ltr'><strong>iu</strong></span> <span class='ocrx_word' id='word_1_276' title='bbox 177 2491 216 2541; x_wconf 82' lang='lat' dir='ltr'><strong>via</strong></span> <span class='ocrx_word' id='word_1_277' title='bbox 229 2493 284 2559; x_wconf 86' lang='lat' dir='ltr'><strong>ltei,</strong></span> <span class='ocrx_word' id='word_1_278' title='bbox 296 2494 391 2545; x_wconf 87' lang='lat' dir='ltr'><strong>colendo</strong></span> <span class='ocrx_word' id='word_1_279' title='bbox 404 2494 497 2559; x_wconf 85' lang='lat' dir='ltr'><strong>ipsum,</strong></span> <span class='ocrx_word' id='word_1_280' title='bbox 510 2498 535 2547; x_wconf 87' lang='lat' dir='ltr'><strong>et</strong></span> <span class='ocrx_word' id='word_1_281' title='bbox 546 2498 572 2545; x_wconf 88' lang='lat' dir='ltr'><strong>ut</strong></span> <span class='ocrx_word' id='word_1_282' title='bbox 584 2495 664 2560; x_wconf 79' lang='lat' dir='ltr'><strong>ddigat</strong></span> <span class='ocrx_word' id='word_1_283' title='bbox 676 2496 761 2560; x_wconf 80' lang='lat' dir='ltr'><strong>ipsum.</strong></span> 
     </span>
     <span class='ocr_line' id='line_1_34' title="bbox 168 2562 940 2643; baseline 0.013 -31"><span class='ocrx_word' id='word_1_284' title='bbox 168 2562 203 2613; x_wconf 82' lang='lat' dir='ltr'><strong>dd</strong></span> <span class='ocrx_word' id='word_1_285' title='bbox 215 2564 313 2628; x_wconf 90' lang='lat' dir='ltr'><strong>primum</strong></span> <span class='ocrx_word' id='word_1_286' title='bbox 327 2577 381 2631; x_wconf 76' lang='lat' dir='ltr'><strong>ergo</strong></span> <span class='ocrx_word' id='word_1_287' title='bbox 392 2566 527 2628; x_wconf 86' lang='lat' dir='ltr'><strong>dicendum,</strong></span> <span class='ocrx_word' id='word_1_288' title='bbox 542 2567 603 2633; x_wconf 87' lang='lat' dir='ltr'><strong>qudd</strong></span> <span class='ocrx_word' id='word_1_289' title='bbox 615 2568 682 2619; x_wconf 88' lang='lat' dir='ltr'><strong>timor</strong></span> <span class='ocrx_word' id='word_1_290' title='bbox 691 2567 767 2619; x_wconf 85' lang='lat' dir='ltr'><strong>dilatis</strong></span> <span class='ocrx_word' id='word_1_291' title='bbox 779 2570 814 2619; x_wconf 85' lang='lat' dir='ltr'><strong>est</strong></span> <span class='ocrx_word' id='word_1_292' title='bbox 823 2568 940 2643; x_wconf 86' lang='lat' dir='ltr'><strong>quoddam</strong></span> 
     </span>
    </p>
   </div>
   <div class='ocr_carea' id='block_1_4' title="bbox 139 2727 944 3053">
    <p class='ocr_par' dir='ltr' id='par_1_7' title="bbox 139 2727 944 2983">
     <span class='ocr_line' id='line_1_35' title="bbox 174 2727 940 2794; baseline 0.008 -18"><span class='ocrx_word' id='word_1_293' title='bbox 174 2727 209 2793; x_wconf 80' lang='lat'><strong>(1)</strong></span> <span class='ocrx_word' id='word_1_294' title='bbox 223 2732 311 2789; x_wconf 85' lang='lat' dir='ltr'><strong>Nempe</strong></span> <span class='ocrx_word' id='word_1_295' title='bbox 325 2730 437 2784; x_wconf 75' lang='lat' dir='ltr'><strong>Desoteru</strong></span> <span class='ocrx_word' id='word_1_296' title='bbox 446 2734 479 2794; x_wconf 85' lang='lat' dir='ltr'><strong>X,</strong></span> <span class='ocrx_word' id='word_1_297' title='bbox 489 2746 514 2781; x_wconf 81' lang='lat' dir='ltr'><strong>s.</strong></span> <span class='ocrx_word' id='word_1_298' title='bbox 525 2732 565 2782; x_wconf 88' lang='lat' dir='ltr'><strong>tl.</strong></span> <span class='ocrx_word' id='word_1_299' title='bbox 579 2734 687 2782; x_wconf 71' lang='lat' dir='ltr'><strong>sie&#39;euim</strong></span> <span class='ocrx_word' id='word_1_300' title='bbox 700 2734 733 2783; x_wconf 87' lang='lat' dir='ltr'><strong>ibi</strong></span> <span class='ocrx_word' id='word_1_301' title='bbox 741 2739 796 2793; x_wconf 89' lang='lat' dir='ltr'><strong>post</strong></span> <span class='ocrx_word' id='word_1_302' title='bbox 808 2734 940 2793; x_wconf 82' lang='lat' dir='ltr'><strong>praedicta:</strong></span> 
     </span>
     <span class='ocr_line' id='line_1_36' title="bbox 139 2793 941 2861; baseline 0.007 -23"><span class='ocrx_word' id='word_1_303' title='bbox 139 2793 169 2839; x_wconf 84' lang='lat' dir='ltr'><strong>Et</strong></span> <span class='ocrx_word' id='word_1_304' title='bbox 179 2797 207 2839; x_wconf 81' lang='lat' dir='ltr'><strong>ot</strong></span> <span class='ocrx_word' id='word_1_305' title='bbox 220 2794 324 2841; x_wconf 76' lang='lat' dir='ltr'><strong>ambules</strong></span> <span class='ocrx_word' id='word_1_306' title='bbox 337 2795 366 2841; x_wconf 79' lang='lat' dir='ltr'><strong>toi</strong></span> <span class='ocrx_word' id='word_1_307' title='bbox 376 2797 425 2842; x_wconf 77' lang='lat' dir='ltr'><strong>ciis</strong></span> <span class='ocrx_word' id='word_1_308' title='bbox 436 2796 505 2855; x_wconf 64' lang='lat' dir='ltr'><strong>eiua,</strong></span> <span class='ocrx_word' id='word_1_309' title='bbox 516 2801 538 2843; x_wconf 86' lang='lat' dir='ltr'><strong>et</strong></span> <span class='ocrx_word' id='word_1_310' title='bbox 547 2796 639 2857; x_wconf 76' lang='lat' dir='ltr'><strong>ditique</strong></span> <span class='ocrx_word' id='word_1_311' title='bbox 651 2800 735 2861; x_wconf 76' lang='lat' dir='ltr'><strong>ipsam</strong></span> <span class='ocrx_word' id='word_1_312' title='bbox 747 2798 881 2847; x_wconf 71' lang='lat' dir='ltr'><strong>coematur</strong></span> <span class='ocrx_word' id='word_1_313' title='bbox 889 2798 941 2844; x_wconf 78' lang='lat' dir='ltr'><strong>uo-</strong></span> 
     </span>
     <span class='ocr_line' id='line_1_37' title="bbox 139 2857 944 2915; baseline 0.007 -14"><span class='ocrx_word' id='word_1_314' title='bbox 139 2857 206 2902; x_wconf 80' lang='lat' dir='ltr'><strong>mina</strong></span> <span class='ocrx_word' id='word_1_315' title='bbox 225 2858 273 2903; x_wconf 80' lang='lat' dir='ltr'><strong>Deo</strong></span> <span class='ocrx_word' id='word_1_316' title='bbox 290 2861 346 2909; x_wconf 79' lang='lat' dir='ltr'><strong>tuo,</strong></span> <span class='ocrx_word' id='word_1_317' title='bbox 359 2858 389 2905; x_wconf 81' lang='lat' dir='ltr'><strong>o&#39;o</strong></span> <span class='ocrx_word' id='word_1_318' title='bbox 410 2862 457 2906; x_wconf 91' lang='lat' dir='ltr'><strong>toto</strong></span> <span class='ocrx_word' id='word_1_319' title='bbox 475 2858 547 2906; x_wconf 75' lang='lat' dir='ltr'><strong>corde</strong></span> <span class='ocrx_word' id='word_1_320' title='bbox 568 2863 609 2908; x_wconf 79' lang='lat' dir='ltr'><strong>tuo</strong></span> <span class='ocrx_word' id='word_1_321' title='bbox 629 2864 651 2908; x_wconf 84' lang='lat' dir='ltr'><strong>et</strong></span> <span class='ocrx_word' id='word_1_322' title='bbox 666 2862 696 2909; x_wconf 63' lang='grc' dir='ltr'><strong>ἐκ</strong></span> <span class='ocrx_word' id='word_1_323' title='bbox 715 2864 764 2909; x_wconf 81' lang='lat' dir='ltr'><strong>tota</strong></span> <span class='ocrx_word' id='word_1_324' title='bbox 777 2863 944 2915; x_wconf 72' lang='lat' dir='ltr'><strong>animasti,</strong></span> 
     </span>
     <span class='ocr_line' id='line_1_38' title="bbox 140 2918 732 2983; baseline 0.015 -15"><span class='ocrx_word' id='word_1_325' title='bbox 140 2918 306 2983; x_wconf 68' lang='lat' dir='ltr'><strong>eumdemque</strong></span> <span class='ocrx_word' id='word_1_326' title='bbox 322 2920 438 2974; x_wconf 75' lang='lat' dir='ltr'><strong>moutam</strong></span> <span class='ocrx_word' id='word_1_327' title='bbox 451 2922 568 2977; x_wconf 65' lang='lat' dir='ltr'><strong>Domiti.</strong></span> <span class='ocrx_word' id='word_1_328' title='bbox 581 2928 626 2973; x_wconf 80' lang='lat' dir='ltr'><strong>oto·</strong></span> <span class='ocrx_word' id='word_1_329' title='bbox 674 2934 677 2938; x_wconf 85' lang='lat'>&#39;</span> <span class='ocrx_word' id='word_1_330' title='bbox 728 2953 732 2977; x_wconf 77' lang='lat'><strong>¹.</strong></span> 
     </span>
    </p>

    <p class='ocr_par' dir='ltr' id='par_1_8' title="bbox 156 3026 168 3053">
     <span class='ocr_line' id='line_1_39' title="bbox 156 3026 168 3053; baseline 0 0"><span class='ocrx_word' id='word_1_331' title='bbox 156 3026 168 3053; x_wconf 78' lang='grc' dir='ltr'>Ι</span> 
     </span>
    </p>
   </div>
   <div class='ocr_carea' id='block_1_5' title="bbox 0 0 1020 3317">
    <p class='ocr_par' dir='ltr' id='par_1_9' title="bbox 0 0 1020 3317">
     <span class='ocr_line' id='line_1_40' title="bbox 0 0 1020 3317; baseline 0 0"><span class='ocrx_word' id='word_1_332' title='bbox 0 0 1020 3317; x_wconf 95' lang='lat' dir='ltr'><strong> </strong></span> 
     </span>
    </p>
   </div>
  </div>
 </body>
</html>
