1992 3317
130 79 177 152 tiu
244 111 350 151 succuba
366 99 488 160 scembs,
501 100 594 155 onusr.
612 100 697 161 aim,
714 110 771 150 aar.
786 103 815 150 ll.

129 191 232 256 objecto,
247 189 306 238 sicut
319 199 349 238 ex
360 185 495 251 supradictis
508 190 571 252 patet
581 185 624 252 (l).
638 189 668 238 lit
678 186 729 239 ideo
743 185 799 240 illud
814 191 930 252 peccatum

128 264 189 328 qnod
207 259 286 324 majori
303 259 361 309 bono
381 259 536 323 contrariatur,
554 273 583 309 ex
597 273 639 310 sno
659 272 743 323 genero
756 263 792 310 est
807 259 902 323 gravius
923 276 928 309 :

131 334 189 385 sicut
205 335 324 396 peccatum
340 329 364 382 in
376 331 464 394 Deum,
478 343 545 394 quam
557 334 674 395 peccatum
692 331 716 380 in
730 330 873 394 proximum.
887 331 930 381 hla-

130 403 238 454 nilestum
252 405 286 452 εει
300 405 374 451 antem
384 399 443 464 qubd
455 401 578 452 infidelitas
587 407 623 451 εει
633 405 752 465 peccatum
767 407 847 452 contra
857 402 931 467 ipsum

130 475 211 534 Deum,
226 473 348 523 secundnm
361 472 421 535 dudd
436 472 461 522 in
478 486 502 524 se
516 476 551 523 est
563 474 647 524 veritam
656 473 744 536 prima,
758 473 794 522 cni
805 474 862 523 hdes
874 474 932 524 iuni·

129 543 199 607 titur3
214 544 312 593 schisma
323 545 398 592 autem
413 546 448 594 εει
458 547 537 594 contra
549 542 731 593 Ecclesiasticam
741 543 853 594 unitatem
864 583 872 606 ,
884 557 931 608 qua

131 618 167 666 εει
187 613 298 678 quoddam
320 615 403 664 bonum
423 614 595 678 participatum,
610 617 634 664 et
651 615 726 664 minus
745 628 813 678 quam
834 615 866 666 sit
885 617 931 680 ipsc

131 685 200 736 beas.
215 683 289 736 Unde'
300 685 448 736 manifestum
467 689 518 747 est,
534 684 593 748 qubd
611 689 729 750 peccatum
745 685 888 738 infidelitatis
905 701 932 737 en

133 769 175 806 sno
189 769 271 819 ponere
284 761 317 808 εει
331 757 422 820 granius
431 755 500 820 quim
510 760 626 820 moratum
636 756 779 820 schismatis,
789 756 846 809 licet
860 759 933 822 possit

133 827 264 892 contingere
284 827 344 892 qudi
367 827 448 892 aliquis
469 825 626 878 schismaticus
644 827 739 895 =gracilis
761 833 846 891 peccet
864 843 932 892 quam

133 897 223 962 quidam
244 898 354 962 infidelis,
381 898 418 948 vel
442 903 534 963 propter
563 899 670 963 majorem
697 904 867 962 contemptum,
895 900 930 949 rel

132 972 224 1034 propter
240 971 313 1035 majus
326 969 451 1034 pericolum
464 971 525 1034 quod
539 969 639 1035 inducit,
655 969 692 1020 vel
712 974 804 1034 propter
818 970 874 1032 quid
892 971 932 1020 hu·

132 1039 241 1104 jusmodi.

166 1112 199 1162 ld
213 1112 310 1176 primum
324 1125 376 1176 argo
386 1111 516 1175 dicendum,
527 1110 677 1176 qubdpopulo
686 1112 720 1162 illi
731 1112 878 1163 manifestum
887 1117 932 1164 erat

132 1181 181 1246 jam
197 1184 322 1248 perlegam
337 1187 479 1247 susceptam,
493 1181 554 1246 qubd
566 1187 615 1233 erat
628 1197 687 1234 unus
701 1185 769 1246 bens,
780 1188 804 1233 et
815 1183 878 1247 qubd
888 1197 932 1234 non

134 1258 199 1304 erant
217 1253 253 1303 alii
275 1253 306 1303 dii
323 1254 431 1304 colendi
425 1270 431 1281 ·
445 1258 468 1304 et
480 1256 525 1304 hoc
544 1259 592 1304 erat
609 1257 670 1318 apud
689 1267 729 1306 eos
745 1268 786 1318 per
800 1254 932 1319 multiplicia

135 1323 201 1387 sigua
217 1323 380 1374 coinfirmalum.
401 1325 430 1374 ltt
448 1323 498 1375 ideo
519 1337 566 1375 non
583 1327 716 1390 oportebat,
731 1325 792 1389 qndd
812 1331 933 1390 peccantes

137 1400 214 1446 eontra
223 1397 282 1446 hanc
295 1395 362 1447 fidem
370 1410 411 1460 per
422 1396 586 1460 idololatriam,
597 1398 733 1469 punirentur
740 1397 852 1448 inusitata
860 1397 933 1466 aliqua

136 1467 184 1517 sola
197 1481 277 1532 pinna,
291 1470 330 1519 sed
342 1468 415 1519 solnm
426 1465 549 1519 communi
558 1469 604 1518 Sed
618 1483 664 1520 non
677 1465 754 1520 erat
735 1483 769 1519 src
782 1473 863 1520 notum
877 1471 933 1534 apud

137 1549 177 1588 eoa
185 1539 266 1603 ,qudd
287 1537 376 1604 liopscs
393 1538 486 1590 deberet
476 1543 552 1589 tasse
568 1553 658 1603 semper
676 1553 754 1591 eorum
773 1541 890 1604 princeps
908 1541 934 1590 nt

138 1610 190 1662 ideo
203 1613 337 1662 rebellantes
350 1611 402 1674 ejus
417 1610 566 1675 principatui,
576 1612 694 1676 oportebat
709 1612 843 1662 miraculosa
858 1612 907 1664 ει
900 1627 934 1661 m·

137 1685 202 1733 sucta
220 1697 287 1748 paena
300 1682 384 1747 puniri.
402 1681 443 1732 Vel
452 1685 528 1745 potest
538 1681 593 1744 dici,
606 1682 667 1746 quid
677 1689 796 1748 peccatum
809 1682 933 1734 schismatis

139 1756 271 1818 quandoque
290 1753 381 1818 marius
400 1757 434 1804 est
452 1753 557 1817 punitum
572 1753 597 1804 in
614 1755 698 1818 populo
717 1754 768 1818 illo,
787 1754 828 1818 qui
847 1758 897 1804 erat
908 1754 932 1803 ad

139 1827 262 1878 seditiones
284 1829 307 1876 et
330 1824 451 1876 schismata
475 1829 607 1890 promptus,
632 1825 714 1876 dicitur
737 1826 799 1876 enirn
818 1826 828 1874 1
847 1826 933 1880 Esdr„

140 1909 190 1960 cap.
201 1896 244 1946 IV:
260 1914 273 1944 ι
283 1897 368 1946 Civitas
378 1895 416 1945 illa
426 1895 434 1959 (
443 1894 530 1945 scilicet
542 1895 701 1960 hiemsalem)
712 1896 727 1946 a
738 1895 819 1946 diebus
833 1892 932 1960 antiquis

139 1970 258 2018 aduersum
269 1981 334 2032 reges
345 1968 450 2029 rebellat,
463 1971 486 2017 ει
500 1968 623 2019 seditiones
637 1971 660 2018 et
672 1967 749 2032 pratia
758 1968 901 2018 concitantur
910 1966 931 2015 iu

139 2051 176 2090 aa.
194 2055 207 2087 ι
223 2039 292 2088 Poeua
312 2041 386 2088 ιιιειιι
405 2037 477 2102 major
496 2040 631 2103 quandoque
654 2039 762 2102 infligitur
780 2052 821 2103 pro
841 2042 934 2103 peccalo

139 2110 211 2172 magis
225 2112 340 2172 consueto,
355 2109 457 2174 utsupra
474 2109 575 2160 habitum
588 2115 623 2162 est
637 2112 670 2176 (l,
686 2114 710 2172 2,
719 2125 759 2174 qu.
774 2113 830 2174 1⁰5,
841 2114 885 2159 art.
903 2107 932 2171 a).

137 2179 195 2231 Nam
211 2193 284 2243 poenae
298 2185 350 2232 suut
364 2179 482 2232 medicinae
496 2183 599 2246 quadarn
621 2183 649 2232 ad
667 2182 787 2232 arcendum
801 2180 909 2231 homines
923 2177 934 2226 i

137 2255 230 2315 peccato
244 2267 249 2302 :
271 2253 329 2302 unde
343 2251 382 2302 nbi
395 2256 430 2302 cst
444 2252 516 2316 major
532 2253 634 2317 pronitas
648 2255 675 2304 ad
695 2248 852 2318 peccandum,
869 2251 933 2302 debet

137 2323 238 2374 severior
256 2336 324 2386 poena
341 2324 450 2374 adhiberi.
466 2325 549 2375 Decem
562 2329 637 2376 autem
650 2324 722 2375 tribus
735 2336 780 2373 uon
795 2324 872 2374 solum
888 2323 935 2371 tue·

136 2395 189 2444 runt
206 2393 291 2457 punita
307 2408 347 2458 pro
363 2397 456 2458 peccato
477 2396 620 2461 schismatis,
633 2397 674 2446 sed
694 2395 763 2447 etiam
782 2408 825 2459 pro
839 2397 931 2459 peccato

135 2463 283 2530 idololatria,
297 2469 323 2516 ut
336 2465 420 2516 ibidem
435 2465 570 2530 dicitnrlt).

152 2627 553 2738 t(i)liampe12,rpn.72,art.
571 2630 689 2689 1,etqu
714 2630 759 2688 73,
772 2634 818 2676 art.
838 2627 936 2690 heti

137 2691 185 2738 ει

119 2819 121 2826 Ι
170 2760 203 2825 (ἢ)
219 2765 368 2823 Quianempa
382 2763 554 2824 secernerent
570 2763 777 2824 deorcoofiadttea
791 2763 903 2813 citatos
916 2765 937 2806 at

136 2839 277 2876 moeream
287 2829 342 2874 coets'
351 2827 467 2872 militium
480 2825 661 2878 admoverunt,
672 2827 846 2873 stentoreos
859 2823 937 2873 mast-,-
