1992 3317
138 110 183 156 llll
240 116 348 156 emortus
364 116 491 164 amorum,
507 115 602 161 cusan
620 113 718 162 mvn,
735 112 792 151 ann.
810 115 827 149 r.

137 193 218 244 dicitnr
231 193 308 255 eninr,
324 195 386 246 det„
398 192 437 242 XV
455 207 462 241 2
477 208 491 238 n
506 192 575 240 Facta
590 194 627 240 est
639 188 751 240 dissensio
762 188 824 238 iuter
835 188 937 238 Paulum

138 267 161 314 et
176 263 311 325 Barsalium,
321 262 352 312 ite
364 266 390 314 ut
399 262 542 314 discederent
560 262 589 312 ab
605 261 713 312 iurioem.
726 260 811 323 »Ergo
823 258 939 311 discordia

139 348 185 386 non
202 337 379 396 cooperculum,
395 336 417 384 ot
430 333 528 384 maxime
544 333 646 383 mortale.

170 406 214 455 Sed
231 408 308 455 contra
324 409 375 467 cst,
391 405 451 468 quod
467 405 503 454 cd
519 406 616 464 Galat„
629 405 666 468 v,
682 402 840 454 dismuuoues
851 403 893 465 (id
907 406 941 453 est

139 475 270 538 discordie)
282 479 396 539 ponuntur
410 477 470 526 inter
483 489 552 540 opera
565 475 657 537 earnm,
671 475 699 526 de
712 474 796 536 quihus
814 475 939 525 subditur:

140 565 155 596 o
167 548 210 610 Qui
219 547 273 598 talia
282 551 361 611 agunt,
370 561 466 610 regnum
475 547 519 599 Dei
528 562 575 598 non
583 550 758 611 consequentur.
769 563 784 594 o
793 546 858 597 Nihil
866 551 941 597 antem

139 618 237 670 excludit
248 619 261 668 d
274 633 343 683 regno
358 617 399 670 Dei
413 617 458 669 nisi
470 624 589 684 peccatum
597 618 700 670 mortale.
709 619 769 680 Ergo
783 617 900 670 discordia
908 623 941 668 est

139 693 257 755 paccatum
273 690 376 740 mortale.

165 763 183 825 ¹(
192 761 333 812 Conclusio.
342 787 373 798 -
382 761 507 822 discordia,
516 775 565 824 pua
575 775 617 825 per
626 775 651 811 se
660 760 788 812 eoncordia
798 760 939 822 adversatur,

140 837 257 897 peecatum
271 834 365 884 mortale
378 836 422 894 est,
435 831 480 882 nisi
491 845 521 882 ex
529 832 699 896 imperfectione
712 836 776 881 actus
787 832 941 894 excusetur.)

172 907 306 970 despondeo
322 905 455 968 dicendum,
471 904 530 968 qnod
544 904 656 955 discordia
667 902 792 955 concordiae
807 905 939 968 opponitur.

141 977 265 1028 Concordia
280 983 368 1040 autem,
380 979 406 1026 ui
423 976 491 1040 sopri
504 975 588 1026 dictum
601 980 648 1039 est,
662 974 812 1026 exeharitate
826 981 940 1038 causator,

141 1048 165 1098 in
179 1053 286 1112 quantum
303 1049 390 1099 scilicet
404 1047 502 1098 charitas
515 1047 636 1097 multorum
647 1047 715 1096 corde
728 1046 852 1109 conjunxit
865 1047 891 1096 in
904 1047 941 1096 ali-

143 1120 197 1184 quid
216 1133 298 1184 unum3
313 1121 371 1183 quod
386 1123 421 1170 est
440 1119 594 1183 principaliter
611 1119 702 1182 quidem
715 1119 801 1168 bonum
819 1119 940 1178 divinum,

143 1191 276 1242 secundario
290 1194 365 1240 aulem
379 1191 466 1240 honum
479 1190 588 1254 proximi.
599 1190 714 1240 discordia
730 1188 801 1252 igitur
813 1202 843 1239 ea
858 1190 940 1240 ratione

142 1266 177 1313 est
189 1266 322 1325 peccatum,
337 1260 361 1310 in
374 1265 483 1324 quantum
498 1260 628 1324 hujusmodi
641 1259 767 1310 concordie
777 1261 938 1318 contrariatur.

143 1333 186 1382 Sed
199 1331 324 1394 sciendum,
337 1331 398 1394 quod
409 1332 592 1384 lraecconoordia
599 1343 641 1396 per
651 1331 784 1382 discordiam
799 1332 891 1382 tollitur
899 1333 940 1383 du·

142 1401 245 1466 pliciter:
262 1416 307 1453 uno
317 1401 407 1466 quidem
422 1403 489 1454 ruodo
502 1416 543 1466 per
557 1416 596 1467 se,
615 1403 659 1453 nlio
675 1401 729 1453 rerd
743 1403 811 1453 modo
824 1417 870 1466 per
883 1403 939 1454 acci·

142 1473 205 1522 deus.
226 1475 269 1524 Per
287 1487 312 1523 se
333 1473 423 1536 quidem
439 1473 464 1522 io
483 1473 590 1522 humanis
605 1473 691 1524 actibus
703 1477 726 1524 et
739 1474 844 1524 moribus
861 1475 941 1526 dicitur

142 1555 193 1594 osse
205 1543 228 1594 id
242 1543 302 1607 quod
315 1549 350 1594 est
365 1543 488 1593 secuudirm
503 1544 655 1594 intentionem
668 1543 703 1607 (l)
720 1545 794 1593 :unde
808 1557 853 1607 per
866 1546 941 1596 sedis

141 1614 309 1679 cordalaliquis
325 1614 443 1679 proximo,
457 1616 547 1678 quando
563 1616 696 1674 scienteret
710 1614 881 1666 exiutentione
898 1617 940 1666 dis·

142 1687 212 1736 scutit
221 1685 235 1737 d
245 1687 305 1738 hono
317 1685 396 1736 *divino
412 1689 435 1736 ei
444 1685 621 1750 proximibono,
631 1685 656 1736 in
668 1699 714 1749 quo
726 1686 794 1736 deod
801 1688 940 1737 consentire.

144 1758 172 1807 El
185 1757 228 1808 hoc
244 1761 278 1808 esi
292 1759 412 1822 peecatum
428 1758 523 1808 mortale
537 1771 566 1808 er
579 1771 621 1808 suo
637 1770 732 1820 genere,
746 1761 839 1821 propter
850 1763 940 1808 contra·

144 1829 248 1880 rietatem
268 1831 294 1878 nd
314 1829 461 1892 candiatore,
477 1829 531 1879 linet
543 1829 612 1893 primi
632 1833 707 1879 motus
721 1829 791 1892 lrujm
809 1829 940 1889 discorde,

144 1900 436 1963 proplerimperlectioneur
449 1900 526 1962 aclis,
538 1900 585 1950 sint
595 1905 690 1965 peccata
699 1899 806 1959 venialia.
817 1901 867 1950 Per
880 1901 940 1949 oeci-

145 1969 205 2018 deno
218 1973 293 2021 aulem
306 1971 328 2019 in
343 1971 448 2020 humanis
462 1971 551 2022 actibus
562 1970 716 2021 consideratur
729 1983 758 2020 er
769 1971 815 2020 hoc
825 1972 888 2034 quod
897 1971 941 2020 nli-

144 2040 198 2104 quid
212 2043 247 2090 eut
260 2045 341 2105 praeter
350 2041 509 2092 intentionem.
522 2043 588 2092 Uude·
597 2041 649 2091 edm
662 2041 759 2091 intentio
769 2041 898 2104 aliquorum
907 2045 942 2092 est

144 2114 172 2162 ad
186 2111 277 2176 aliquod
288 2115 379 2178 honum,
393 2115 452 2179 quod
462 2114 561 2180 pertinet
570 2116 599 2165 nd
607 2116 716 2166 honorem
726 2114 811 2164 Deirel
820 2113 939 2164 utilitatem

143 2184 249 2247 proximi,
261 2187 299 2236 sed
313 2199 371 2235 unus
385 2187 482 2237 estimat
496 2188 598 2237 dioecese
608 2187 701 2248 bonum,
714 2185 772 2235 nlius
782 2188 860 2236 autem
872 2185 940 2235 halet

144 2255 278 2306 contrariam
294 2257 434 2321 opinionem,
450 2258 562 2309 discordia
574 2263 628 2309 tunc
642 2261 678 2308 est
691 2271 732 2320 per
744 2255 852 2308 accidens
864 2260 939 2308 eontra

143 2325 228 2376 bonurn
241 2327 343 2378 divinum
356 2330 392 2380 rel
407 2330 514 2394 proximi.
529 2331 558 2379 nt
575 2330 627 2380 talis
644 2329 756 2380 discordia
775 2341 822 2377 nou
835 2331 870 2378 est
890 2341 939 2392 pee-

143 2401 232 2460 catum,
243 2411 285 2449 nec
299 2403 410 2462 repugnat
423 2400 527 2450 charitati
536 2400 592 2464 (nisi
604 2400 737 2464 hujusmodi
746 2398 856 2448 discordia
867 2398 896 2449 sit
904 2400 938 2449 rel

143 2480 196 2518 cunr
210 2481 284 2520 erroro
293 2469 352 2520 circa
370 2483 396 2522 ea
405 2485 456 2536 qua
466 2476 520 2522 sunl
533 2472 561 2523 de
572 2471 706 2523 necessitate
719 2469 815 2534 salutis,
825 2470 862 2520 rel
872 2469 937 2533 perti-

175 2635 207 2700 (1)
222 2641 278 2694 onia
289 2641 382 2688 humani
391 2649 457 2690 ectus
466 2649 563 2690 ostanus
575 2644 681 2690 dicuntur
695 2643 763 2700 tulos,
777 2641 843 2698 quad
854 2641 868 2687 d
880 2641 937 2688 doli·

144 2703 225 2754 barala
240 2703 358 2750 voluntale
370 2707 508 2766 procedant,
520 2712 547 2752 ut
557 2708 588 2752 irr-
596 2707 620 2766 1,
633 2707 658 2764 2,
669 2719 710 2762 qu.
721 2705 746 2762 1,
757 2710 802 2752 ast.
815 2703 840 2761 1,
850 2717 879 2750 er
887 2716 935 2761 pro-

144 2765 338 2877 {Zzsgagzalrlrtuhigit
349 2771 372 2814 S.
384 2769 494 2830 Thomas,
509 2769 575 2827 quusi
590 2769 684 2815 moralis
694 2769 770 2816 omnis
784 2767 933 2816 msuucdonis
