1992 3317
335 173 469 224 mmm
483 173 635 219 mmm.
854 167 901 217 tto

129 252 292 313 (manem.
302 272 333 301 aa
344 251 417 305 nuno
429 252 531 317 seipsam
548 248 623 317 nigla
638 262 669 305 ar
680 252 792 307 denua
803 253 901 319 olipa

88 326 199 384 metu,
220 322 460 388 quammaximum.)
853 326 857 330 ’

127 394 267 458 Reamndeo
285 392 419 458 dicaam,
434 396 495 459 quod
511 396 537 446 iu
552 396 644 452 mnino
662 398 707 448 dno
727 401 796 460 snm,
813 397 901 453 crum

90 465 446 529 nuncupationemque
457 468 588 531 corporalis.
597 470 641 521 Per
649 471 712 519 hunc
719 473 797 520 annua
806 471 899 522 nodum

91 540 182 595 dieitur
194 538 290 601 ddqere
304 538 421 601 seipsum,
442 538 504 603 quod
521 539 595 603 diligit
607 554 633 591 se
655 541 781 593 secundun
794 544 899 592 aarum

92 610 252 675 spiritualem,
267 612 293 659 nt
306 608 376 673 snpra
389 610 474 660 dictam
488 614 522 661 est
533 611 592 674 (qu
605 616 652 673 tt,
665 613 759 677 arti).
768 614 797 663 ur
810 624 898 664 mouu-

94 683 153 733 dnn
163 682 206 731 line
217 680 285 731 debet
295 682 364 731 homo
373 682 446 745 magis
453 694 478 733 se
488 682 581 745 diligere
589 688 641 747 post
651 685 731 744 Benna
739 696 809 747 pam
818 697 899 747 quern·

92 766 194 816 cumque
211 752 290 801 aliurn.
306 752 335 801 El
354 753 397 802 hoc
410 755 472 817 petat
485 765 515 805 ex
524 752 577 819 ipsa
591 750 679 804 ratione
693 754 809 817 diligendi.
824 756 897 816 llam,

91 824 156 875 sicut
169 822 239 887 supr'a
248 822 333 873 dietum
343 827 379 873 est
393 824 441 887 (qn.
453 828 494 885 at,
506 827 549 873 acl.
560 824 608 888 12),
620 827 682 875 Dens
690 824 791 889 diligitur
800 826 898 890 utprin·

90 896 180 959 cipinn
188 894 501 959 honi,superquoiondalur
510 893 603 945 dilectio
611 895 811 959 chunutishomo
820 901 898 948 antem

91 966 196 1031 seipsum
208 965 284 1029 diligit
297 978 326 1019 ex
337 964 445 1015 charitate
456 965 581 1015 secmdm
592 966 713 1026 rationem,
722 966 777 1029 quia
785 970 819 1017 est
827 967 898 1032 parti·

91 1038 168 1105 ticeps
182 1036 287 1103 praedicti
296 1036 366 1101 honi3
382 1037 501 1101 proximus
516 1041 594 1088 auteur
609 1036 710 1099 diligitur
724 1038 849 1089 secundum
856 1052 899 1091 ra·
963 1033 966 1037 ’

89 1111 178 1161 tionem
199 1107 317 1161 societatis
333 1108 358 1157 in
376 1107 422 1159 isto
437 1109 507 1159 bono.
526 1108 671 1162 consociatio
691 1116 769 1159 antem
787 1112 823 1159 est
841 1108 898 1165 ratio

90 1180 222 1234 dilectionis
237 1181 362 1235 secundnm
376 1180 496 1243 quamdam
512 1181 635 1245 unionem,
648 1179 673 1230 in
684 1179 765 1231 ordine
776 1180 804 1230 ad
817 1180 896 1234 [leun

90 1252 167 1315 liudo,
180 1252 241 1302 sieut
254 1251 332 1301 unitas
345 1252 419 1317 potior
432 1256 467 1303 est
481 1251 549 1317 quam
562 1252 631 1317 nnio,
646 1254 678 1303 ita
691 1251 752 1320 qudd
765 1252 834 1305 homo
846 1252 898 1321 ipss

90 1322 214 1389 participet
232 1324 318 1374 bonnm
336 1323 453 1389 divinum,
468 1329 504 1385 est
522 1324 596 1388 potior
616 1324 675 1376 ratio
688 1322 809 1387 diligendi,
829 1337 898 1389 quam

91 1394 153 1462 qndd
165 1395 226 1445 alius
237 1394 362 1446 associetur
375 1394 419 1445 sibi
430 1394 455 1447 iu
471 1396 515 1447 hae
526 1396 710 1460 participatione·
721 1397 751 1449 lit
763 1395 816 1446 ideo
828 1397 898 1448 homo

7 1487 13 1496 ¹
92 1480 123 1519 ex
137 1466 249 1517 charitate
266 1466 333 1518 debet
348 1467 420 1531 magis
434 1466 536 1531 seipsum
550 1466 659 1530 diligere,
674 1480 743 1531 quana
757 1467 898 1533 proximum.

92 1538 123 1591 nt
134 1538 206 1603 liujus
226 1538 316 1601 signum
335 1542 381 1599 est,
400 1529 461 1603 qnid
476 1540 543 1589 lromo
560 1551 606 1589 non
624 1538 692 1588 debet
713 1536 789 1589 subire
807 1538 897 1603 aliquod

91 1610 179 1661 malum
193 1608 297 1673 peccati,
313 1610 372 1675 quod
388 1611 537 1661 contrariatur
551 1608 720 1677 participationi
736 1608 895 1673 beatitudiuis,

91 1686 119 1733 ul
133 1681 263 1747 proximum
276 1680 357 1731 liberet
371 1681 497 1745 lpeccato,

124 1754 159 1805 dd
181 1752 280 1820 primum
300 1766 354 1819 crgo
372 1752 509 1815 dicendum,
527 1751 589 1817 qndd
604 1750 695 1804 dilectio
713 1750 830 1802 charitalis
850 1764 898 1807 non

1 1842 6 1849 ·
93 1824 169 1879 sclam
185 1824 256 1879 natet
269 1824 419 1889 quantitatem
429 1828 531 1888 exparte
544 1824 639 1889 objecti,
654 1824 714 1889 quod
725 1828 760 1874 est
773 1824 844 1887 Dens,
856 1826 897 1878 sed

93 1912 123 1949 ex
133 1898 198 1963 parte
209 1894 333 1962 diligentis,
343 1896 382 1961 qni
396 1900 431 1947 est
441 1896 490 1959 ipse
501 1898 570 1947 bomo
579 1894 712 1950 coeuntem
722 1895 809 1946 habero
822 1894 898 1949 :sicut

93 1974 118 2021 et
131 1968 247 2034 quantitas
258 1968 378 2032 cujuslibet
393 1967 488 2017 aetionis
501 1968 615 2033 dependet
627 1967 791 2031 quodammodo
804 1980 833 2017 ex
846 1966 897 2033 ipso

94 2042 207 2106 subjecto.
224 2040 253 2089 nt
267 2039 318 2090 ideo
330 2040 384 2093 licet
394 2035 512 2103 proximus
528 2040 622 2102 nelos,
636 2038 668 2092 sil
679 2040 725 2090 tleo
739 2040 896 2105 propinquior,

93 2113 148 2178 qnia
159 2116 241 2163 tamen
255 2125 301 2163 non
314 2114 349 2161 est
367 2112 399 2163 ita
415 2113 557 2177 propinquus
569 2111 702 2163 charietern
714 2111 825 2173 habenti,
838 2110 898 2164 aaut

92 2184 145 2250 ipse
158 2184 215 2245 siti,
229 2196 277 2235 non
291 2182 394 2247 sequitur
411 2184 472 2257 qaod
490 2184 562 2251 mago
577 2184 658 2237 debeat
670 2181 751 2247 aliquis
767 2182 897 2249 proximum

4 2295 11 2305 ,
94 2268 163 2323 quam
178 2255 280 2321 seipsum
295 2252 395 2319 diligere.

127 2326 162 2381 ald
184 2328 308 2379 secundum
322 2328 456 2391 dicendum,
468 2326 528 2393 qudd
544 2328 679 2382 detrimenta
692 2326 816 2391 corporalia
829 2325 897 2378 debet

94 2402 164 2452 homo
176 2399 290 2451 sustinere
299 2403 390 2467 propter
402 2400 513 2466 amicum3
524 2405 547 2452 et
556 2400 582 2451 in
594 2402 637 2453 ltoc
648 2400 699 2465 ipso
712 2398 811 2465 seipsum
823 2396 897 2461 magis

94 2471 170 2535 diligit
189 2470 315 2522 secundam
329 2471 470 2535 spiritualem
490 2476 605 2536 menum,
619 2471 674 2535 quia
688 2472 732 2521 lroc
746 2470 844 2535 pertinet
865 2470 896 2521 ad

1 2596 9 2613 ,
94 2544 260 2617 perfectionem
272 2542 371 2607 virtutis,
381 2558 431 2609 que
446 2547 480 2595 est
494 2544 580 2596 bonnm
592 2542 683 2595 menis.
694 2542 739 2593 Sed
751 2542 776 2591 in
789 2540 895 2609 spitua-

94 2616 154 2667 libus
162 2629 209 2667 non
219 2614 289 2665 hahet
297 2614 364 2667 homo
375 2616 424 2679 pati
434 2614 594 2668 detrimentum
602 2616 725 2682 peccando,
734 2613 895 2678 otproxinruur

94 2688 200 2740 liberati
211 2689 319 2753 mecam,
334 2686 393 2739 sicul
406 2688 489 2743 dictum
502 2692 546 2741 est.

95 2846 176 2893 ratast.
190 2848 223 2893 El
233 2845 374 2904 Apostolus,
385 2844 418 2893 ud
431 2847 587 2909 ΜΛΝ,
600 2860 623 2894 v.
634 2846 664 2901 03
674 2842 743 2894 etad
756 2844 848 2894 aaa..
863 2843 895 2901 V,

11 2924 14 2929 ·
97 2908 177 2967 ulta
194 2908 380 2973 caducum,
395 2908 453 2958 ιθ.
