1992 3317
138 125 184 170 926
239 136 348 174 sncunna
362 134 490 182 mannos,
508 135 602 180 onmes.
620 135 784 183 uxu1u‚uua.
803 139 839 175 av.

138 224 179 261 eos
190 210 285 274 justitiae
301 211 449 274 equalitatem
463 209 595 260 constituat.
614 211 715 262 lnslilie
730 217 810 264 aulem
826 213 936 278 saunitas

138 285 182 333 hoe
197 283 308 347 requini,
322 287 348 332 nt
363 284 523 332 nocumentum
541 282 601 345 qaod
611 282 662 346 quis
680 283 748 333 alleri
761 285 876 349 inlenht,
889 287 936 349 ipse

136 354 248 419 paulun,
261 353 383 405 senundhm
395 353 452 403 illud
466 352 560 415 huod„
576 354 644 404 xxi:
662 355 785 406 «Oculum
798 370 841 422 pro
854 360 932 419 oeno,

138 427 228 477 dentem
241 439 282 492 pro
297 427 397 476 deam.»
412 426 440 475 El
451 426 504 475 ideo
514 425 602 490 justum
613 430 649 476 esl
661 430 687 476 nl
700 427 740 478 ille
754 430 797 492 qni
813 444 856 494 per
871 444 934 482 aeon-

137 498 247 548 salionem
265 497 362 561 aliquem
382 495 406 546 in
424 496 551 561 pericnlum
568 498 643 559 gravis
662 512 738 562 poenae
760 501 869 564 inducit,
893 503 937 567 ipse

137 570 207 620 eliam
221 569 317 619 similem
329 581 422 632 omnam
434 568 542 632 palialm.

170 641 202 690 ld
219 639 317 704 primam
333 653 388 704 ergo
398 639 535 703 nuendum,
548 638 610 702 quon
627 639 687 690 sient
704 641 866 706 Philosophus
886 646 938 696 alinil

74 719 77 724 '
138 713 162 762 in
176 712 194 759 V
208 711 293 762 Ethic.
310 713 369 776 (cap.
384 716 398 761 9
413 711 449 762 ael
463 711 496 774 8),
511 711 537 760 in
548 710 645 774 justitiae
658 725 705 762 non
721 725 818 776 semper
833 716 938 780 eompelit

138 785 328 846 coulrupnseum
343 782 485 847 simpliciter,
496 781 551 846 quia
563 782 660 833 mullhm
670 782 749 834 niffen
762 798 793 834 an
804 786 890 850 albanis
902 801 938 838 vo

138 849 234 904 lonleii&
247 854 286 904 sel
301 853 452 904 involuntarie
469 853 539 904 alium
556 855 638 917 ledan
656 854 786 906 volunlario
807 863 887 908 aulem
899 861 937 910 le-

138 925 205 976 helui
221 937 303 990 omne,
317 926 357 976 sel
369 923 523 976 involunlaslo
538 926 632 978 debetur
645 926 723 976 venia.
738 929 770 977 El
784 928 839 980 ideo
852 932 938 993 quando

137 997 209 1062 judea
227 997 359 1062 cognoverit
373 996 472 1060 aliquem
489 997 518 1046 de
535 997 592 1047 lalso
608 1009 741 1062 accusasse,
756 1013 805 1050 non
824 1001 938 1052 voluntale

139 1067 246 1130 nocendi,
261 1069 300 1118 sed
314 1066 464 1118 involuntarie
477 1072 570 1131 pioolea
578 1067 731 1130 ignorantiam
739 1084 770 1121 ex
781 1070 848 1134 justo
857 1085 937 1132 emme,

139 1153 186 1190 non
205 1140 302 1204 impouil
319 1152 411 1204 ponam
429 1139 521 1190 lalinnis
534 1140 581 1204 (ut
594 1152 625 1190 ex
641 1140 751 1204 prediolo
773 1141 828 1194 loeo
840 1145 937 1194 Demo

138 1215 228 1275 palei).
695 1265 700 1272 ,

170 1285 205 1334 ld
217 1283 341 1332 secunlum
353 1281 471 1332 dicendum
481 1280 559 1344 ,qnod
570 1281 609 1332 ille
619 1281 660 1345 qni
674 1281 733 1334 male
747 1290 855 1348 amusan,
863 1289 937 1350 peoml

138 1360 162 1408 el
179 1359 257 1406 oonlm
273 1365 393 1416 nmsonam
410 1353 524 1412 aecusali,
536 1356 560 1403 el
580 1357 660 1403 eonem
676 1355 845 1417 remouhlieam
859 1375 866 1408 :
881 1361 936 1408 nnle

139 1430 232 1493 propter
247 1429 367 1487 utrumque
380 1424 483 1487 punitur.
497 1425 527 1473 El
537 1425 582 1474 hoe
598 1429 637 1474 esl
649 1429 711 1488 onon
727 1426 815 1476 dioilm
827 1431 935 1484 Denter..

139 1500 207 1552 llll:
219 1515 233 1545 ιι
240 1496 340 1560 Chmqne
351 1495 524 1559 diligentissime
534 1500 711 1560 potentatuum,
716 1498 853 1550 invenerint
861 1503 937 1552 falsam

138 1575 221 1624 leslem
240 1568 326 1620 dixisse
348 1572 425 1618 eontra
440 1568 532 1618 fratrem
547 1581 614 1617 sunm
635 1569 798 1634 mendacium,
811 1574 906 1624 renlenl
918 1587 936 1622 u

140 1644 199 1694 sicul
212 1642 275 1693 lraln
291 1653 332 1692 suo
345 1640 419 1690 lacero
436 1638 557 1702 eogilasila
571 1640 658 1702 »qnod
673 1641 777 1704 pertinet
793 1645 823 1694 ad
837 1644 936 1709 injuriam

140 1727 254 1779 personae.
269 1712 298 1762 he
313 1714 407 1775 postea,
427 1715 538 1774 qnantum
554 1711 584 1760 ad
602 1711 711 1775 injuriam
725 1712 876 1778 reipublice,
891 1716 937 1766 sah

141 1787 202 1838 ditm
217 1802 223 1834 :
240 1803 254 1832 ι
265 1786 294 1834 El
309 1783 399 1834 aulones
413 1782 497 1833 malum
511 1782 624 1832 demedio
635 1782 685 1841 tui,
695 1788 721 1833 nl
734 1785 858 1837 audientes
870 1785 937 1838 oehai

141 1857 245 1908 limorem
256 1856 363 1916 habeant,
371 1857 394 1904 el
404 1865 548 1916 nequaqnam
558 1853 612 1904 lulla
620 1854 721 1904 audeant
734 1855 822 1907 faeere.
830 1874 846 1905 a
854 1857 937 1922 soona·

141 1928 276 1980 lilertamen
285 1939 387 1990 persone
398 1923 498 1974 aeensali
513 1923 758 1988 laellininrlam,side
775 1927 936 1980 falsoaeonsel.

141 1999 171 2048 lll
185 1999 236 2050 ideo
250 2001 377 2057 accusatus,
391 1996 411 2046 si
423 1995 535 2046 innocens
548 1995 626 2057 luerit,
637 1999 712 2060 polest
724 1997 748 2047 ei
757 1999 870 2063 injuriam
879 2011 937 2050 snam

141 2071 266 2132 remittere,
277 2068 375 2120 maxime
387 2069 407 2118 si
421 2081 467 2118 non
475 2067 617 2118 calumniose
626 2069 775 2132 aoensnverit,
784 2073 828 2122 sel
836 2085 867 2122 ea
875 2068 937 2120 ammi

140 2141 242 2194 levitate.
261 2141 288 2194 si
304 2144 359 2192 veih
378 2140 406 2191 uh
425 2139 569 2190 amnsalione
586 2138 714 2190 innocentis
736 2141 836 2192 desistet
854 2146 938 2207 omniu

140 2213 240 2276 aliquam
258 2211 404 2262 collusionem
427 2223 479 2260 eum
499 2210 644 2273 aduersario,
657 2210 712 2260 iaoil
732 2210 844 2275 injuriam
863 2211 937 2276 reion-

139 2283 213 2335 hlium.
228 2283 257 2334 Et
270 2284 314 2333 hoo
331 2295 377 2333 non
391 2285 467 2346 polest
479 2281 504 2330 ei
515 2280 600 2330 aemilii
612 2281 641 2332 eh
654 2294 683 2332 eo
695 2281 736 2345 qui
749 2287 885 2346 aeenmlme
901 2279 936 2331 sel

138 2357 215 2418 polest
228 2353 250 2404 ei
258 2352 346 2404 remitti
357 2352 544 2417 oerpnineinem
559 2351 600 2414 qui
614 2365 690 2402 euram
702 2353 836 2416 reipubliem
846 2354 911 2417 gerit

169 2426 203 2475 ld
214 2424 305 2476 hallam
319 2424 455 2484 dicendum,
469 2423 530 2488 qnod
543 2435 636 2487 poenam
651 2423 742 2474 lullonis
753 2428 858 2476 meretur
872 2437 935 2474 aonu-

136 2496 238 2548 salonia
253 2495 486 2560 reeompensalionem
502 2495 634 2546 nocumenti
651 2496 713 2558 qnod
732 2497 840 2559 proximo
857 2495 935 2546 mleue

134 2568 242 2619 inlenlal.
257 2567 301 2618 Sel
314 2579 382 2632 poena
396 2567 496 2618 inlamim
515 2566 540 2617 ei
559 2567 655 2617 ‹lebelnu
671 2570 767 2631 emtor
783 2567 894 2618 malitiam
910 2578 935 2614 en

134 2651 181 2700 qua
193 2637 333 2689 calumniose
347 2638 416 2688 alium
432 2639 559 2688 accusavit.
576 2639 604 2688 Et
618 2639 756 2702 quandoque
765 2640 861 2704 quidem
877 2638 936 2703 prin·

133 2720 189 2770 nepa
206 2709 300 2761 remittit
321 2720 427 2772 omnam,
442 2713 467 2759 el
488 2722 535 2759 non
552 2709 627 2760 aholel
647 2707 784 2773 inlamiam;
802 2711 934 2774 mundoque

133 2779 210 2827 aulem
228 2779 296 2828 eliam
314 2778 430 2828 infamiam
453 2779 538 2830 aholel.
556 2780 621 2830 Unde
639 2783 663 2829 el
680 2781 743 2844 Papa
756 2783 837 2844 poles
853 2780 935 2843 hujus-

80 2849 83 2854 ·
133 2845 195 2895 modi
210 2847 325 2898 inlamiam
343 2848 441 2901 abolere.
456 2851 486 2900 El
501 2851 562 2914 quod
578 2849 633 2902 (lieil
650 2852 712 2915 Papa
728 2850 835 2902 Gelasins
850 2867 856 2900 :
870 2867 885 2899 ι
899 2851 933 2898 ln
