1992 3317
149 116 196 165 tto
282 120 390 163 mentm
403 118 532 173 monson,
545 90 640 167 unser.
656 118 704 171 ru,
716 117 771 157 nur.
789 117 821 157 rr.

174 194 227 249 seu
241 196 320 255 renus
333 197 384 258 est,
399 194 460 259 quod
472 192 527 244 nisit
536 194 618 245 Petrus
629 194 693 255 Ast,
703 191 760 243 llll:
778 205 796 241 rr
807 190 875 245 nite
889 192 968 257 puriti-

149 280 204 320 esns
216 267 284 317 merla
293 277 404 317 eorum.»

182 336 443 403 (Consumto-cunr
454 341 496 403 per
510 336 577 387 fldem
590 337 659 387 bono
674 334 725 387 Deo
739 336 762 387 et
775 334 878 387 divinis
896 334 970 387 inbo-

149 412 211 472 neat,
225 409 372 473 consequitur
386 409 411 461 in
423 422 452 461 eo
470 422 512 474 por
524 408 586 462 illem
600 407 716 471 eperum
729 405 875 471 purificatio
883 444 893 473 ‚
906 410 931 461 et
944 420 969 458 eo

150 482 231 545 major,
245 494 290 546 qno
306 480 387 546 melori
401 480 471 531 tuerit
481 480 555 531 tidelis
570 480 681 530 charitate
692 478 815 543 preditus.
831 478 842 542 )

180 556 317 619 Respondeo
338 552 473 613 omnium,
489 551 551 617 qubd
570 550 690 617 impuritas
716 549 916 616 uniuscujusque
939 551 970 600 rei

151 626 257 679 consistit
268 625 293 677 in
306 627 351 677 boo
362 624 422 689 quod
436 624 505 675 rebus
519 622 638 675 vilioribus
658 622 811 673 immiscetur.
828 623 888 673 Nou
908 622 970 672 eninr

150 697 233 749 dicitu
256 701 376 760 argentum
395 708 445 746 esse
464 696 579 760 impurum
602 708 631 745 ex
653 692 807 758 permixtione
834 693 909 753 auri,
930 705 970 756 per

150 782 218 832 mam
232 768 313 820 melius
321 767 436 831 redditum
445 766 484 816 sed
497 778 527 816 ex
537 766 688 831 permixtione
699 763 803 829 plumbi,
819 764 865 815 uel
879 762 966 813 stanni.

151 839 295 892 Manifestum
304 843 340 891 est
353 842 443 899 numm,
454 838 514 901 quod
523 836 639 887 rebonnlis
646 840 747 888 ereatura
757 835 858 899 dignior
873 838 968 887 estom-

151 911 219 964 nibus
231 911 392 978 temporalibus
406 913 429 962 et
443 908 597 974 corporalibus
612 908 721 961 creaturis
738 924 744 958 :
760 910 784 958 et
795 907 860 959 ,ideo
877 907 968 971 impura

150 984 252 1036 rerlrlitur
263 998 292 1035 ex
304 984 349 1035 boe
360 984 420 1047 quod
432 980 593 1045 temporelibus
607 994 632 1031 ee
646 980 738 1045 subjicit
750 992 792 1045 per
810 991 922 1029 umorem
934 1016 940 1037 ,
954 976 966 1025 'a

151 1069 195 1122 qun
218 1057 311 1121 quidem
327 1054 456 1121 impuritate
480 1052 610 1117 purificatur
632 1066 672 1119 per
695 1050 843 1103 eontrarium
863 1053 966 1111 momn,

151 1129 206 1179 (lum
217 1127 303 1179 scilieet
313 1127 385 1178 tondit
400 1126 425 1176 in
438 1125 462 1175 iu
475 1124 537 1190 quod
548 1127 584 1176 est
597 1137 666 1188 supra
678 1136 711 1186 se,
726 1122 816 1175 scilieet
830 1122 859 1173 iu
874 1124 964 1181 lienum

151 1199 243 1321 llll
253 1196 538 1334 studuisset
551 1192 965 1320 ttulitutltutlt·

644 1304 650 1328 l
897 1302 917 1325 ’1
957 1300 963 1311 “

152 1340 183 1391 nt
192 1341 245 1391 iden
254 1339 353 1404 mimum
365 1338 501 1405 principium
516 1338 678 1405 purificationis
691 1338 765 1389 corbis
777 1342 816 1389 est
831 1339 908 1400 fides,
920 1348 962 1399 que

152 1411 283 1475 purificetur
294 1411 412 1476 impuritas
422 1411 518 1473 erroris,
530 1425 580 1477 que
594 1410 614 1462 si
627 1410 755 1475 perficietur
766 1421 809 1475 per
822 1409 962 1461 ebaritatm

152 1482 286 1547 formatam,
301 1484 424 1549 perlectum
441 1484 624 1549 purifiontionem
641 1486 728 1535 causat.

184 1556 217 1607 llo
235 1556 334 1619 primunr
355 1569 409 1619 orgo
427 1555 561 1618 dicendum,
578 1555 639 1620 quel
657 1568 685 1607 oe
701 1568 754 1620 pue
775 1558 835 1606 sunt
854 1554 881 1605 in
895 1552 959 1605 intel·

152 1628 226 1691 leetu,
242 1632 297 1679 sunt
309 1628 419 1694 principia
435 1642 514 1679 eorum
530 1642 580 1692 que
594 1631 647 1679 sunt
663 1628 685 1678 iu
703 1628 796 1691 affeetu,
809 1627 959 1691 inquantum

153 1698 241 1751 seilicet
257 1700 348 1750 bonum
361 1699 501 1750 intellectum
511 1703 587 1750 noret
600 1700 713 1750 ebenum.

184 1772 219 1821 tu
234 1772 355 1822 secuntum
367 1769 486 1821 dicendum
497 1810 503 1832 ,
513 1770 572 1835 qubrl
586 1772 642 1822 lldes
657 1771 724 1821 etiam
737 1770 845 1822 informis
861 1765 957 1822 excludit

153 1844 274 1907 quamnim
292 1841 448 1906 impuritatem
467 1841 512 1893 sibi
529 1842 673 1907 oppositum,
693 1841 780 1893 scilieet
799 1840 956 1908 impuritatem

154 1914 250 1977 erroris,
265 1926 315 1977 que
329 1913 441 1977 contingit
454 1927 483 1964 ex
498 1914 542 1965 boo
555 1912 614 1977 qubl
629 1913 756 1964 intellectus
766 1914 887 1964 humanus
900 1911 954 1960 inor·

155 1984 232 2036 dinetb
245 1984 341 2035 iuberet
354 1986 421 2035 rebus
434 1998 459 2036 se
476 1984 628 2047 interioribus,
641 1984 694 2035 dum
707 1984 793 2035 seilicet
805 1986 858 2036 rull
873 1994 950 2035 senun-

152 2057 206 2107 uum
224 2055 323 2106 rabones
345 2068 422 2108 rerum
437 2055 580 2107 sensibilium
600 2055 675 2107 metiri
695 2056 781 2107 dimna.
798 2056 846 2108 Sed
865 2052 953 2121 quando
981 2073 982 2088 i

153 2140 196 2192 per
205 2127 339 2179 charitosus
348 2128 466 2191 formatur,
475 2132 532 2179 tuno
545 2128 629 2179 nullam
642 2128 795 2193 impuritatem
805 2140 885 2181 senum
895 2137 951 2177 con·

104 2259 106 2262 v
153 2199 246 2264 patitur,
264 2199 319 2263 qna
333 2216 347 2248 u
363 2200 471 2252 uniuersa
488 2200 571 2252 debota
587 2199 660 2265 operit
676 2200 816 2263 chorium»
833 2204 861 2251 nt
874 2196 951 2251 dicitur

153 2270 280 2329 Propere„
290 2272 320 2321 x.
981 2265 982 2280 ¹

184 2341 324 2392 intertium
344 2343 482 2406 licendum,
497 2343 558 2409 qubd
576 2343 700 2395 obscuritas
719 2342 772 2395 fidei
788 2357 835 2395 nou
854 2338 949 2410 pertinet

151 2414 180 2463 erl
192 2412 345 2478 impuritatem
359 2416 445 2479 culpe,
458 2416 497 2466 seri
518 2414 590 2481 magis
605 2417 633 2465 ad
647 2416 773 2467 naturalem
786 2418 901 2469 delectum
917 2411 948 2461 iu·
981 2421 982 2480 l

150 2483 254 2537 tellectus
265 2484 374 2550 bomani,
391 2488 516 2538 seounrlurn
530 2490 615 2539 statum
630 2487 750 2553 presentis
763 2488 826 2541 rite.
