1992 3317
371 181 403 217 nu
418 181 600 220 acumicorum.
839 177 885 226 lttltl

102 269 104 276 ·
116 254 253 318 Respondco
262 254 391 319 dicandum,
401 256 460 320 qubd
470 257 543 322 gratia
554 261 578 310 ct
585 258 657 311 virtus
668 260 789 312 imitantur
799 266 885 315 natura

83 327 201 390 ordinem,
217 327 256 390 qui
275 339 304 377 cx
323 325 400 377 divina
417 329 531 392 sapientia
548 335 584 380 cst
602 331 728 383 institutus,
744 335 784 383 list
803 338 883 386 autem

84 399 135 449 talis
145 399 201 449 ordo
211 402 296 449 natrnrae
305 401 331 449 ut
344 401 521 464 anuumquodque
534 414 604 465 agens
615 405 716 454 naturale
727 417 768 468 per
781 405 844 470 prius
858 410 883 458 et

84 471 157 533 magis
170 470 283 521 diffundat
294 483 356 520 suam
368 471 478 522 actionem
489 473 518 522 ad
531 485 559 523 ea
570 488 621 537 que
633 478 686 524 sunt
692 475 735 526 sibi
746 477 818 540 magis
831 492 884 542 pro-

85 542 182 606 pinqum
195 541 253 591 sicut
262 541 322 606 ignis
331 543 403 605 magis
412 543 515 594 calefacit
526 558 574 595 rem
585 546 629 595 sibi
640 547 711 610 magis
723 548 883 613 propinquam.

87 614 115 663 Et
129 613 233 664 similiter
246 614 305 663 licus
318 613 343 663 in
364 614 502 665 substantias
522 616 566 666 sibi
578 618 753 682 propinquiores
767 622 886 686 perprius

89 687 112 734 et
127 682 241 750 copiosius
256 685 313 734 dona
326 699 371 736 sue
382 683 492 736 bonitatis
506 687 622 751 diffundit,
638 693 663 739 ut
674 693 739 752 patet
751 705 792 755 pcr
802 691 885 758 Diony-

87 754 160 817 sium,
180 755 220 806 Vll
231 769 282 819 cap.
300 755 359 806 Coel.
375 759 443 806 Hier.
457 758 572 809 Exhibitiu
588 762 663 811 autem
677 760 836 813 beneficiorum
850 769 887 816 est

86 828 189 890 quaedum
201 826 259 877 actio
269 827 384 878 charitatis
394 827 420 878 in
430 828 501 879 alios:
514 832 538 880 ct
549 829 600 880 ideo
608 835 697 894 oportet
708 833 768 896 quod
777 835 804 884 ad
814 833 886 911 magis

86 898 226 963 propinquos
244 897 314 948 simus
327 897 399 961 magis
411 899 516 950 benefici.
532 900 576 951 Sed
590 901 747 966 propinquitas
761 905 828 954 unius
842 907 883 957 bo·

86 969 156 1020 minis
167 971 195 1020 ad
205 969 274 1019 aliurn
284 973 360 1034 potest
373 971 458 1020 attendi
468 973 593 1023 secundum
603 972 701 1036 diversa,
713 974 830 1038 inquibus
842 977 885 1027 sibi

85 1039 226 1092 adinvicem
244 1041 349 1092 homines
367 1043 552 1093 communicant·
566 1048 593 1093 ut
607 1045 786 1109 consanguinei,
803 1047 827 1096 iu
841 1061 886 1098 ua-

84 1112 154 1163 tnrali
172 1112 388 1175 communicandum
405 1114 523 1178 concives,
537 1116 562 1165 in
574 1115 648 1180 ciuili3
663 1115 756 1180 fideles,
770 1118 795 1168 in
811 1119 884 1183 spiri-

85 1184 157 1249 tuali3
169 1187 192 1234 et
205 1183 239 1234 sic
253 1185 280 1235 de
294 1185 354 1235 aliis.
362 1185 389 1234 Et
398 1187 523 1236 secuudum
534 1188 636 1240 diuersas
646 1189 818 1253 conjunctiones
830 1194 882 1242 sunt

82 1255 235 1308 diversimode
249 1255 337 1308 diuersa
349 1257 458 1308 beneficia
470 1259 635 1325 dispensanda;
646 1274 699 1311 nam
713 1261 834 1326 uuicuique
845 1268 881 1314 est

86 1328 160 1392 magis
166 1326 318 1379 exhibendum
326 1330 460 1380 beneficium
469 1331 586 1394 pertinens
595 1333 622 1382 ad
631 1333 694 1384 illam
701 1347 749 1385 rem
758 1337 883 1386 secuudum

85 1413 155 1464 quam
165 1401 201 1452 cst
212 1400 284 1463 magis
298 1400 363 1452 uobis
373 1401 521 1465 conjunctus,
531 1404 662 1468 simpliciter
672 1405 792 1469 loquendo.
800 1407 886 1459 Tamen

85 1473 131 1523 hoc
149 1475 225 1536 potest
242 1471 323 1522 variari
341 1474 462 1524 secundum
482 1474 637 1526 diversitatem
655 1477 771 1539 locorum,
787 1481 810 1527 et
827 1481 885 1529 tem-

84 1555 181 1606 porum,
196 1545 219 1592 et
233 1543 390 1606 negotiorum3
407 1556 459 1593 nam
470 1544 495 1593 in
511 1545 586 1608 aliquo
599 1558 652 1595 cusu
666 1549 701 1595 cst
717 1548 790 1611 magis
802 1549 886 1600 subve-

84 1615 196 1665 niendum
209 1622 330 1678 extraneo,
345 1619 401 1679 puta
414 1614 433 1664 si
451 1615 480 1665 sit
495 1614 520 1665 in
534 1619 634 1667 extrema
652 1617 800 1681 necessitate,
815 1633 883 1682 quam

85 1686 156 1737 etiam
168 1685 234 1750 patri,
244 1699 289 1736 non
304 1689 387 1736 tantam
399 1687 559 1737 necessitatem
576 1687 681 1750 patienti.

119 1759 154 1808 dd
172 1758 270 1822 primum
288 1768 340 1821 ergo
359 1758 492 1818 dicendum,
508 1756 569 1821 qubd
589 1758 700 1808 Dominus
715 1771 759 1809 uon
779 1756 887 1822 probibet

85 1828 222 1892 simpliciter
238 1834 318 1878 vocare
337 1829 435 1891 amicos,
448 1833 487 1879 unt
501 1829 680 1892 consanguineos
694 1829 723 1878 ud
738 1829 882 1894 conuiuium3

85 1900 127 1950 sed
141 1911 221 1949 vocare
232 1911 271 1949 eos
286 1912 313 1948 ea
326 1899 453 1950 intentione
465 1899 524 1963 qubd
535 1903 558 1950 te
572 1899 616 1963 ipsi
625 1899 758 1963 reinvitent3
768 1902 811 1951 buc
822 1901 884 1953 anim

84 1985 134 2023 non
148 1969 192 2021 erit
211 1970 337 2033 charitatis,
356 1971 396 2020 scd
410 1970 551 2034 cupiditatis.
567 1972 735 2022 Potesttamen
752 1973 883 2038 contingere

83 2044 145 2108 qubd
161 2042 262 2094 extranei
272 2042 318 2092 sint
328 2043 400 2106 magis
412 2042 523 2093 invitandi
533 2043 558 2093 in
573 2044 647 2108 aliquo
658 2059 712 2095 casu
727 2050 819 2111 propter
834 2061 884 2096 ma-

80 2117 158 2180 jorem
172 2113 328 2178 indigentiam.
344 2114 519 2178 intelligendum
540 2118 575 2165 est
587 2115 648 2164 enim
661 2115 722 2178 qubd
736 2117 808 2180 magis
826 2130 886 2168 cou-

83 2186 172 2252 junctls
185 2186 257 2249 magis
272 2188 320 2248 est,
335 2185 420 2236 cacteris
433 2185 538 2250 paribus,
558 2186 755 2237 benefaciendum.
770 2187 795 2236 Si
808 2192 885 2240 autem

84 2259 182 2310 duorum
200 2271 259 2307 unus
273 2260 308 2308 est
321 2257 394 2320 magis
408 2259 555 2322 corrjnnctus,
567 2262 591 2308 et
606 2258 664 2308 alter
681 2259 752 2322 magis
765 2259 881 2323 indigens,

85 2343 133 2381 non
149 2331 224 2394 potest
237 2328 360 2379 universali
373 2329 449 2393 regula
464 2329 609 2379 determinari
619 2328 656 2378 cui
674 2329 704 2379 sit
718 2330 789 2394 magis
801 2333 882 2383 subvc-
943 2390 947 2397 ,

86 2401 211 2463 siendum,
226 2400 279 2464 quia
295 2405 347 2451 suunt
363 2399 446 2450 diuersi
463 2400 546 2463 gradus
561 2403 585 2450 ct
604 2399 736 2464 indigentie
754 2405 778 2452 et
795 2403 887 2468 propin-

89 2472 195 2538 quitatis;
206 2473 245 2522 sed
257 2473 301 2522 hoc
315 2471 408 2535 requirit
420 2471 538 2535 prudentis
549 2472 670 2538 judicium.

119 2544 153 2594 lld
170 2544 295 2594 secundum
314 2543 446 2607 dicendum,
459 2543 518 2606 qnbd
533 2545 617 2594 bonum
630 2546 752 2594 multorum
766 2559 886 2598 commune

90 2615 190 2666 divinius
204 2617 255 2678 est,
269 2613 337 2678 quim
355 2614 440 2666 bonum
454 2615 522 2665 unius
538 2631 544 2664 :
564 2618 623 2667 unde
640 2630 681 2680 pru
698 2617 758 2667 bono
771 2620 887 2669 cummuni

88 2685 220 2751 reipublice
237 2687 274 2736 vel
295 2685 421 2750 spirituaii,
439 2687 476 2737 nel
493 2688 626 2751 temporali,
642 2689 764 2738 virtuosum
776 2692 812 2739 est
826 2690 887 2752 quod

90 2757 173 2822 aliquis
186 2757 253 2808 etiam
266 2759 380 2822 propriam
393 2757 462 2808 uitam
474 2761 573 2821 exponat
587 2759 697 2822 periculo.
715 2761 742 2810 Et
754 2760 820 2821 ideo,
835 2775 887 2810 cum

92 2827 267 2879 communicatio
283 2827 307 2878 in
317 2819 403 2880 bellicis
414 2829 501 2880 actibus
514 2828 630 2881 ordinetur
645 2831 674 2880 ad
691 2831 888 2882 conseruationem

91 2899 233 2967 reipublice,
249 2899 274 2952 in
292 2901 336 2954 hoc
353 2901 419 2954 miles
437 2900 572 2968 impendens
592 2901 742 2956 commilitoni
763 2902 884 2965 annium,
