1992 3317
358 95 389 131 nx
403 94 509 134 inuicto.
786 85 831 132 tii

42 169 65 218 ed
77 166 222 219 tentationem
232 168 370 230 huminem,
381 172 430 221 sine
449 183 493 234 quc
506 170 556 221 uite
569 169 615 220 iota
630 181 676 220 non
691 169 788 231 ducitur,
805 173 833 220 ut

41 239 129 289 hubetn
142 239 166 288 in
185 237 264 290 Glosse
279 253 347 304 super
359 241 414 290 itinn
429 242 438 289 l
451 241 487 290 cot
502 241 572 298 Gor„
588 241 619 290 lv
640 256 646 289 :
661 257 675 288 ιι
689 240 766 290 Nolito
778 243 833 290 onte

39 315 125 373 tempus
141 309 251 374 indicere.
274 327 288 358 u
310 311 427 362 Secundus
446 313 534 374 gratim
546 316 597 374 esd,
616 311 668 361 cnm
690 311 774 374 aliquis
791 323 833 374 pro

38 385 95 431 certo
111 382 220 432 militiam
233 381 324 433 riterim
337 382 436 434 estimet
450 397 479 433 ex
493 384 581 433 teritus
594 383 699 443 indiciis3
715 385 739 432 et
751 379 834 442 ioc,si

37 452 101 502 sitde
112 453 187 516 aliquo
198 452 315 516 gratiosi
327 456 442 517 peccatum
454 455 563 516 mortale,
577 453 603 502 in
616 456 725 517 quantum
738 465 786 502 non
798 455 834 502 est

37 527 85 574 sino
100 527 232 588 contemptu
243 525 340 589 proximi
351 539 356 573 :
368 525 431 574 unde
444 525 524 576 Glossn
533 525 619 574 ibidem
633 525 724 574 subdit:
735 540 750 572 u
760 524 789 573 iit
799 523 833 573 sic

36 608 88 656 ergo
105 595 247 658 suspiciones
262 595 334 646 ritore
352 609 399 646 mon
411 609 531 660 possumne
541 634 547 658 ,
558 596 611 659 qnia
623 596 728 646 homines
740 608 830 658 snmns3

32 665 118 728 judicis
135 671 230 730 tamen,
243 666 265 716 id
278 670 328 730 eet,
341 665 476 717 diffinitivas
489 668 611 728 firmusque
627 666 764 729 sententias,
777 678 833 716 ron·-

35 738 105 787 tinere
116 738 234 788 detentos.
246 739 357 788 »Tertius
366 739 447 802 grados
458 742 505 799 est,
514 737 565 787 cim
576 737 656 800 aliquis
664 737 735 801 judex
742 752 771 788 ex
781 752 832 789 sus·

31 808 122 870 picione
137 808 240 871 procedit
259 809 287 858 ad
309 804 406 873 aliquem
424 807 635 871 condemnandum
652 813 676 858 et
691 810 735 858 hoc
747 809 832 860 directe

31 880 59 928 ad
74 878 209 943 injustitiam
227 879 344 943 pertinet:
358 881 418 930 unde
431 884 467 930 ost
480 884 598 944 peccorum
612 880 715 929 monete.

62 950 98 998 Ad
115 950 213 1013 primum
230 963 283 1014 ergo
296 951 428 1015 dicendum,
440 951 498 1014 quod
510 951 535 999 in
552 950 657 999 humens
666 951 753 1001 actibus
764 953 831 1003 inre-

28 1021 94 1070 nitur
109 1019 184 1084 eliqua
202 1021 325 1086 certitudo,
339 1033 385 1072 non
404 1022 494 1086 quidem
514 1022 572 1071 sicot
590 1019 615 1070 in
633 1021 830 1086 demonstrativis,
885 1053 894 1062 ·

28 1093 69 1142 sed
93 1093 217 1142 secundum
235 1093 293 1155 qndd
311 1091 416 1144 convenit
431 1093 472 1142 teli
491 1090 830 1157 numerumnunerum

28 1178 69 1226 per
90 1163 186 1213 idoneos
197 1166 270 1214 testes
280 1165 397 1228 probatur.

58 1235 96 1284 rid
117 1235 243 1285 secundnm
260 1235 395 1296 dicendum,
416 1234 475 1298 qndd
494 1247 524 1284 ex
545 1236 590 1285 hoc
606 1235 656 1298 ipso
671 1235 732 1298 qnod
748 1235 829 1299 aliquis

28 1307 115 1355 melam
137 1303 267 1368 opinionem
281 1306 350 1356 hebet
364 1307 392 1356 de
402 1305 447 1356 ulio
461 1305 512 1356 sine
524 1316 593 1356 musa
611 1306 746 1370 sufficienti,
764 1307 828 1357 inde-

28 1377 74 1428 oitd
96 1375 221 1426 contemnit
234 1377 329 1440 ipsum:
344 1381 368 1428 et
380 1377 432 1427 ideo
445 1377 566 1439 injuriator
577 1378 600 1427 ei
610 1380 653 1438 tt).

56 1450 94 1499 Arl
113 1447 207 1498 tertium
223 1449 356 1512 dicendum,
373 1449 432 1513 quod
450 1450 504 1512 qnia
513 1449 603 1512 justitia
623 1453 647 1498 ct
660 1448 773 1513 injustitia
793 1453 830 1500 est

28 1523 85 1570 :irca
108 1519 235 1569 exteriores
248 1521 390 1583 operationes
405 1521 444 1584 (nt
455 1519 541 1569 dictum
562 1523 597 1569 est
612 1533 652 1581 qn.
668 1523 711 1582 ιθ,
726 1523 769 1569 art.
781 1520 831 1582 i),

28 1607 78 1642 nnc
99 1589 216 1655 judicium
239 1591 390 1654 suspiciosum
413 1590 496 1641 directi
518 1591 544 1640 ad
564 1590 701 1653 injustitiam
720 1592 828 1654 pertinet,

28 1664 118 1726 prendo
137 1663 166 1712 ad
183 1665 257 1712 actum
274 1663 408 1712 exteriorem
421 1661 539 1726 procedit:
556 1665 580 1710 et
590 1666 645 1709 tnnc
661 1664 697 1710 ost
710 1664 829 1724 peccatum

28 1734 136 1796 cortule,
152 1737 178 1783 ut
193 1735 334 1785 dictumest.
353 1733 467 1784 indicium
483 1737 559 1784 utitem
574 1732 670 1782 interius
686 1733 830 1796 pertinetur}

28 1808 138 1857 ustitiam
149 1806 273 1856 smundnro
287 1805 347 1870 quod
358 1807 500 1869 comperitur
516 1805 545 1854 od
556 1803 656 1855 exterius
666 1803 786 1866 judicium,
800 1805 827 1851 ut

28 1885 86 1929 otus
102 1877 201 1927 interior
214 1877 241 1927 ud
254 1879 405 1940 exteriorem,
419 1876 478 1926 sicut
492 1874 677 1940 concupiscentie
691 1875 719 1924 ad
732 1873 831 1924 fornica·

28 1962 121 2012 ionem,
138 1951 163 1998 et
175 1948 209 1998 ira
222 1949 250 1998 ud
263 1947 417 1998 homicidium.

316 2125 474 2178 inmenens
489 2125 529 2177 lt.

40 2255 142 2304 Utrrim
161 2251 235 2298 dubia
252 2252 300 2297 siut
317 2251 343 2296 iro
362 2252 483 2296 moliorem
500 2253 594 2307 purtem
607 2251 799 2307 interpretanda.

41 2385 84 2435 Ad
112 2382 222 2444 quartum
236 2381 270 2428 sio
290 2377 428 2442 proceditur.
442 2377 537 2428 Videtur
555 2376 615 2440 qudo
628 2375 695 2427 dubia
713 2390 760 2428 non
782 2376 830 2426 sint

42 2453 179 2506 meliorem
191 2454 277 2515 partem
290 2449 467 2512 interpretando.
481 2447 591 2498 iudicium
606 2448 667 2498 enirn
679 2447 750 2510 magis
760 2447 827 2497 debet

28 2544 61 2581 se
81 2527 117 2577 de
134 2523 235 2588 eoquod
249 2522 273 2571 in
288 2521 389 2586 pluribus
404 2520 493 2572 eccidit.
511 2521 556 2570 Sed
571 2519 596 2568 in
611 2519 714 2584 pluribus
730 2518 830 2581 accidit,

37 2681 83 2746 (1)
106 2683 154 2726 Seu
169 2677 278 2734 iniuriam
291 2677 313 2722 ei
334 2675 406 2722 incito
420 2675 496 2722 hincl
512 2674 546 2722 od
568 2674 683 2724 Timottt„
702 2675 751 2746 VI,
766 2673 826 2745 inter

29 2751 121 2794 ecana
140 2739 249 2788 momelic
265 2740 414 2798 suspiciones
435 2737 505 2782 meto
519 2741 679 2789 recensentem
694 2736 748 2780 trrnc
768 2740 830 2779 mter

32 2822 84 2858 tas
101 2804 242 2861 charitatis,
254 2803 264 2846 1
277 2801 309 2847 od
324 2801 467 2860 (tor.,Xss1,
479 2799 542 2856 qnod
553 2812 605 2846 cort
617 2799 707 2857 cooitot
720 2797 828 2848 modom.
