1992 3317
151 76 197 124 tet
253 83 364 124 mcum
378 53 504 132 munna,
518 82 616 130 oum.
629 82 725 132 surm
737 81 797 120 ur.
812 80 851 120 ru.

150 161 230 212 aridas
244 160 383 224 acquirendi,
397 173 438 224 pro
457 159 540 210 damno
550 159 710 222 blasphemat,
724 171 767 222 pro
780 158 864 223 pretiis
877 153 954 209 ‘rerunt

152 231 260 282 mentitur
271 235 296 282 et
310 232 413 297 pejerat3
429 232 471 283 sed
486 232 538 282 huc
554 231 613 281 titia
626 230 730 281 hominis
741 233 814 294 sunt,
826 245 879 282 non
896 231 952 289 artis

151 317 202 368 quta
214 303 265 354 sine
281 303 317 354 his
333 302 395 354 vitiis
406 303 443 365 agi
461 306 573 368 potest.»
587 301 650 366 Ergo
662 303 779 366 negotiari
792 301 919 354 secundum
934 314 954 349 sa

152 387 198 426 non
214 379 250 426 est
262 374 375 425 illicitum.

185 447 505 513 (Coucuusro-ltegotiari
517 449 610 511 pmpter
622 460 661 496 res
672 445 821 498 necessarias
834 447 890 498 vitm
903 460 955 496 con-
977 482 979 513 ἱ

151 519 287 584 sequendae,
299 517 403 569 omnihus
412 517 479 582 licet;
492 522 586 585 propter
598 516 761 579 lucrumrerh,
769 517 822 568 nisi
830 518 855 568 id
863 517 954 568 sitenti-
977 518 979 539 ÷

152 593 229 642 natum
238 590 266 640 ad
279 589 377 653 aliquem
388 591 511 642 honesturn
520 589 599 650 tinem,
614 587 729 652 negotiari
738 602 769 639 ex
779 603 808 639 se
821 592 860 640 est
869 589 954 652 torpe.)

183 662 317 726 Respondeo
334 661 468 723 dicendum,
488 658 549 724 quod
563 661 594 710 ad
609 659 768 723 negotiatores
782 659 889 724 pertinet
902 673 955 709 con-
977 678 979 709 :

153 733 315 784 mutationibus
327 747 403 784 rerum
416 732 531 784 insistere.
546 732 576 782 tlt
590 736 667 784 autem
680 731 842 796 Philosophus
853 732 908 784 ditit
916 732 955 781 inl
977 754 979 781 t

152 806 232 856 Polit.
248 806 314 871 (cap.
327 809 383 868 t‚e
400 807 422 855 et
433 804 472 868 t),
488 804 572 869 duplex
594 807 630 854 est
644 816 721 854 rerum
735 804 902 856 commutatio.
915 805 955 853 dni

152 877 243 942 quidem
262 876 327 941 quasi
352 875 461 926 naturalis
481 879 506 928 et
520 875 662 935 necessaria,
680 889 723 939 per
745 889 820 939 quarn
837 877 926 927 scilicet
937 876 955 923 tit

153 949 299 1000 commutatio
321 947 354 1000 rei
370 949 398 999 ad
413 961 478 1011 rem,
494 948 623 999 ratramno
639 951 663 997 et
685 947 856 1014 usitatiorum,
874 954 956 1013 propter

153 1021 313 1073 necessitatem
327 1019 398 1082 ritc3
418 1024 443 1070 et
455 1020 509 1070 talis
528 1019 674 1071 commutatio
689 1031 738 1070 non
752 1020 852 1085 proprie
867 1023 957 1086 pertinet

154 1094 182 1144 ad
198 1093 364 1158 negotiatores,
375 1096 416 1142 sed
429 1092 503 1155 magis
521 1092 549 1143 ad
559 1091 711 1142 oeconomicus
727 1093 768 1142 rel
786 1093 915 1158 politicos,
926 1094 957 1156 qni

153 1165 237 1216 hahent
250 1164 369 1229 providere
382 1165 420 1216 rel
430 1163 509 1216 domui
527 1157 677 1224 deldritati,
692 1164 723 1215 de
740 1164 957 1216 rehusnecessariis

153 1239 180 1288 ad
190 1236 271 1288 uitam.
283 1237 332 1286 Alia
342 1235 400 1288 uero
409 1235 592 1288 commutationis
600 1236 693 1299 species
705 1237 806 1298 est,rel
820 1237 956 1288 dcmriom

153 1309 181 1359 ad
190 1308 307 1369 denarios,
317 1309 354 1358 rel
363 1320 554 1371 quarumcumque
563 1320 639 1358 rernm
648 1306 864 1371 addenarios‚ncn
875 1314 957 1374 propter
977 1326 979 1351 ε

153 1391 189 1428 res
201 1377 342 1428 necessarias
353 1378 405 1428 vitu
412 1414 421 1440 ,
435 1377 475 1428 sad
487 1380 580 1441 propter
593 1376 681 1426 lucrum
694 1378 861 1440 quarendum.
874 1380 903 1428 nt
915 1381 956 1428 her

156 1449 247 1514 quidem
268 1450 392 1514 negotiatio
405 1449 495 1516 proprie
508 1449 599 1500 ridetur
615 1451 645 1500 ad
659 1449 817 1513 negotiatores
832 1451 956 1515 pertinere,
977 1482 979 1487 -

154 1521 277 1574 secundum
298 1521 461 1586 Philosophum
482 1521 538 1587 (uhi
557 1520 641 1586 sopri,
654 1523 769 1586 capte).
785 1522 869 1572 Prinna
888 1527 956 1572 autem

154 1593 300 1646 commutatio
317 1593 436 1644 laudabilis
450 1597 502 1654 est,
516 1593 569 1657 quio.
583 1592 684 1644 deservit
696 1593 801 1643 naturali
818 1593 953 1653 necessitati

153 1667 253 1716 secunda
265 1669 340 1718 autem
351 1664 415 1730 juste
427 1665 577 1729 vituperatur,
588 1665 642 1728 quia
654 1668 770 1728 quantum
783 1669 823 1716 est
840 1666 869 1716 de
882 1679 907 1715 se
923 1665 955 1713 de

155 1738 226 1788 seruit
239 1737 439 1801 cupiditatium,
455 1749 506 1800 quae
519 1735 641 1787 terminum
652 1734 740 1796 nescit,
753 1737 796 1786 sed
809 1736 837 1786 in
849 1735 954 1787 inlinitum

155 1807 237 1860 tendit.
256 1811 286 1860 Et
297 1808 350 1860 ideo
363 1809 489 1873 negotiatio
502 1808 626 1860 secundum
639 1819 664 1858 se
680 1807 830 1858 considerata
842 1809 954 1873 quintam

155 1880 318 1944 turpitudinem
332 1881 416 1941 hahet,
431 1880 456 1930 in
469 1883 580 1945 quantum
592 1892 639 1931 non
650 1880 762 1943 importet
775 1880 806 1930 de
824 1881 861 1930 sui
872 1879 952 1930 ratione

156 1952 224 2004 tinem
245 1955 364 2006 honestum
382 1953 419 2004 vel
436 1952 598 2004 necessarium.
617 1953 716 2002 Lucrum
732 1959 830 2014 umen,
847 1952 908 2016 guod
925 1955 955 1999 est

156 2025 317 2087 negotiationis
335 2025 404 2086 linis,
418 2025 462 2076 etsi
481 2024 506 2074 in
528 2024 565 2075 sni
583 2023 671 2074 ratione
687 2036 735 2074 non
749 2023 863 2087 importet
878 2022 953 2085 aliquit

157 2097 279 2146 honestum
289 2097 327 2147 rel
339 2097 491 2148 necessarium
496 2133 506 2160 ,
515 2095 573 2146 nihil
581 2100 657 2147 tamen
665 2095 775 2159 importat
785 2095 813 2144 in
827 2096 865 2146 sui
875 2095 953 2144 rationo
977 2098 979 2157 j

156 2167 262 2218 uitiosum
280 2169 317 2220 rel
332 2167 413 2220 uirtuti
430 2167 577 2221 contrarium.
593 2168 657 2221 Unde
677 2165 736 2218 nihil
750 2167 862 2230 prohihet
874 2167 952 2216 lucrum
977 2164 979 2223 ξ

157 2239 255 2290 ordinari
269 2242 296 2291 ad
310 2240 407 2304 aliquem
421 2239 489 2290 finem
508 2238 677 2300 necessarium,
689 2237 808 2288 ueletiam
818 2240 952 2293 honesturn,
977 2240 979 2293 Ι

158 2313 181 2360 et
200 2309 232 2361 sic
249 2312 373 2375 negotiatio
396 2311 459 2362 licita
479 2311 602 2363 reddetur:
618 2309 677 2361 sicto
697 2307 749 2360 cium
765 2309 854 2373 ahquis
874 2309 951 2358 lncrun

158 2382 298 2434 moderatum
318 2383 377 2446 guod
397 2381 533 2462 negog'ando
548 2381 644 2444 quent,
658 2380 749 2432 ordinat
769 2381 800 2430 ad
818 2379 952 2431 demisere

158 2454 356 2521 sustentationem,
372 2454 409 2504 vel
422 2453 490 2504 etiam
504 2453 533 2502 ad
545 2452 725 2503 subueniendum
734 2451 907 2516 indigentihus3
921 2449 952 2498 rel
977 2454 979 2461 ·

157 2525 227 2576 etiam
238 2524 290 2575 chm
299 2525 382 2588 aliquis
395 2523 543 2588 negotiationi
555 2523 653 2574 intendit
664 2526 757 2588 propter
769 2523 888 2588 puhlicam
898 2521 952 2571 utili-

159 2601 241 2660 tatem,
256 2610 285 2647 ne
296 2595 382 2646 scilicet
395 2609 434 2646 res
446 2595 582 2646 necessaria
598 2596 627 2646 ad
641 2594 727 2656 rium,
739 2595 822 2658 patria
831 2595 919 2657 desint;
932 2597 952 2641 ot

157 2669 244 2788 &pandum
261 2667 348 2732 expetit
373 2680 419 2718 non
436 2668 502 2730 quasi
521 2667 605 2730 tinem,
620 2669 661 2718 sed
677 2667 743 2730 quasi
762 2667 904 2732 stipendium
924 2667 952 2714 h-

188 2773 228 2860 ild·
238 2811 338 2874 primum
353 2823 407 2873 ergo
423 2809 543 2864 mudum
552 2849 565 2876 ,.
574 2811 636 2878 qued
649 2811 743 2864 cuturn
753 2811 952 2876 Chumstouim
