1992 3317
378 183 409 226 ut
425 181 523 228 lesura,
806 171 850 228 bil

83 259 108 314 ι.
125 263 254 328 Preterea,
272 263 352 314 vitium
372 265 469 328 ospitale
488 264 558 315 babet
581 258 640 316 filias
657 265 700 316 sibi
723 267 853 330 deputatas.

50 336 160 398 Assiguat
173 339 247 386 aulem
261 335 397 403 Gregorius,
408 337 480 386 XXXI
490 336 583 387 Morul.
598 337 633 387 lut
644 336 733 402 supra),
744 348 785 388 sex
797 338 855 388 illias

51 407 148 470 aredio,
155 419 205 470 quae
214 409 267 456 suut
278 423 292 454 ι
302 406 388 456 mulitia
396 445 402 467 ,
411 419 506 470 rauoor,
515 407 703 472 pusillanimitas,
714 409 853 473 desperatio,

50 481 131 542 torpor
149 477 209 527 eirea
225 482 353 542 precepta,
368 479 473 541 evagatio
490 478 574 528 mentis
590 479 649 529 eirea
664 479 759 543 illinita,
774 497 788 528 u
803 489 853 543 que

51 563 101 600 non
113 550 220 599 videntur
232 550 394 600 convenienter
413 551 464 600 oriri
484 563 513 600 ex
526 550 611 600 acedia.
627 552 684 600 llam
700 565 782 602 rauoor
794 551 855 602 idem

52 633 105 671 esse
125 620 215 670 tidelm
231 622 290 684 quod
304 621 397 684 odium,
412 622 472 684 quod
490 622 563 671 oritur
578 635 607 670 ex
625 620 726 684 invidia,
740 627 767 672 ut
786 622 853 687 snpra

52 692 142 742 dietum
157 695 192 742 est
205 693 261 757 (pu.
273 697 381 756 praeced,
391 697 434 742 art.
446 697 460 741 rt
470 692 493 756 )·,
504 691 590 742 malitia
603 695 818 761 autempstggnus
824 693 868 758 gd*
899 725 935 748 ψ

54 764 133 832 omnia
146 763 187 812 vili
210 779 217 828 3
228 767 251 814 et
264 764 369 814 similiter
381 764 485 826 evagatio
494 757 585 814 merdis
591 754 757 828 obeasstioita,
772 765 796 815 in
807 779 855 816 om-
882 759 967 838 ssu-,rr

52 836 122 886 nibus
135 835 197 884 viliis
212 834 339 898 invenitur3
353 838 431 898 torpor
450 839 525 884 autem
538 835 597 884 eirea
615 840 729 900 praeopta
742 835 803 887 idern
817 838 856 886 vi-

52 909 121 959 detur
136 919 185 957 esse
200 906 259 970 quud
272 906 362 971 acedia3
371 906 548 972 pusillanimitas
561 909 637 956 antem
649 911 675 956 et·
686 907 813 972 desperatio
826 921 856 958 en

51 978 234 1044 quibuscunque
253 979 354 1042 pecualis
368 978 420 1028 oriri
437 979 540 1042 possunt.
557 978 608 1028 lion
627 990 681 1041 ergo
693 980 856 1030 convenienter

51 1049 147 1116 ponitur
157 1051 234 1100 auedia
250 1061 301 1100 esse
311 1050 390 1100 vidum
400 1048 505 1114 capitale.

87 1127 111 1172 3.
126 1121 253 1183 Praeterea,
268 1121 366 1172 isidorus
387 1121 412 1170 in
428 1121 468 1170 lib.
484 1123 521 1170 De
532 1122 719 1184 summobono,
736 1121 856 1185 distinguit

50 1193 138 1244 vitium
151 1192 234 1243 aoediae
243 1191 255 1242 a
264 1192 320 1242 vitio
331 1191 438 1254 tristitiae,
453 1191 531 1244 diosus
543 1193 681 1243 «immittam
693 1193 854 1265 esseiuquan·

50 1269 105 1316 tum
117 1263 204 1314 reoedit
220 1263 233 1313 l
247 1262 344 1327 graviori
357 1266 380 1313 et
397 1262 509 1314 laborioso
521 1265 549 1314 ad
564 1266 624 1328 quod
638 1269 739 1328 tenetur3
756 1260 856 1316 acediam

51 1340 132 1386 eutem
149 1334 172 1384 in
191 1339 299 1398 quautam
313 1347 338 1386 se
358 1335 470 1385 convertit
483 1336 511 1386 ad
532 1336 631 1399 quietem
646 1337 780 1387 indebitam.
797 1352 811 1383 u
826 1337 856 1387 Ει

51 1409 111 1461 diuit
124 1409 152 1458 de
165 1407 259 1457 tristitia
273 1405 326 1457 oriri
338 1419 467 1468 rancorem,
485 1407 708 1471 pusillanimitatem,
724 1409 857 1458 amaritudi-

51 1495 126 1542 nem,
143 1479 339 1544 desperatlouem3
354 1480 381 1530 de
393 1479 470 1528 acedia
489 1477 545 1530 verb
557 1479 612 1529 diuit
625 1479 678 1529 oriri
689 1484 790 1544 septem,
804 1493 856 1543 puae
881 1525 883 1529 ,

52 1555 137 1604 eunte
156 1551 275 1614 otiositas,
294 1549 459 1610 somnolentia,
479 1551 641 1614 importunitas
658 1551 755 1612 ruentis,
769 1551 858 1615 inpule—

52 1625 111 1676 tudo
124 1623 234 1687 eorporis,
251 1622 400 1683 instabilitas,
415 1621 553 1685 verbositas,
568 1622 697 1672 euriositas.
713 1638 728 1669 u
746 1623 806 1686 Ergo
818 1623 859 1671 vi-

53 1697 122 1746 detur
132 1693 194 1758 qubd
205 1693 243 1744 vol
254 1694 267 1744 l
277 1693 384 1756 Gregorio
396 1692 432 1743 vel
442 1693 470 1742 ab
482 1693 567 1744 lsidoro
577 1692 636 1743 maid
644 1692 771 1756 assignetur
780 1692 859 1743 aoedio

51 1766 138 1818 vitium
148 1764 244 1828 capitale
255 1777 306 1815 oum
319 1765 367 1815 suis
380 1764 478 1815 filiabus.

86 1837 134 1888 Sed
148 1839 227 1887 oontra
240 1836 290 1900 est,
304 1835 364 1900 qubd
383 1835 444 1886 idern
462 1836 584 1900 Gregorius
597 1835 666 1897 dioit,
677 1835 749 1886 XXXI
766 1835 856 1888 moral.

54 1910 93 1976 (ut
104 1906 211 1973 sunago
220 1908 320 1959 acediam
333 1921 384 1958 esse
394 1907 473 1958 vitium
483 1907 591 1971 capitale,
605 1907 722 1957 attrahere
736 1907 857 1970 predictas

53 1982 123 2034 filias.
137 1997 152 2028 u

88 2055 253 2119 (Concidere.
263 2073 294 2090 -
304 2052 360 2103 Gbrn
374 2053 451 2104 acedia
466 2051 558 2102 tristitia
572 2051 603 2102 sit
616 2051 645 2102 de
661 2051 774 2116 spirituali
786 2052 856 2115 bono,

52 2126 139 2178 vitium
154 2124 251 2188 capitale
264 2123 390 2176 neeessarib
399 2128 449 2187 est3
459 2124 526 2188 eujus
535 2123 587 2173 illie
597 2126 650 2173 snut
659 2123 754 2184 malitia,
765 2136 857 2185 rancor,

53 2193 248 2264 pusillanimitas,
264 2195 404 2259 desperatio,
418 2197 496 2258 torpor
513 2194 571 2244 eirea
587 2198 714 2258 praerepta,
729 2207 756 2245 ae
776 2195 859 2245 mentis

55 2265 185 2332 evagatio.)

88 2337 231 2402 Respondeo
238 2337 367 2399 dieenduru,
374 2335 434 2399 quod
441 2337 501 2386 sicud
511 2335 579 2401 suprb
586 2335 670 2386 dietum
679 2339 715 2386 est
726 2336 769 2400 (l),
777 2335 859 2407 sitium

57 2408 158 2478 capitale
168 2407 476 2476 dioitgressapxguoprom
493 2411 542 2456 tum
554 2402 860 2476 estutaliavitiuoria‘u'liir,
906 2423 937 2459 w

58 2469 192 2532 secondum
201 2478 311 2528 rationem
325 2475 494 2528 oausae'bnalis.
523 2493 559 2528 rou
586 2469 777 2527 lulembomines
791 2476 862 2527 multa

58 2555 185 2616 operantur
197 2553 288 2615 pmpter
302 2549 489 2611 delectationem,
501 2553 550 2598 tum
563 2553 588 2598 nt
599 2549 674 2612 ipsam
685 2553 861 2612 cousequantur,

57 2628 110 2674 torn
129 2621 199 2672 eliam
214 2633 243 2670 es
256 2621 307 2684 ojus
329 2619 415 2684 impetu
430 2620 457 2670 ad
476 2619 560 2683 aliquid
576 2619 687 2683 agendum
706 2620 818 2684 permoti,
830 2619 863 2669 ita

96 2783 130 2850 (l)
145 2787 204 2830 Turn
215 2784 238 2828 ln
250 2783 293 2828 bau
308 2783 358 2840 ipsa
367 2787 437 2840 part,
452 2794 490 2840 gu.
505 2780 544 2838 bl,
557 2787 600 2827 art.
613 2781 641 2841 5,
653 2790 679 2830 nt
695 2795 784 2841 argum.
797 2781 810 2826 1
822 2793 865 2826 nu·

56 2855 137 2896 tatum
153 2852 200 2898 est;
218 2851 267 2890 turn
285 2845 310 2889 in
324 2843 351 2905 1',
369 2845 397 2904 b,
411 2857 450 2903 gu.
471 2843 516 2906 st,
535 2849 578 2890 art.
597 2844 628 2904 d,
645 2857 675 2892 on
692 2847 739 2892 sint
753 2843 865 2903 eapitulia

61 2909 171 2972 medam
179 2908 250 2964 ritia;
264 2913 289 2954 et
299 2912 345 2956 art.
353 2906 379 2971 t,
393 2920 424 2958 an
435 2905 495 2957 bend
504 2913 594 2969 septen
605 2915 766 2958 nwemutnr.

177 3017 215 3080 rr·
726 3006 760 3070 ιι
