1992 3317
138 126 184 186 ott
232 134 342 186 nonnos
357 129 488 196 inme,
506 125 601 190 onnsi.
617 121 699 196 iord,
716 144 774 184 sor.
793 130 846 186 dud.

137 223 223 290 jndicio
236 223 332 274 rationis
344 223 443 274 divertet
451 227 546 287 propter
557 222 661 274 timorem
675 223 711 272 vel
723 223 853 276 eudociam.
867 224 895 275 Et
902 222 936 274 iric

138 295 191 346 finis
206 295 348 360 prestitutns
367 298 402 345 est
423 294 512 345 homini
531 293 654 345 secundine
669 294 799 345 naturalem
822 295 934 346 rationem.

138 367 253 418 Naturalis
266 366 327 418 eninr
344 365 401 416 ratio
415 365 486 416 dictat
499 366 624 431 unicuique
638 370 663 415 ut
681 367 810 417 secundnm
833 367 935 418 rationem

139 444 257 504 operetur;
270 439 310 489 scd
325 437 423 500 qualiter
436 443 460 489 et
470 452 511 503 per
524 452 576 503 qne
594 439 662 490 homo
677 436 702 486 in
716 439 835 502 operando
848 439 938 501 attingat

140 513 242 562 medinm
252 509 362 573 rationis,
376 509 476 575 pertinet
488 511 517 561 nd
535 510 709 574 dispositionem
726 510 868 572 prudentie.
883 508 939 560 Liuii

140 581 201 631 enim
219 581 330 644 attingere
349 580 448 632 medium
464 581 496 631 sit
514 581 566 632 duis
583 580 673 632 uirtutis
690 579 798 646 moratis,
815 585 893 632 tomen
904 593 938 646 por

140 655 227 702 rectam
244 651 415 718 dispositionem
426 665 505 704 eorum
518 666 569 716 quae
582 655 636 703 sunt
649 651 776 713 adfinem,
792 651 895 704 medium
906 651 941 702 in·

141 723 239 775 venitur.

172 795 201 845 Et
213 809 253 862 per
265 798 310 848 hoc
323 800 388 862 patet
399 795 517 862 responsio
527 797 555 846 ad
564 795 670 862 primum.

173 867 208 917 tid
221 869 345 918 secundm
358 867 491 931 dicendum,
506 865 568 932 qudd
580 866 639 918 sicut
650 879 722 930 agens
731 866 837 917 naturate
855 865 910 918 iacit
921 871 942 916 ιι

143 939 214 989 torma
226 938 257 990 sit
266 941 291 990 in
300 940 408 1002 materia,
423 952 470 990 non
485 944 561 990 tomen
574 937 629 988 fecit
642 940 667 988 ut
677 939 755 988 tormae
769 939 910 990 conueniant
919 951 941 988 eo

143 1024 194 1075 que
211 1024 252 1077 per
267 1025 293 1064 se
305 1011 328 1063 ei
343 1013 436 1075 insunt3
451 1011 481 1061 ito
494 1009 564 1060 ctiam
579 1009 699 1075 prudentio
712 1009 816 1063 medium
829 1009 942 1061 constituit

143 1081 168 1132 in
177 1083 321 1147 passionibus
333 1086 357 1134 et
364 1083 545 1147 operationibus,
560 1095 607 1134 non
618 1087 693 1132 temen
706 1079 762 1130 facit
775 1074 838 1144 qu'od
845 1081 942 1133 medion

143 1153 245 1217 querere
258 1153 379 1205 conueniat
389 1153 477 1204 virtuti.

175 1227 208 1276 nd
221 1225 310 1276 tertium
324 1225 460 1291 dicendum,
475 1223 537 1289 quod
553 1225 625 1276 virtus
640 1223 733 1275 morulis
743 1237 785 1289 per
797 1213 892 1276 moouin
907 1237 943 1275 nu-

144 1301 200 1346 tnrae
222 1296 320 1346 intendit
336 1297 456 1360 peruenire
471 1296 499 1347 od
516 1298 630 1360 medium3
651 1295 691 1346 sed
709 1294 762 1360 quia
783 1295 900 1358 medium,
914 1309 944 1346 se

145 1365 242 1417 nundin
250 1365 311 1430 qudi
321 1368 427 1430 medium,
436 1381 482 1419 non
493 1370 572 1420 eodem
583 1367 650 1418 modo
664 1367 781 1418 invenitur
793 1368 819 1418 in
830 1369 940 1427 omnious,

145 1438 196 1489 ideo
213 1437 329 1490 inclinatio
344 1443 443 1502 nature,
453 1453 503 1504 quae
511 1452 600 1504 semper
612 1439 692 1490 eodem
706 1438 775 1490 modo
788 1444 907 1506 operetur,
919 1439 942 1488 ed

144 1509 189 1560 tuoe
205 1522 252 1559 non
269 1509 369 1573 sufficit,
381 1511 420 1561 sed
435 1511 556 1575 requiritur
566 1510 623 1562 ratio
637 1509 773 1574 prudentie.

426 1689 586 1742 inuentus
602 1690 663 1740 Vltt.

217 1817 302 1864 Utrum
314 1816 440 1875 proedperc
457 1819 490 1860 stt
503 1816 646 1873 principalis
660 1818 728 1862 nctus
738 1815 886 1872 prodendo.

180 1948 213 1998 dd
224 1951 329 1999 octavum
343 1948 376 1998 sic
385 1945 513 2012 proceditur
524 1946 568 2013 (t).
583 1946 677 1998 Videtur
688 1946 748 2011 qudd
762 1946 890 2012 proscipere
904 1960 945 1998 nou

149 2020 179 2070 sit
191 2019 323 2084 principalis
335 2024 401 2070 actus
415 2018 551 2084 prudentie.
569 2018 698 2083 precipere
717 2018 779 2068 enirn
800 2019 903 2082 pertinet
921 2019 945 2068 ad

148 2089 207 2140 bona
215 2101 266 2152 quos
281 2094 334 2139 sunt
345 2089 428 2140 fiendo.
439 2089 483 2138 Sed
495 2087 647 2152 Augustinus,
655 2089 705 2138 XIV
714 2089 752 2138 De
762 2089 832 2138 Trio.
845 2089 905 2153 (cap.
913 2087 945 2151 9),

148 2159 212 2225 ponit
225 2162 301 2208 actoru
311 2160 435 2223 prudentie
449 2171 599 2223 «precavere
612 2158 715 2210 insidias.
726 2174 741 2205 u
753 2159 815 2222 Ergo
826 2159 946 2223 precipere

149 2245 195 2282 non
209 2235 244 2281 est
256 2229 386 2294 principalis
400 2234 463 2281 actus
477 2231 617 2294 prudentio.

181 2307 204 2351 2.
218 2301 345 2363 Pretereo,
358 2301 510 2366 Philosophus
529 2301 583 2352 dicit
602 2300 669 2352 inVI
684 2302 769 2350 tdtdic.
785 2301 794 2366 (
802 2301 842 2352 ubi
859 2300 948 2367 sopri),

149 2374 209 2439 quid
226 2374 365 2438 «prudentis
378 2373 480 2425 estbend
494 2373 643 2424 consiliari.»
658 2373 702 2422 Sed
712 2371 770 2423 otius
780 2375 849 2426 ectus
864 2375 949 2428 uidetur

149 2458 197 2496 esse
210 2445 344 2496 consiliari
357 2449 381 2496 et
395 2446 550 2510 precipere,
571 2448 598 2495 ut
616 2457 644 2495 ex
662 2443 731 2508 supr'o
747 2443 816 2494 dictis
828 2449 893 2510 patet
905 2444 947 2509 (t).

149 2517 208 2582 Ergo
223 2517 347 2583 prudentie
360 2516 493 2582 principalis
508 2521 571 2567 octos
584 2529 630 2568 non
644 2519 678 2566 est
691 2513 824 2580 precipere.

182 2660 214 2725 (i)
229 2666 261 2709 Dc
271 2663 307 2708 tuis
319 2664 390 2709 ctiam
403 2661 479 2722 iniri,
494 2673 535 2718 qu.
554 2658 600 2720 51,
616 2665 659 2706 nrt.
680 2660 710 2714 2;
726 2664 752 2705 ut
766 2665 789 2704 et
802 2661 852 2714 ΙΙΙ,
871 2661 950 2708 δοκι,

150 2725 204 2836 ἷίοἰὲἷ
215 2727 346 2849 {imon}
355 2725 431 2780 nrt.3;
442 2730 466 2772 et
474 2723 627 2784 nom.,v111‚
635 2725 690 2770 tect.
702 2722 725 2779 ¹3
733 2726 757 2768 et
767 2721 799 2768 od
810 2721 911 2781 Epist„
919 2723 947 2782 ΙΙ,

184 2856 216 2924 (2)
230 2862 288 2907 Tum
298 2860 375 2906 intuso
388 2861 439 2920 ipso
458 2863 553 2920 quisse,
568 2865 614 2906 nrt.
627 2857 642 2904 6
653 2863 678 2904 et
688 2856 716 2920 Ι,
730 2861 781 2904 tum
797 2855 867 2906 etium
880 2853 906 2920 t,
919 2855 948 2924 t,
