1992 3317
338 149 369 184 nit
385 147 566 188 instituerent.

331 334 490 384 terrentes
505 335 564 386 viti.

91 459 170 504 (lirim
186 459 237 515 puis
256 463 365 504 torreatur
380 460 462 504 statim
476 460 612 516 restituere,
627 473 661 506 au
676 463 730 508 vero
748 463 821 518 possit

301 523 475 572 restitutionem
489 523 594 580 differre.

86 651 119 701 dd
135 652 234 700 noevum
249 649 282 699 sio
295 649 431 713 proceditur.
446 650 541 700 Videtur
552 648 613 714 quod
625 664 671 701 non
684 655 789 702 teneatur
805 651 846 702 ali-
913 683 929 713 x

56 723 104 787 puis
123 719 236 772 restituere
254 720 343 782 statim,
362 721 401 772 sod
416 720 491 788 potids
504 719 565 771 licite
587 721 844 786 possitmstitutionem

55 796 150 844 ditierne.
172 795 285 855 Praeoepta
303 793 364 842 enim
383 792 519 843 affirmativa
532 806 579 843 non
592 794 692 857 obligent
704 797 732 845 ad
747 809 843 860 semper.

53 869 95 918 Sed
116 864 233 916 necessitas
245 865 378 915 restituendi
398 865 502 915 imminet
520 879 549 915 ex
568 870 684 930 praeeepto
702 867 844 920 affirmativo.

52 941 110 1001 Ergo
132 949 175 987 non
193 935 304 998 obligetur
318 936 386 988 homo
405 938 432 986 ad
453 936 530 987 statim
543 937 717 988 restituendum.

82 1015 105 1059 n.
122 1009 242 1067 Praeterea,
255 1007 330 1057 nulius
345 1010 434 1058 tenetur
449 1007 476 1057 ed
489 1007 638 1073 impossibiie.
653 1008 696 1060 Sed
709 1010 843 1073 quandoque

51 1079 132 1144 uliquis
152 1090 196 1127 non
214 1080 287 1140 potest
304 1077 381 1128 statim
401 1080 527 1130 restituere.
542 1079 600 1142 Ergo
621 1079 696 1128 nullus
716 1083 805 1130 tenetur
818 1082 846 1132 ad

49 1151 127 1202 statim
140 1150 314 1201 restituendum.

79 1228 102 1272 3.
118 1223 243 1283 Praeterea,
257 1221 372 1274 restitutio
389 1226 424 1274 est
445 1222 536 1287 puidam
557 1227 620 1274 aetus
640 1223 743 1287 virtutis,
762 1223 849 1276 seilicet

46 1293 147 1358 justitie.
160 1293 258 1357 Tempus
266 1296 342 1344 eutem
352 1298 386 1344 est
396 1307 441 1345 una
449 1295 477 1346 de
487 1294 660 1345 circumstantiis
667 1309 719 1359 pum
729 1295 848 1358 requirun-

48 1371 86 1414 tur
99 1365 128 1414 ed
142 1366 206 1414 eeirrs
219 1364 337 1414 uirtutum.
351 1365 407 1416 Cim
420 1379 473 1430 ergo
485 1366 534 1417 atio
552 1366 726 1417 circumstantie
740 1380 785 1416 non
802 1367 850 1417 sint

47 1436 206 1487 determinate
218 1436 243 1486 iu
255 1435 341 1488 acubus
352 1439 469 1501 virtutum,
480 1440 519 1489 sed
531 1438 713 1488 determinabiies
725 1438 850 1488 seeunddm

44 1510 161 1560 rationem
170 1507 305 1572 prudentie,
315 1509 405 1559 ridetur
419 1509 478 1572 quod
485 1511 559 1560 necin
569 1508 713 1559 restitutione
723 1511 754 1559 sit
761 1515 850 1575 tempus

42 1579 229 1644 determinatum,
237 1579 353 1630 utseilioet
361 1580 847 1643 eliqnisteneaturadstetimrestituendum.

73 1652 118 1702 Sed
134 1654 212 1701 eontra
226 1655 276 1714 est,
291 1651 352 1714 quod
366 1653 446 1702 eedem
468 1651 526 1702 retio
543 1663 593 1702 esse
605 1650 695 1700 ridetur
706 1651 730 1701 in
743 1651 848 1703 omnibus

39 1737 94 1788 quoe
112 1725 168 1774 sunt
181 1724 330 1774 restituenda.
346 1724 390 1774 Sed
401 1723 440 1773 itte
454 1723 493 1786 qui
505 1722 612 1773 conducit
625 1735 694 1786 opera
705 1724 846 1786 mercenarii,

37 1809 87 1846 non
105 1797 186 1860 potest
199 1794 289 1846 distorre
300 1795 484 1856 restitutionem,
498 1797 524 1844 ut
535 1797 600 1858 putet
611 1807 653 1857 per
665 1793 720 1843 illud
731 1795 792 1857 quod
807 1797 847 1844 tro-

36 1870 107 1917 betur
118 1867 208 1922 teuit„
226 1866 278 1916 xix
290 1883 295 1915 :
308 1884 322 1914 «
331 1868 382 1917 Non
393 1866 517 1916 morabitur
525 1879 582 1930 opus
591 1865 723 1916 mercenarii
739 1867 773 1915 tui
786 1868 846 1930 apud

35 1951 57 1988 te
73 1950 151 2002 nsque
165 1950 242 1988 mene.
254 1953 269 1984 u
282 1937 342 2000 Ergo
355 1949 429 2000 oeque
442 1935 466 1985 in
476 1935 529 1986 eliis
538 1935 721 1988 restitutionibus
735 1935 844 1987 iaciendis

33 2013 114 2073 potest
132 2007 184 2058 fieri
197 2009 275 2059 ditatio
285 2009 345 2072 ‚sed
356 2008 432 2059 statim
447 2007 566 2058 restituere
575 2010 672 2071 oportet.

65 2081 236 2146 (Couenusro.
246 2107 278 2118 -
291 2079 372 2130 Statim
385 2079 435 2130 fieri
450 2079 564 2130 restitutio
576 2080 644 2130 debet
660 2079 689 2130 ab
702 2092 730 2129 eo
747 2078 787 2144 qui
800 2092 839 2129 ee·

31 2151 112 2216 oepit,
132 2150 155 2200 si
172 2155 264 2216 potest,
284 2151 321 2201 rei
334 2150 411 2202 dilutio
424 2150 473 2214 peti
494 2151 561 2202 debet
576 2150 604 2200 alr
624 2163 652 2202 eo
664 2149 704 2214 qui
723 2165 790 2202 usum
811 2152 845 2202 rei

31 2223 168 2275 concedere
182 2223 277 2287 potest.)

61 2295 209 2360 Respondeo
227 2293 362 2356 dicendum,
376 2294 437 2360 qudd
447 2294 506 2346 siout
523 2295 625 2358 accipere
636 2308 685 2346 rem
699 2295 798 2347 eitonam
809 2300 845 2348 est

31 2369 164 2432 praeratum
183 2368 264 2416 eontra
273 2361 403 2430 justitium,
418 2366 449 2416 its
460 2367 530 2417 etiem
543 2367 645 2420 detinere
659 2379 725 2431 eam3
741 2369 795 2432 quia
805 2380 848 2432 per

31 2454 72 2489 noc
90 2437 161 2503 quod
177 2437 262 2500 uliquis
274 2436 360 2488 detinet
379 2449 427 2488 rem
442 2437 540 2488 sienem
552 2437 625 2488 inuito
636 2439 740 2499 domino,
750 2437 847 2502 impedit

31 2524 81 2559 rum
103 2509 136 2560 ab
150 2521 198 2559 usu
212 2507 246 2558 rei
264 2521 320 2571 sue,
340 2511 363 2560 et
373 2509 406 2558 sio
419 2508 442 2558 ei
455 2509 510 2558 iacit
521 2507 637 2572 injuriam.
652 2509 798 2560 Manifestum
812 2511 847 2560 est

31 2586 112 2632 tutem
129 2580 197 2644 quod
211 2593 254 2631 uee
265 2579 427 2644 permodicum
442 2582 533 2642 tempus
545 2579 598 2630 tieet
611 2580 634 2628 iu
645 2583 740 2644 peeeoto
753 2580 845 2638 morari,

34 2654 65 2702 ed
90 2651 202 2715 quidibet
228 2653 318 2700 tenetur
341 2653 459 2714 peecatum
485 2650 562 2699 stetim
582 2650 699 2713 deserere,
720 2650 845 2701 seeunddm

31 2724 85 2773 itud
102 2721 216 2775 Bootes,
228 2722 294 2771 xxi:
309 2738 323 2770 u
333 2720 490 2780 Qunsidtueie
498 2721 584 2771 colubri
595 2723 647 2786 iuge
656 2724 783 2786 peecatum.
793 2736 807 2766 »
816 2721 846 2769 st
941 2768 944 2777 ,

31 2797 79 2844 deo
99 2793 209 2858 quilibet
228 2795 317 2842 tenetur
334 2792 409 2844 stetim
422 2793 554 2854 restituere,
569 2793 589 2842 si
606 2795 696 2856 potest,
711 2791 747 2842 ret
765 2794 843 2855 petere

31 2865 175 2917 ilationem
188 2863 217 2916 ab
232 2876 259 2916 eo
270 2863 309 2929 qui
323 2867 398 2930 potest
410 2878 474 2916 usum
486 2863 519 2914 rei
532 2864 663 2915 oonoedere.
699 2920 704 2924 ,
