1992 3317
135 155 182 215 tae
256 161 507 218 nemnsrmnun,
522 161 615 213 canu.
629 163 685 218 ru,
698 162 756 207 nrr.
770 165 815 208 ru,

167 256 190 301 3.
202 250 325 313 Preterea,
337 246 450 313 principio
462 258 511 297 non
522 247 560 296 est
568 243 653 309 aliquid
664 242 736 309 prins.
748 243 795 295 Sed
805 242 902 297 timore
918 249 960 298 est

134 321 221 387 aliquid
231 320 295 385 prins
301 358 310 384 ,
324 318 378 383 qnia
390 318 447 369 tides
455 316 566 383 praeoedt
576 315 691 367 timorem.
702 316 763 379 Ergo
773 314 876 367 videtur
888 318 960 381 qndd

136 394 204 444 timor
219 404 267 442 non
280 390 311 443 sit
323 391 414 441 initium
425 389 552 455 sapientie.

165 464 211 515 Sed
222 465 303 515 conae
315 465 360 526 est,
375 464 435 526 qnod
447 460 532 511 dicitur
545 460 570 509 in
583 458 679 510 Pactm.
693 455 746 509 CX:
763 457 899 511 «Initium
918 474 959 513 sa-

135 534 229 600 pientiae
241 534 312 585 timor
324 532 449 585 Domini.»

167 608 177 673 (
184 608 364 658 munnam.-
375 604 497 670 Sapientior
510 603 618 666 initium,
629 605 739 667 quantum
752 602 782 653 ad
795 602 850 667 ejus
866 616 959 656 essen-

134 678 198 739 tiam,
214 680 267 727 sunt
281 676 370 727 articuli
380 676 445 739 fidei3
458 677 570 740 quantum
579 672 634 725 rcrd
644 675 672 724 ad
684 674 735 738 ejus
744 673 866 737 effectum,
877 677 960 728 timor

136 753 183 800 tam
199 747 290 799 servilis
303 748 371 811 quim
381 746 457 799 filialis
467 749 504 797 est
518 745 622 811 ejusdem
638 743 756 809 sapientia
765 743 870 797 initium.
888 746 899 809 t

167 820 304 884 despondeo
324 818 460 883 dicendum,
475 816 538 881 qnod
552 833 567 866 «
581 816 675 867 initium
693 815 812 879 sapientie
826 833 841 863 n
865 820 958 881 potest

136 890 222 955 adprid
234 890 281 941 dici
295 890 415 955 dupliciter
427 904 433 939 τ
446 902 492 939 nnc
508 888 590 952 modo,
599 887 654 951 qnia
663 888 700 937 est
712 886 803 936 initium
815 887 901 951 ipsius
916 903 956 940 sa·

135 960 228 1026 pientia
243 965 353 1026 quantum
366 962 395 1011 ad
411 960 461 1025 ejus
473 958 612 1022 essentiam
628 957 673 1007 aiio
688 958 769 1019 modo,
782 962 904 1021 qnantum
924 962 957 1011 ad

136 1033 188 1097 ejus
203 1034 318 1085 effecum
337 1032 402 1083 Sicut
419 1030 514 1081 initium
529 1030 585 1081 artis
604 1030 731 1080 seeundum
748 1030 800 1093 eius
817 1032 955 1083 mantiam

136 1107 191 1155 enni
209 1104 323 1170 principia
338 1116 368 1154 ex
387 1102 472 1166 quibus
488 1101 594 1167 procedit
615 1114 666 1165 ars·,
680 1098 770 1149 initium
789 1104 873 1153 autem
893 1104 955 1155 artis

136 1178 260 1227 secundnm
273 1176 323 1240 ejus
336 1174 442 1225 edoctum
454 1177 489 1225 est
501 1174 562 1224 unde
572 1172 656 1237 incipit
669 1184 705 1222 ars
716 1173 807 1236 operari
825 1189 832 1225 ε
848 1175 917 1226 sicca
931 1176 954 1226 si

136 1246 251 1309 dieamus,
263 1245 324 1309 qnod
335 1244 472 1309 principium
481 1244 538 1295 adis
551 1244 693 1296 aedificativa
708 1246 744 1295 ost
754 1244 951 1309 fundamentum,

107 1357 110 1362 .
136 1318 191 1380 qnia
208 1316 238 1366 ibi
258 1314 340 1379 incipit
355 1312 478 1367 edificator
495 1316 594 1379 operari.
611 1314 758 1365 (limantem
778 1317 900 1381 sapientia
920 1320 954 1369 sit

135 1386 236 1451 cognitio
252 1386 397 1451 divinorum,
410 1390 438 1437 ut
456 1386 613 1441 inirtdicitur
630 1389 686 1451 (qn.
707 1387 771 1449 tt),
783 1388 853 1439 aliter
867 1391 952 1442 consi-

136 1460 226 1512 deratur
236 1460 250 1511 t
260 1462 342 1526 nobie,
355 1464 379 1513 et
392 1461 457 1511 atiter
470 1461 484 1511 t
498 1461 651 1525 philosophis.
662 1460 790 1519 donanim
800 1462 850 1512 vita
862 1469 951 1515 nostra

136 1530 164 1583 ad
180 1532 279 1584 divinam
292 1534 425 1585 fruitionem
437 1530 564 1596 ordinatur,
576 1534 600 1581 et
608 1530 713 1595 dirigitur
723 1534 847 1583 mudum
859 1548 951 1599 qnam-

136 1602 187 1654 dam
198 1604 395 1670 participationum
415 1602 497 1655 divine
508 1606 612 1665 nature,
623 1616 675 1667 qna
686 1606 724 1653 cst
736 1616 779 1667 per
789 1605 947 1673 granam(t);

135 1676 261 1741 sapientia,
278 1677 403 1728 secuudum
417 1688 476 1739 nos,
492 1687 541 1725 non
559 1675 633 1725 sotum
645 1675 801 1725 consideratur
815 1679 842 1726 ut
855 1682 897 1729 est
910 1693 950 1730 cc·

137 1746 265 1811 gnoscitiva
280 1747 335 1812 liei,
349 1748 409 1799 sicut
424 1746 485 1811 apud
498 1745 663 1811 philosophos,
677 1746 799 1797 sedetiam
811 1750 839 1798 ut
855 1753 896 1801 est
912 1751 948 1801 di·

136 1817 223 1869 reciira
243 1820 349 1870 tamone
370 1818 439 1881 site,
453 1829 504 1881 quae
526 1830 574 1867 non
593 1817 667 1867 solum
687 1816 791 1879 dirigitur
814 1822 948 1872 secundum

137 1890 238 1940 rationes
255 1890 380 1950 damnas,
394 1888 435 1941 sed
452 1886 524 1939 etiam
539 1888 665 1940 secundnm
678 1888 779 1939 rationes
793 1887 905 1955 dunas,
923 1897 948 1943 ut

137 1963 201 2025 patet
214 1973 255 2025 per
273 1960 424 2025 Augustinnm
443 1960 495 2011 xil.
519 1961 557 2011 Da
572 1960 641 2011 Tria.
657 1959 726 2026 (cap.
749 1963 780 2010 ti
791 1959 811 2026 ).
833 1962 874 2014 Sic
890 1978 946 2029 ergo

136 2030 227 2083 initium
239 2031 357 2095 sapientiae
371 2032 496 2083 secundum
515 2030 567 2095 ejus
580 2030 701 2083 mutiam
716 2035 770 2083 sunt
782 2032 859 2097 prima
876 2037 945 2099 prin·

138 2102 199 2167 cipia
219 2102 350 2167 sapientie,
365 2117 415 2169 pua
438 2107 492 2155 suut
509 2103 599 2154 mccli
617 2103 670 2154 fidei
684 2119 691 2151 z
705 2106 729 2154 et
749 2105 878 2156 secundum
900 2110 945 2160 hoc

137 2174 194 2225 tides
212 2172 292 2226 dicitur
303 2175 420 2239 sapientie
431 2174 531 2227 initians
542 2174 586 2226 Sed
597 2177 708 2239 quantum
718 2174 747 2224 ad
759 2175 868 2227 effectum
876 2216 887 2242 ,
899 2180 944 2230 ini-

137 2244 195 2296 tium
209 2244 327 2309 sapientie
342 2249 378 2297 est
387 2246 448 2298 unde
458 2244 573 2312 sapientia
582 2244 663 2310 incipit
670 2246 760 2312 operari
769 2262 776 2297 ι
785 2250 809 2298 et
818 2250 864 2299 hoc
875 2253 944 2303 modo

136 2315 205 2367 timor
224 2318 259 2367 est
276 2315 367 2367 initium
385 2318 512 2382 sapientie.
527 2318 599 2368 Aliter
614 2321 691 2369 tamen
707 2318 776 2370 timor
795 2320 900 2386 servilis,
920 2326 944 2373 et

137 2386 204 2439 aliter
216 2389 285 2440 timor
302 2388 385 2445 filialis.
401 2390 478 2441 Timor
495 2390 559 2441 enim
571 2389 660 2443 serviis
677 2393 714 2442 est
730 2388 790 2441 sient
802 2390 943 2459 principium

135 2463 214 2523 extra,
231 2459 354 2525 disponens
370 2462 397 2512 ad
420 2462 599 2531 sapientiam‘in
623 2465 734 2527 panum
757 2461 840 2527 aliquis
851 2464 942 2517 timore

146 2642 148 2647 s
172 2621 204 2685 (1)
220 2626 289 2672 Juxta
302 2624 358 2671 illud
376 2626 408 2672 11.
426 2628 507 2678 Patr„
519 2628 545 2687 1,
561 2636 622 2673 vers.
634 2624 651 2670 d
664 2642 672 2670 ι
686 2626 736 2672 Per
747 2637 818 2685 poem
837 2625 941 2688 (scilicet

137 2684 266 2749 consum)
286 2686 356 2735 notia
368 2700 458 2747 mecm
473 2692 494 2735 ct
512 2691 623 2747 pretioso
637 2691 762 2748 promisso
780 2690 900 2744 demit,
913 2697 941 2739 ast

136 2760 184 2807 ρον
200 2750 249 2795 darc
266 2750 401 2809 officiumne
419 2751 513 2797 dicim
525 2755 645 2799 ammos
654 2754 761 2803 ustura,
770 2754 808 2798 rei
821 2765 852 2799 ex
865 2767 940 2812 grccc

138 2808 253 2877 κοινωνοὶ,
276 2814 343 2869 suasi
363 2814 550 2873 comparticipes
565 2815 610 2878 lr'et
633 2815 657 2859 in
680 2816 732 2873 ejus
750 2816 938 2867 communionem

140 2882 263 2941 quindeno
274 2884 354 2947 asciti,
369 2888 416 2933 atr.
485 2926 489 2930 .
