<?xml version="1.0" encoding="UTF-8"?>
<!DOCTYPE html PUBLIC "-//W3C//DTD XHTML 1.0 Transitional//EN"
    "http://www.w3.org/TR/xhtml1/DTD/xhtml1-transitional.dtd">
<html xmlns="http://www.w3.org/1999/xhtml" xml:lang="en" lang="en">
 <head>
  <title>
</title>
<meta http-equiv="Content-Type" content="text/html;charset=utf-8" />
  <meta name='ocr-system' content='tesseract 3.04.00' />
  <meta name='ocr-capabilities' content='ocr_page ocr_carea ocr_par ocr_line ocrx_word'/>
</head>
<body>
  <div class='ocr_page' id='page_1' title='image "./summatheologica03nicogoog_0548.png"; bbox 0 0 1992 3317; ppageno 0'>
   <div class='ocr_carea' id='block_1_1' title="bbox 80 141 933 2583">
    <p class='ocr_par' dir='ltr' id='par_1_1' title="bbox 80 141 888 1572">
     <span class='ocr_line' id='line_1_1' title="bbox 203 141 886 194; baseline 0.006 -8"><span class='ocrx_word' id='word_1_1' title='bbox 203 167 205 171; x_wconf 66' lang='lat'>,</span> <span class='ocrx_word' id='word_1_2' title='bbox 307 147 338 188; x_wconf 79' lang='lat' dir='ltr'>nr</span> <span class='ocrx_word' id='word_1_3' title='bbox 352 149 517 194; x_wconf 78' lang='lat' dir='ltr'>uomrmrmrr</span> <span class='ocrx_word' id='word_1_4' title='bbox 532 149 665 190; x_wconf 77' lang='lat' dir='ltr'>surmus.</span> <span class='ocrx_word' id='word_1_5' title='bbox 839 141 886 190; x_wconf 79' lang='lat' dir='ltr'>stt</span> 
     </span>
     <span class='ocr_line' id='line_1_2' title="bbox 87 223 887 292; baseline 0.001 -14"><span class='ocrx_word' id='word_1_6' title='bbox 87 225 172 278; x_wconf 75' lang='lat' dir='ltr'>civit.</span> <span class='ocrx_word' id='word_1_7' title='bbox 187 223 236 276; x_wconf 84' lang='lat' dir='ltr'>Dei</span> <span class='ocrx_word' id='word_1_8' title='bbox 248 225 314 290; x_wconf 85' lang='lat' dir='ltr'>(esp.</span> <span class='ocrx_word' id='word_1_9' title='bbox 328 225 358 288; x_wconf 82' lang='lat' dir='ltr'>t)</span> <span class='ocrx_word' id='word_1_10' title='bbox 375 241 381 276; x_wconf 92' lang='lat'>:</span> <span class='ocrx_word' id='word_1_11' title='bbox 399 227 444 278; x_wconf 86' lang='lat' dir='ltr'>«Si</span> <span class='ocrx_word' id='word_1_12' title='bbox 456 230 576 292; x_wconf 85' lang='lat' dir='ltr'>propterea</span> <span class='ocrx_word' id='word_1_13' title='bbox 590 227 686 290; x_wconf 85' lang='lat' dir='ltr'>quisque</span> <span class='ocrx_word' id='word_1_14' title='bbox 700 226 846 291; x_wconf 73' lang='lat' dir='ltr'>objurgandis</span> <span class='ocrx_word' id='word_1_15' title='bbox 861 233 887 279; x_wconf 91' lang='lat' dir='ltr'>et</span> 
     </span>
     <span class='ocr_line' id='line_1_3' title="bbox 80 295 884 363; baseline 0.001 -15"><span class='ocrx_word' id='word_1_16' title='bbox 80 297 236 362; x_wconf 88' lang='lat' dir='ltr'>eorripiendis</span> <span class='ocrx_word' id='word_1_17' title='bbox 254 295 313 348; x_wconf 81' lang='lat' dir='ltr'>malt</span> <span class='ocrx_word' id='word_1_18' title='bbox 330 297 448 360; x_wconf 77' lang='lat' dir='ltr'>agenbbus</span> <span class='ocrx_word' id='word_1_19' title='bbox 462 299 549 362; x_wconf 88' lang='lat' dir='ltr'>pareit,</span> <span class='ocrx_word' id='word_1_20' title='bbox 559 298 613 362; x_wconf 89' lang='lat' dir='ltr'>qnia</span> <span class='ocrx_word' id='word_1_21' title='bbox 625 301 779 362; x_wconf 84' lang='lat' dir='ltr'>opportunum</span> <span class='ocrx_word' id='word_1_22' title='bbox 792 302 884 363; x_wconf 88' lang='lat' dir='ltr'>tempos</span> 
     </span>
     <span class='ocr_line' id='line_1_4' title="bbox 81 368 884 434; baseline 0.001 -14"><span class='ocrx_word' id='word_1_23' title='bbox 81 369 220 433; x_wconf 78' lang='lat' dir='ltr'>inquiritur,</span> <span class='ocrx_word' id='word_1_24' title='bbox 236 369 273 419; x_wconf 88' lang='lat' dir='ltr'>rel</span> <span class='ocrx_word' id='word_1_25' title='bbox 287 369 371 420; x_wconf 80' lang='lat' dir='ltr'>eudem</span> <span class='ocrx_word' id='word_1_26' title='bbox 386 369 442 434; x_wconf 86' lang='lat' dir='ltr'>ipsis</span> <span class='ocrx_word' id='word_1_27' title='bbox 453 368 535 421; x_wconf 71' lang='lat' dir='ltr'>uetuit</span> <span class='ocrx_word' id='word_1_28' title='bbox 547 383 577 420; x_wconf 92' lang='lat' dir='ltr'>ne</span> <span class='ocrx_word' id='word_1_29' title='bbox 590 371 713 420; x_wconf 87' lang='lat' dir='ltr'>deteriores</span> <span class='ocrx_word' id='word_1_30' title='bbox 727 384 756 420; x_wconf 88' lang='lat' dir='ltr'>er</span> <span class='ocrx_word' id='word_1_31' title='bbox 772 371 818 421; x_wconf 90' lang='lat' dir='ltr'>boe</span> <span class='ocrx_word' id='word_1_32' title='bbox 831 371 884 421; x_wconf 69' lang='lat' dir='ltr'>eid·-</span> 
     </span>
     <span class='ocr_line' id='line_1_5' title="bbox 82 440 888 506; baseline 0.001 -14"><span class='ocrx_word' id='word_1_33' title='bbox 82 441 187 501; x_wconf 87' lang='lat' dir='ltr'>eiantur,</span> <span class='ocrx_word' id='word_1_34' title='bbox 204 441 240 490; x_wconf 87' lang='lat' dir='ltr'>rel</span> <span class='ocrx_word' id='word_1_35' title='bbox 253 441 282 490; x_wconf 86' lang='lat' dir='ltr'>ed</span> <span class='ocrx_word' id='word_1_36' title='bbox 299 441 382 492; x_wconf 86' lang='lat' dir='ltr'>bonam</span> <span class='ocrx_word' id='word_1_37' title='bbox 398 440 466 493; x_wconf 82' lang='lat' dir='ltr'>vitam</span> <span class='ocrx_word' id='word_1_38' title='bbox 487 445 512 492; x_wconf 91' lang='lat' dir='ltr'>et</span> <span class='ocrx_word' id='word_1_39' title='bbox 524 441 586 505; x_wconf 84' lang='lat' dir='ltr'>piam</span> <span class='ocrx_word' id='word_1_40' title='bbox 605 440 740 494; x_wconf 89' lang='lat' dir='ltr'>erudiendos</span> <span class='ocrx_word' id='word_1_41' title='bbox 761 442 888 506; x_wconf 83' lang='lat' dir='ltr'>impediunt</span> 
     </span>
     <span class='ocr_line' id='line_1_6' title="bbox 83 511 887 578; baseline 0.001 -16"><span class='ocrx_word' id='word_1_42' title='bbox 83 511 144 564; x_wconf 86' lang='lat' dir='ltr'>alios</span> <span class='ocrx_word' id='word_1_43' title='bbox 159 511 261 562; x_wconf 78' lang='lat' dir='ltr'>infirmos</span> <span class='ocrx_word' id='word_1_44' title='bbox 273 515 296 562; x_wconf 88' lang='lat' dir='ltr'>et</span> <span class='ocrx_word' id='word_1_45' title='bbox 307 515 423 576; x_wconf 86' lang='lat' dir='ltr'>premant,</span> <span class='ocrx_word' id='word_1_46' title='bbox 440 515 507 576; x_wconf 82' lang='lat' dir='ltr'>atque</span> <span class='ocrx_word' id='word_1_47' title='bbox 521 517 625 564; x_wconf 71' lang='lat' dir='ltr'>averunt</span> <span class='ocrx_word' id='word_1_48' title='bbox 636 511 718 578; x_wconf 80' lang='lat' dir='ltr'>abde,</span> <span class='ocrx_word' id='word_1_49' title='bbox 733 527 780 564; x_wconf 90' lang='lat' dir='ltr'>non</span> <span class='ocrx_word' id='word_1_50' title='bbox 798 513 887 564; x_wconf 83' lang='lat' dir='ltr'>ridetur</span> 
     </span>
     <span class='ocr_line' id='line_1_7' title="bbox 84 582 885 647; baseline 0 -13"><span class='ocrx_word' id='word_1_51' title='bbox 84 597 139 636; x_wconf 88' lang='lat' dir='ltr'>esse</span> <span class='ocrx_word' id='word_1_52' title='bbox 155 582 286 647; x_wconf 69' lang='lat' dir='ltr'>cupiditatis</span> <span class='ocrx_word' id='word_1_53' title='bbox 295 583 398 645; x_wconf 75' lang='lat' dir='ltr'>occasio,</span> <span class='ocrx_word' id='word_1_54' title='bbox 411 583 580 636; x_wconf 84' lang='lat' dir='ltr'>sedebusilium</span> <span class='ocrx_word' id='word_1_55' title='bbox 593 583 719 636; x_wconf 84' lang='lat' dir='ltr'>eharitatis.</span> <span class='ocrx_word' id='word_1_56' title='bbox 728 601 743 632; x_wconf 82' lang='lat' dir='ltr'>n</span> <span class='ocrx_word' id='word_1_57' title='bbox 754 583 804 634; x_wconf 88' lang='lat' dir='ltr'>lllio</span> <span class='ocrx_word' id='word_1_58' title='bbox 818 583 885 635; x_wconf 82' lang='lat' dir='ltr'>mrrdo</span> 
     </span>
     <span class='ocr_line' id='line_1_8' title="bbox 81 653 886 719; baseline 0 -13"><span class='ocrx_word' id='word_1_59' title='bbox 81 653 265 718; x_wconf 76' lang='lat' dir='ltr'>pretermittitur</span> <span class='ocrx_word' id='word_1_60' title='bbox 275 653 374 704; x_wconf 88' lang='lat' dir='ltr'>lratema</span> <span class='ocrx_word' id='word_1_61' title='bbox 383 655 491 705; x_wconf 83' lang='lat' dir='ltr'>eorrectio</span> <span class='ocrx_word' id='word_1_62' title='bbox 503 668 554 703; x_wconf 87' lang='lat' dir='ltr'>eum</span> <span class='ocrx_word' id='word_1_63' title='bbox 563 658 656 718; x_wconf 88' lang='lat' dir='ltr'>peeeato</span> <span class='ocrx_word' id='word_1_64' title='bbox 667 655 764 719; x_wconf 83' lang='lat' dir='ltr'>mortali,</span> <span class='ocrx_word' id='word_1_65' title='bbox 776 656 886 718; x_wconf 82' lang='lat' dir='ltr'>«quando</span> 
     </span>
     <span class='ocr_line' id='line_1_9' title="bbox 83 723 887 790; baseline 0.001 -15"><span class='ocrx_word' id='word_1_66' title='bbox 83 724 175 776; x_wconf 83' lang='lat' dir='ltr'>seilicet</span> <span class='ocrx_word' id='word_1_67' title='bbox 194 723 325 776; x_wconf 79' lang='lat' dir='ltr'>formidatur</span> <span class='ocrx_word' id='word_1_68' title='bbox 339 725 381 790; x_wconf 92' lang='lat' dir='ltr'>(ut</span> <span class='ocrx_word' id='word_1_69' title='bbox 399 725 431 775; x_wconf 94' lang='lat' dir='ltr'>ibi</span> <span class='ocrx_word' id='word_1_70' title='bbox 449 724 548 788; x_wconf 89' lang='lat' dir='ltr'>dicitur)</span> <span class='ocrx_word' id='word_1_71' title='bbox 561 725 672 788; x_wconf 79' lang='lat' dir='ltr'>judicium</span> <span class='ocrx_word' id='word_1_72' title='bbox 694 726 757 790; x_wconf 76' lang='lat' dir='ltr'>uulgi</span> <span class='ocrx_word' id='word_1_73' title='bbox 770 730 794 776; x_wconf 91' lang='lat' dir='ltr'>et</span> <span class='ocrx_word' id='word_1_74' title='bbox 811 725 887 776; x_wconf 86' lang='lat' dir='ltr'>earnis</span> 
     </span>
     <span class='ocr_line' id='line_1_10' title="bbox 83 794 887 860; baseline -0.001 -13"><span class='ocrx_word' id='word_1_75' title='bbox 83 794 202 848; x_wconf 74' lang='lat' dir='ltr'>excusatio</span> <span class='ocrx_word' id='word_1_76' title='bbox 220 796 258 846; x_wconf 87' lang='lat' dir='ltr'>ret</span> <span class='ocrx_word' id='word_1_77' title='bbox 277 797 419 860; x_wconf 90' lang='lat' dir='ltr'>peremptio,</span> <span class='ocrx_word' id='word_1_78' title='bbox 431 797 484 846; x_wconf 88' lang='lat' dir='ltr'>dum</span> <span class='ocrx_word' id='word_1_79' title='bbox 504 800 579 846; x_wconf 86' lang='lat' dir='ltr'>tamen</span> <span class='ocrx_word' id='word_1_80' title='bbox 594 797 643 847; x_wconf 77' lang='lat' dir='ltr'>bue</span> <span class='ocrx_word' id='word_1_81' title='bbox 657 797 690 846; x_wconf 85' lang='lat' dir='ltr'>ita</span> <span class='ocrx_word' id='word_1_82' title='bbox 707 797 851 848; x_wconf 87' lang='lat' dir='ltr'>dominentur</span> <span class='ocrx_word' id='word_1_83' title='bbox 862 796 887 846; x_wconf 92' lang='lat' dir='ltr'>in</span> 
     </span>
     <span class='ocr_line' id='line_1_11' title="bbox 85 866 887 932; baseline -0.005 -13"><span class='ocrx_word' id='word_1_84' title='bbox 85 867 173 931; x_wconf 86' lang='lat' dir='ltr'>animo,</span> <span class='ocrx_word' id='word_1_85' title='bbox 183 866 243 930; x_wconf 90' lang='lat' dir='ltr'>qnbd</span> <span class='ocrx_word' id='word_1_86' title='bbox 261 867 365 918; x_wconf 80' lang='lat' dir='ltr'>fraterne</span> <span class='ocrx_word' id='word_1_87' title='bbox 379 866 485 918; x_wconf 82' lang='lat' dir='ltr'>charitati</span> <span class='ocrx_word' id='word_1_88' title='bbox 499 872 666 932; x_wconf 73' lang='lat' dir='ltr'>proponantur.</span> <span class='ocrx_word' id='word_1_89' title='bbox 677 884 690 914; x_wconf 85' lang='lat' dir='ltr'>n</span> <span class='ocrx_word' id='word_1_90' title='bbox 700 868 729 917; x_wconf 81' lang='lat' dir='ltr'>lit</span> <span class='ocrx_word' id='word_1_91' title='bbox 742 869 785 918; x_wconf 88' lang='lat' dir='ltr'>boe</span> <span class='ocrx_word' id='word_1_92' title='bbox 798 868 887 919; x_wconf 83' lang='lat' dir='ltr'>ridetur</span> 
     </span>
     <span class='ocr_line' id='line_1_12' title="bbox 84 937 886 1003; baseline -0.004 -12"><span class='ocrx_word' id='word_1_93' title='bbox 84 939 233 1002; x_wconf 76' lang='lat' dir='ltr'>contingere,</span> <span class='ocrx_word' id='word_1_94' title='bbox 248 939 338 1002; x_wconf 89' lang='lat' dir='ltr'>quando</span> <span class='ocrx_word' id='word_1_95' title='bbox 358 938 439 1003; x_wconf 84' lang='lat' dir='ltr'>aliquis</span> <span class='ocrx_word' id='word_1_96' title='bbox 459 939 604 1003; x_wconf 83' lang='lat' dir='ltr'>probabiliter</span> <span class='ocrx_word' id='word_1_97' title='bbox 628 937 745 1001; x_wconf 80' lang='lat' dir='ltr'>praesumit</span> <span class='ocrx_word' id='word_1_98' title='bbox 762 940 790 988; x_wconf 93' lang='lat' dir='ltr'>de</span> <span class='ocrx_word' id='word_1_99' title='bbox 810 938 886 1002; x_wconf 86' lang='lat' dir='ltr'>aliquo</span> 
     </span>
     <span class='ocr_line' id='line_1_13' title="bbox 84 1009 887 1074; baseline -0.005 -12"><span class='ocrx_word' id='word_1_100' title='bbox 84 1011 248 1074; x_wconf 82' lang='lat' dir='ltr'>delinquente,</span> <span class='ocrx_word' id='word_1_101' title='bbox 268 1009 328 1073; x_wconf 86' lang='lat' dir='ltr'>qubd</span> <span class='ocrx_word' id='word_1_102' title='bbox 347 1014 424 1074; x_wconf 86' lang='lat' dir='ltr'>posset</span> <span class='ocrx_word' id='word_1_103' title='bbox 438 1022 490 1060; x_wconf 87' lang='lat' dir='ltr'>eum</span> <span class='ocrx_word' id='word_1_104' title='bbox 504 1009 619 1074; x_wconf 80' lang='lat' dir='ltr'>lpeemto</span> <span class='ocrx_word' id='word_1_105' title='bbox 634 1011 761 1071; x_wconf 89' lang='lat' dir='ltr'>retrabere,</span> <span class='ocrx_word' id='word_1_106' title='bbox 774 1013 887 1059; x_wconf 88' lang='lat' dir='ltr'>ettamen</span> 
     </span>
     <span class='ocr_line' id='line_1_14' title="bbox 84 1080 887 1150; baseline -0.002 -18"><span class='ocrx_word' id='word_1_107' title='bbox 84 1085 180 1150; x_wconf 87' lang='lat' dir='ltr'>propter</span> <span class='ocrx_word' id='word_1_108' title='bbox 200 1081 305 1132; x_wconf 87' lang='lat' dir='ltr'>timorem</span> <span class='ocrx_word' id='word_1_109' title='bbox 325 1083 362 1131; x_wconf 90' lang='lat' dir='ltr'>rel</span> <span class='ocrx_word' id='word_1_110' title='bbox 384 1081 534 1146; x_wconf 73' lang='lat' dir='ltr'>cupiditatem</span> <span class='ocrx_word' id='word_1_111' title='bbox 552 1080 710 1145; x_wconf 81' lang='lat' dir='ltr'>pretermittit.</span> <span class='ocrx_word' id='word_1_112' title='bbox 729 1080 806 1131; x_wconf 80' lang='lat' dir='ltr'>Tertio</span> <span class='ocrx_word' id='word_1_113' title='bbox 819 1081 887 1130; x_wconf 87' lang='lat' dir='ltr'>modo</span> 
     </span>
     <span class='ocr_line' id='line_1_15' title="bbox 85 1151 886 1218; baseline -0.005 -14"><span class='ocrx_word' id='word_1_114' title='bbox 85 1151 319 1218; x_wconf 80' lang='lat' dir='ltr'>hujusmodi&#39;onrissio</span> <span class='ocrx_word' id='word_1_115' title='bbox 332 1156 371 1204; x_wconf 90' lang='lat' dir='ltr'>est</span> <span class='ocrx_word' id='word_1_116' title='bbox 383 1157 500 1216; x_wconf 81' lang='lat' dir='ltr'>peecatum</span> <span class='ocrx_word' id='word_1_117' title='bbox 510 1153 609 1216; x_wconf 85' lang='lat' dir='ltr'>reniale,</span> <span class='ocrx_word' id='word_1_118' title='bbox 621 1153 711 1216; x_wconf 72' lang='lat' dir='ltr'>quanm</span> <span class='ocrx_word' id='word_1_119' title='bbox 724 1152 791 1202; x_wconf 87' lang='lat' dir='ltr'>timor</span> <span class='ocrx_word' id='word_1_120' title='bbox 803 1155 827 1202; x_wconf 91' lang='lat' dir='ltr'>et</span> <span class='ocrx_word' id='word_1_121' title='bbox 844 1165 886 1202; x_wconf 86' lang='lat' dir='ltr'>eo-</span> 
     </span>
     <span class='ocr_line' id='line_1_16' title="bbox 86 1223 883 1290; baseline -0.004 -15"><span class='ocrx_word' id='word_1_122' title='bbox 86 1225 174 1290; x_wconf 83' lang='lat' dir='ltr'>piditas</span> <span class='ocrx_word' id='word_1_123' title='bbox 189 1223 312 1276; x_wconf 82' lang='lat' dir='ltr'>tardiorem</span> <span class='ocrx_word' id='word_1_124' title='bbox 325 1223 412 1276; x_wconf 85' lang='lat' dir='ltr'>iaeinnt</span> <span class='ocrx_word' id='word_1_125' title='bbox 423 1224 539 1276; x_wconf 85' lang='lat' dir='ltr'>bominem</span> <span class='ocrx_word' id='word_1_126' title='bbox 550 1226 579 1275; x_wconf 84' lang='lat' dir='ltr'>ad</span> <span class='ocrx_word' id='word_1_127' title='bbox 592 1223 733 1289; x_wconf 86' lang='lat' dir='ltr'>corripienda</span> <span class='ocrx_word' id='word_1_128' title='bbox 744 1223 826 1274; x_wconf 81' lang='lat' dir='ltr'>debete</span> <span class='ocrx_word' id='word_1_129' title='bbox 835 1223 883 1273; x_wconf 86' lang='lat' dir='ltr'>lra-</span> 
     </span>
     <span class='ocr_line' id='line_1_17' title="bbox 86 1293 888 1360; baseline -0.001 -14"><span class='ocrx_word' id='word_1_130' title='bbox 86 1296 144 1360; x_wconf 74' lang='lat' dir='ltr'>tris,</span> <span class='ocrx_word' id='word_1_131' title='bbox 159 1298 295 1356; x_wconf 86' lang='lat' dir='ltr'>nontamen</span> <span class='ocrx_word' id='word_1_132' title='bbox 307 1293 413 1358; x_wconf 87' lang='lat' dir='ltr'>itaqubd</span> <span class='ocrx_word' id='word_1_133' title='bbox 429 1295 450 1346; x_wconf 90' lang='lat' dir='ltr'>si</span> <span class='ocrx_word' id='word_1_134' title='bbox 462 1295 484 1346; x_wconf 89' lang='lat' dir='ltr'>ei</span> <span class='ocrx_word' id='word_1_135' title='bbox 498 1299 612 1348; x_wconf 73' lang='lat' dir='ltr'>mmmm</span> <span class='ocrx_word' id='word_1_136' title='bbox 626 1295 687 1359; x_wconf 90' lang='lat' dir='ltr'>qubd</span> <span class='ocrx_word' id='word_1_137' title='bbox 704 1295 795 1346; x_wconf 81' lang='lat' dir='ltr'>tratrem</span> <span class='ocrx_word' id='word_1_138' title='bbox 809 1299 888 1359; x_wconf 85' lang='lat' dir='ltr'>posset</span> 
     </span>
     <span class='ocr_line' id='line_1_18' title="bbox 86 1366 886 1432; baseline -0.001 -13"><span class='ocrx_word' id='word_1_139' title='bbox 86 1367 99 1418; x_wconf 83' lang='lat' dir='ltr'>l</span> <span class='ocrx_word' id='word_1_140' title='bbox 110 1370 204 1432; x_wconf 83' lang='lat' dir='ltr'>peceato</span> <span class='ocrx_word' id='word_1_141' title='bbox 213 1369 335 1430; x_wconf 82' lang='lat' dir='ltr'>retrahere,</span> <span class='ocrx_word' id='word_1_142' title='bbox 347 1369 439 1430; x_wconf 90' lang='lat' dir='ltr'>propter</span> <span class='ocrx_word' id='word_1_143' title='bbox 448 1367 554 1418; x_wconf 85' lang='lat' dir='ltr'>timorem</span> <span class='ocrx_word' id='word_1_144' title='bbox 563 1367 601 1417; x_wconf 91' lang='lat' dir='ltr'>rel</span> <span class='ocrx_word' id='word_1_145' title='bbox 609 1366 886 1430; x_wconf 84' lang='lat' dir='ltr'>eupiditrtemomitteret,</span> 
     </span>
     <span class='ocr_line' id='line_1_19' title="bbox 86 1437 886 1503; baseline -0.003 -15"><span class='ocrx_word' id='word_1_146' title='bbox 86 1439 169 1503; x_wconf 89' lang='lat' dir='ltr'>quibus</span> <span class='ocrx_word' id='word_1_147' title='bbox 181 1437 207 1488; x_wconf 93' lang='lat' dir='ltr'>in</span> <span class='ocrx_word' id='word_1_148' title='bbox 224 1437 300 1490; x_wconf 86' lang='lat' dir='ltr'>animo</span> <span class='ocrx_word' id='word_1_149' title='bbox 316 1451 357 1490; x_wconf 91' lang='lat' dir='ltr'>suo</span> <span class='ocrx_word' id='word_1_150' title='bbox 375 1438 487 1502; x_wconf 80' lang='lat' dir='ltr'>praeponit</span> <span class='ocrx_word' id='word_1_151' title='bbox 506 1437 638 1488; x_wconf 67' lang='lat' dir='ltr'>ebantamm</span> <span class='ocrx_word' id='word_1_152' title='bbox 651 1438 779 1488; x_wconf 84' lang='lat' dir='ltr'>iratemam.</span> <span class='ocrx_word' id='word_1_153' title='bbox 795 1439 824 1488; x_wconf 82' lang='lat' dir='ltr'>tlt</span> <span class='ocrx_word' id='word_1_154' title='bbox 842 1438 886 1487; x_wconf 89' lang='lat' dir='ltr'>boe</span> 
     </span>
     <span class='ocr_line' id='line_1_20' title="bbox 87 1508 885 1572; baseline -0.003 -12"><span class='ocrx_word' id='word_1_155' title='bbox 87 1510 156 1562; x_wconf 84' lang='lat' dir='ltr'>modo</span> <span class='ocrx_word' id='word_1_156' title='bbox 168 1509 303 1572; x_wconf 86' lang='lat' dir='ltr'>quandoque</span> <span class='ocrx_word' id='word_1_157' title='bbox 319 1508 363 1558; x_wconf 87' lang='lat' dir='ltr'>riri</span> <span class='ocrx_word' id='word_1_158' title='bbox 376 1509 448 1560; x_wconf 85' lang='lat' dir='ltr'>saneti</span> <span class='ocrx_word' id='word_1_159' title='bbox 461 1508 579 1572; x_wconf 77' lang='lat' dir='ltr'>negligunt</span> <span class='ocrx_word' id='word_1_160' title='bbox 592 1509 704 1572; x_wconf 74' lang='lat' dir='ltr'>corrigere</span> <span class='ocrx_word' id='word_1_161' title='bbox 715 1509 885 1572; x_wconf 79' lang='lat' dir='ltr'>delinquentes.</span> 
     </span>
    </p>

    <p class='ocr_par' dir='ltr' id='par_1_2' title="bbox 84 1579 933 2583">
     <span class='ocr_line' id='line_1_21' title="bbox 116 1579 933 1644; baseline -0.002 -12"><span class='ocrx_word' id='word_1_162' title='bbox 116 1582 150 1632; x_wconf 85' lang='lat' dir='ltr'>lid</span> <span class='ocrx_word' id='word_1_163' title='bbox 165 1583 270 1644; x_wconf 82' lang='lat' dir='ltr'>quartuor</span> <span class='ocrx_word' id='word_1_164' title='bbox 283 1579 417 1640; x_wconf 86' lang='lat' dir='ltr'>dicendum,</span> <span class='ocrx_word' id='word_1_165' title='bbox 432 1579 493 1644; x_wconf 88' lang='lat' dir='ltr'>qubd</span> <span class='ocrx_word' id='word_1_166' title='bbox 508 1579 565 1630; x_wconf 91' lang='lat' dir='ltr'>illud</span> <span class='ocrx_word' id='word_1_167' title='bbox 581 1580 641 1643; x_wconf 90' lang='lat' dir='ltr'>quod</span> <span class='ocrx_word' id='word_1_168' title='bbox 654 1580 749 1630; x_wconf 90' lang='lat' dir='ltr'>debetur</span> <span class='ocrx_word' id='word_1_169' title='bbox 760 1580 830 1630; x_wconf 88' lang='lat' dir='ltr'>ulieni</span> <span class='ocrx_word' id='word_1_170' title='bbox 846 1580 886 1630; x_wconf 90' lang='lat' dir='ltr'>de·</span> <span class='ocrx_word' id='word_1_171' title='bbox 926 1627 933 1639; x_wconf 82' lang='grc'><em>,</em></span> 
     </span>
     <span class='ocr_line' id='line_1_22' title="bbox 85 1650 887 1718; baseline -0.007 -12"><span class='ocrx_word' id='word_1_172' title='bbox 85 1653 214 1706; x_wconf 51' lang='lat' dir='ltr'>terminate¹</span> <span class='ocrx_word' id='word_1_173' title='bbox 226 1655 251 1703; x_wconf 89' lang='lat' dir='ltr'>et</span> <span class='ocrx_word' id='word_1_174' title='bbox 267 1656 335 1704; x_wconf 80' lang='lat' dir='ltr'>certe</span> <span class='ocrx_word' id='word_1_175' title='bbox 352 1665 469 1716; x_wconf 79' lang='lat' dir='ltr'>persone,</span> <span class='ocrx_word' id='word_1_176' title='bbox 481 1651 531 1702; x_wconf 88' lang='lat' dir='ltr'>sire</span> <span class='ocrx_word' id='word_1_177' title='bbox 544 1652 574 1702; x_wconf 90' lang='lat' dir='ltr'>sit</span> <span class='ocrx_word' id='word_1_178' title='bbox 591 1653 676 1702; x_wconf 88' lang='lat' dir='ltr'>bonnm</span> <span class='ocrx_word' id='word_1_179' title='bbox 694 1652 824 1718; x_wconf 82' lang='lat' dir='ltr'>eorporale,</span> <span class='ocrx_word' id='word_1_180' title='bbox 838 1650 887 1700; x_wconf 86' lang='lat' dir='ltr'>sire</span> 
     </span>
     <span class='ocr_line' id='line_1_23' title="bbox 86 1723 887 1792; baseline -0.007 -14"><span class='ocrx_word' id='word_1_181' title='bbox 86 1726 221 1792; x_wconf 84' lang='lat' dir='ltr'>spirituale,</span> <span class='ocrx_word' id='word_1_182' title='bbox 241 1729 329 1790; x_wconf 90' lang='lat' dir='ltr'>oportet</span> <span class='ocrx_word' id='word_1_183' title='bbox 349 1723 409 1789; x_wconf 86' lang='lat' dir='ltr'>qudd</span> <span class='ocrx_word' id='word_1_184' title='bbox 427 1725 447 1776; x_wconf 94' lang='lat' dir='ltr'>ei</span> <span class='ocrx_word' id='word_1_185' title='bbox 474 1725 648 1788; x_wconf 84' lang='lat' dir='ltr'>impendamus,</span> <span class='ocrx_word' id='word_1_186' title='bbox 667 1737 713 1774; x_wconf 89' lang='lat' dir='ltr'>non</span> <span class='ocrx_word' id='word_1_187' title='bbox 739 1725 887 1787; x_wconf 79' lang='lat' dir='ltr'>expectantes</span> 
     </span>
     <span class='ocr_line' id='line_1_24' title="bbox 85 1796 888 1866; baseline -0.007 -16"><span class='ocrx_word' id='word_1_188' title='bbox 85 1798 146 1866; x_wconf 86' lang='lat' dir='ltr'>qubd</span> <span class='ocrx_word' id='word_1_189' title='bbox 161 1800 228 1849; x_wconf 91' lang='lat' dir='ltr'>nobis</span> <span class='ocrx_word' id='word_1_190' title='bbox 248 1802 363 1860; x_wconf 84' lang='lat' dir='ltr'>occurrat,</span> <span class='ocrx_word' id='word_1_191' title='bbox 377 1798 417 1848; x_wconf 89' lang='lat' dir='ltr'>sed</span> <span class='ocrx_word' id='word_1_192' title='bbox 433 1797 531 1848; x_wconf 90' lang='lat' dir='ltr'>debitam</span> <span class='ocrx_word' id='word_1_193' title='bbox 544 1796 717 1853; x_wconf 73' lang='lat' dir='ltr'>multitudinem</span> <span class='ocrx_word' id='word_1_194' title='bbox 738 1796 849 1846; x_wconf 87' lang='lat' dir='ltr'>babentes</span> <span class='ocrx_word' id='word_1_195' title='bbox 862 1797 888 1844; x_wconf 87' lang='lat' dir='ltr'>ut</span> 
     </span>
     <span class='ocr_line' id='line_1_25' title="bbox 85 1866 886 1935; baseline -0.011 -10"><span class='ocrx_word' id='word_1_196' title='bbox 85 1886 137 1925; x_wconf 88' lang='lat' dir='ltr'>eum</span> <span class='ocrx_word' id='word_1_197' title='bbox 154 1870 304 1935; x_wconf 82' lang='lat' dir='ltr'>inquiramus.</span> <span class='ocrx_word' id='word_1_198' title='bbox 321 1869 396 1930; x_wconf 86' lang='lat' dir='ltr'>Unde,</span> <span class='ocrx_word' id='word_1_199' title='bbox 409 1869 471 1920; x_wconf 85' lang='lat' dir='ltr'>sieut</span> <span class='ocrx_word' id='word_1_200' title='bbox 488 1867 527 1918; x_wconf 92' lang='lat' dir='ltr'>ille</span> <span class='ocrx_word' id='word_1_201' title='bbox 539 1867 578 1932; x_wconf 88' lang='lat' dir='ltr'>qui</span> <span class='ocrx_word' id='word_1_202' title='bbox 590 1868 661 1918; x_wconf 86' lang='lat' dir='ltr'>bubet</span> <span class='ocrx_word' id='word_1_203' title='bbox 673 1867 791 1931; x_wconf 68' lang='lat' dir='ltr'>pecuum</span> <span class='ocrx_word' id='word_1_204' title='bbox 812 1866 886 1917; x_wconf 89' lang='lat' dir='ltr'>eredi-</span> 
     </span>
     <span class='ocr_line' id='line_1_26' title="bbox 86 1937 886 2006; baseline -0.01 -10"><span class='ocrx_word' id='word_1_205' title='bbox 86 1944 156 2006; x_wconf 91' lang='lat' dir='ltr'>toris,</span> <span class='ocrx_word' id='word_1_206' title='bbox 170 1943 238 1992; x_wconf 89' lang='lat' dir='ltr'>debet</span> <span class='ocrx_word' id='word_1_207' title='bbox 247 1953 298 1992; x_wconf 89' lang='lat' dir='ltr'>eum</span> <span class='ocrx_word' id='word_1_208' title='bbox 310 1940 422 2004; x_wconf 88' lang='lat' dir='ltr'>requirere</span> <span class='ocrx_word' id='word_1_209' title='bbox 435 1939 488 1990; x_wconf 84' lang='lat' dir='ltr'>eim</span> <span class='ocrx_word' id='word_1_210' title='bbox 506 1943 596 2002; x_wconf 79' lang='lat' dir='ltr'>tempus</span> <span class='ocrx_word' id='word_1_211' title='bbox 609 1937 691 2002; x_wconf 87' lang='lat' dir='ltr'>luerit,</span> <span class='ocrx_word' id='word_1_212' title='bbox 709 1942 735 1989; x_wconf 93' lang='lat' dir='ltr'>nt</span> <span class='ocrx_word' id='word_1_213' title='bbox 749 1939 770 1988; x_wconf 90' lang='lat' dir='ltr'>ei</span> <span class='ocrx_word' id='word_1_214' title='bbox 786 1937 886 1989; x_wconf 86' lang='lat' dir='ltr'>debitum</span> 
     </span>
     <span class='ocr_line' id='line_1_27' title="bbox 85 2010 887 2078; baseline -0.01 -10"><span class='ocrx_word' id='word_1_215' title='bbox 85 2017 179 2078; x_wconf 85' lang='lat' dir='ltr'>reddat,</span> <span class='ocrx_word' id='word_1_216' title='bbox 189 2015 222 2064; x_wconf 91' lang='lat' dir='ltr'>ita</span> <span class='ocrx_word' id='word_1_217' title='bbox 236 2013 275 2076; x_wconf 92' lang='lat' dir='ltr'>qui</span> <span class='ocrx_word' id='word_1_218' title='bbox 287 2013 355 2062; x_wconf 85' lang='lat' dir='ltr'>babet</span> <span class='ocrx_word' id='word_1_219' title='bbox 368 2011 496 2076; x_wconf 72' lang='lat' dir='ltr'>spetialiter</span> <span class='ocrx_word' id='word_1_220' title='bbox 507 2010 542 2075; x_wconf 87' lang='lat' dir='ltr'>(l)</span> <span class='ocrx_word' id='word_1_221' title='bbox 550 2023 627 2062; x_wconf 79' lang='lat' dir='ltr'>emam</span> <span class='ocrx_word' id='word_1_222' title='bbox 638 2010 747 2075; x_wconf 82' lang='lat' dir='ltr'>alicujus,</span> <span class='ocrx_word' id='word_1_223' title='bbox 758 2011 826 2061; x_wconf 89' lang='lat' dir='ltr'>debet</span> <span class='ocrx_word' id='word_1_224' title='bbox 832 2022 887 2060; x_wconf 88' lang='lat' dir='ltr'>eum</span> 
     </span>
     <span class='ocr_line' id='line_1_28' title="bbox 88 2079 886 2154; baseline -0.009 -16"><span class='ocrx_word' id='word_1_225' title='bbox 88 2099 188 2154; x_wconf 77' lang='lat' dir='ltr'>quaerere</span> <span class='ocrx_word' id='word_1_226' title='bbox 196 2085 225 2136; x_wconf 87' lang='lat' dir='ltr'>ad</span> <span class='ocrx_word' id='word_1_227' title='bbox 234 2086 277 2136; x_wconf 89' lang='lat' dir='ltr'>boe</span> <span class='ocrx_word' id='word_1_228' title='bbox 286 2082 346 2148; x_wconf 91' lang='lat' dir='ltr'>qubd</span> <span class='ocrx_word' id='word_1_229' title='bbox 354 2097 406 2135; x_wconf 88' lang='lat' dir='ltr'>eum</span> <span class='ocrx_word' id='word_1_230' title='bbox 416 2083 513 2146; x_wconf 81' lang='lat' dir='ltr'>corrigat</span> <span class='ocrx_word' id='word_1_231' title='bbox 521 2083 549 2134; x_wconf 92' lang='lat' dir='ltr'>de</span> <span class='ocrx_word' id='word_1_232' title='bbox 559 2085 662 2147; x_wconf 80' lang='lat' dir='ltr'>peceato.</span> <span class='ocrx_word' id='word_1_233' title='bbox 673 2082 717 2133; x_wconf 86' lang='lat' dir='ltr'>Sed</span> <span class='ocrx_word' id='word_1_234' title='bbox 727 2081 766 2131; x_wconf 89' lang='lat' dir='ltr'>ilta</span> <span class='ocrx_word' id='word_1_235' title='bbox 775 2079 886 2134; x_wconf 81' lang='lat' dir='ltr'>benetteir</span> 
     </span>
     <span class='ocr_line' id='line_1_29' title="bbox 84 2152 887 2224; baseline -0.01 -14"><span class='ocrx_word' id='word_1_236' title='bbox 84 2173 135 2224; x_wconf 81' lang='lat' dir='ltr'>qum</span> <span class='ocrx_word' id='word_1_237' title='bbox 150 2170 198 2208; x_wconf 89' lang='lat' dir='ltr'>nou</span> <span class='ocrx_word' id='word_1_238' title='bbox 214 2155 324 2206; x_wconf 85' lang='lat' dir='ltr'>debentur</span> <span class='ocrx_word' id='word_1_239' title='bbox 342 2159 409 2206; x_wconf 80' lang='lat' dir='ltr'>bertae</span> <span class='ocrx_word' id='word_1_240' title='bbox 425 2167 544 2218; x_wconf 83' lang='lat' dir='ltr'>persone,</span> <span class='ocrx_word' id='word_1_241' title='bbox 559 2155 600 2204; x_wconf 90' lang='lat' dir='ltr'>sed</span> <span class='ocrx_word' id='word_1_242' title='bbox 617 2152 766 2204; x_wconf 77' lang='lat' dir='ltr'>communiter</span> <span class='ocrx_word' id='word_1_243' title='bbox 779 2153 887 2203; x_wconf 87' lang='lat' dir='ltr'>omnibus</span> 
     </span>
     <span class='ocr_line' id='line_1_30' title="bbox 85 2225 886 2302; baseline -0.011 -20"><span class='ocrx_word' id='word_1_244' title='bbox 85 2229 210 2302; x_wconf 82' lang='lat' dir='ltr'>proximis,</span> <span class='ocrx_word' id='word_1_245' title='bbox 222 2226 270 2278; x_wconf 88' lang='lat' dir='ltr'>sire</span> <span class='ocrx_word' id='word_1_246' title='bbox 279 2227 465 2292; x_wconf 85' lang='lat' dir='ltr'>sinteorporeliu,</span> <span class='ocrx_word' id='word_1_247' title='bbox 476 2225 525 2277; x_wconf 88' lang='lat' dir='ltr'>sire</span> <span class='ocrx_word' id='word_1_248' title='bbox 535 2225 670 2290; x_wconf 86' lang='lat' dir='ltr'>spiritualia,</span> <span class='ocrx_word' id='word_1_249' title='bbox 681 2239 727 2275; x_wconf 88' lang='lat' dir='ltr'>non</span> <span class='ocrx_word' id='word_1_250' title='bbox 742 2228 833 2290; x_wconf 86' lang='lat' dir='ltr'>oportet</span> <span class='ocrx_word' id='word_1_251' title='bbox 844 2236 886 2274; x_wconf 88' lang='lat' dir='ltr'>nos</span> 
     </span>
     <span class='ocr_line' id='line_1_31' title="bbox 84 2295 886 2368; baseline -0.015 -11"><span class='ocrx_word' id='word_1_252' title='bbox 84 2313 185 2368; x_wconf 75' lang='lat' dir='ltr'>quarere</span> <span class='ocrx_word' id='word_1_253' title='bbox 204 2299 288 2364; x_wconf 90' lang='lat' dir='ltr'>quibus</span> <span class='ocrx_word' id='word_1_254' title='bbox 303 2297 473 2363; x_wconf 87' lang='lat' dir='ltr'>impendamus,</span> <span class='ocrx_word' id='word_1_255' title='bbox 495 2299 535 2349; x_wconf 87' lang='lat' dir='ltr'>sed</span> <span class='ocrx_word' id='word_1_256' title='bbox 550 2297 636 2347; x_wconf 84' lang='lat' dir='ltr'>suffieit</span> <span class='ocrx_word' id='word_1_257' title='bbox 650 2295 710 2360; x_wconf 86' lang='lat' dir='ltr'>qndd</span> <span class='ocrx_word' id='word_1_258' title='bbox 730 2297 886 2362; x_wconf 81' lang='lat' dir='ltr'>impendemus</span> 
     </span>
     <span class='ocr_line' id='line_1_32' title="bbox 87 2367 887 2438; baseline -0.011 -13"><span class='ocrx_word' id='word_1_259' title='bbox 87 2373 176 2438; x_wconf 87' lang='lat' dir='ltr'>eisqui</span> <span class='ocrx_word' id='word_1_260' title='bbox 191 2371 258 2423; x_wconf 89' lang='lat' dir='ltr'>nobis</span> <span class='ocrx_word' id='word_1_261' title='bbox 269 2374 397 2422; x_wconf 82' lang='lat' dir='ltr'>occurrunt.</span> <span class='ocrx_word' id='word_1_262' title='bbox 412 2367 460 2420; x_wconf 75' lang='lat' dir='ltr'>llos</span> <span class='ocrx_word' id='word_1_263' title='bbox 475 2369 561 2420; x_wconf 80' lang='lat' dir='ltr'>enim«</span> <span class='ocrx_word' id='word_1_264' title='bbox 575 2368 641 2433; x_wconf 89' lang='lat' dir='ltr'>quasi</span> <span class='ocrx_word' id='word_1_265' title='bbox 656 2381 697 2432; x_wconf 90' lang='lat' dir='ltr'>pro</span> <span class='ocrx_word' id='word_1_266' title='bbox 714 2369 811 2433; x_wconf 80' lang='lat' dir='ltr'>quadarn</span> <span class='ocrx_word' id='word_1_267' title='bbox 825 2370 887 2417; x_wconf 89' lang='lat' dir='ltr'>sorte</span> 
     </span>
     <span class='ocr_line' id='line_1_33' title="bbox 85 2439 884 2506; baseline -0.018 -6"><span class='ocrx_word' id='word_1_268' title='bbox 85 2445 215 2500; x_wconf 86' lang='lat' dir='ltr'>babendum</span> <span class='ocrx_word' id='word_1_269' title='bbox 224 2446 269 2506; x_wconf 85' lang='lat' dir='ltr'>est,</span> <span class='ocrx_word' id='word_1_270' title='bbox 283 2458 299 2490; x_wconf 81' lang='lat' dir='ltr'>n</span> <span class='ocrx_word' id='word_1_271' title='bbox 311 2445 336 2494; x_wconf 92' lang='lat' dir='ltr'>ut</span> <span class='ocrx_word' id='word_1_272' title='bbox 347 2440 487 2503; x_wconf 75' lang='lat' dir='ltr'>Augustinus</span> <span class='ocrx_word' id='word_1_273' title='bbox 497 2441 553 2492; x_wconf 87' lang='lat' dir='ltr'>dieit</span> <span class='ocrx_word' id='word_1_274' title='bbox 561 2440 612 2491; x_wconf 88' lang='lat' dir='ltr'>inl.</span> <span class='ocrx_word' id='word_1_275' title='bbox 621 2440 658 2490; x_wconf 88' lang='lat' dir='ltr'>De</span> <span class='ocrx_word' id='word_1_276' title='bbox 668 2441 786 2492; x_wconf 81' lang='lat' dir='ltr'>doctrino</span> <span class='ocrx_word' id='word_1_277' title='bbox 796 2439 884 2488; x_wconf 78' lang='lat' dir='ltr'>ebriet.</span> 
     </span>
     <span class='ocr_line' id='line_1_34' title="bbox 86 2509 887 2583; baseline -0.01 -15"><span class='ocrx_word' id='word_1_278' title='bbox 86 2517 146 2583; x_wconf 83' lang='lat' dir='ltr'>(rap.</span> <span class='ocrx_word' id='word_1_279' title='bbox 158 2515 193 2580; x_wconf 82' lang='lat'>8).</span> <span class='ocrx_word' id='word_1_280' title='bbox 207 2514 235 2565; x_wconf 83' lang='lat' dir='ltr'>El</span> <span class='ocrx_word' id='word_1_281' title='bbox 247 2518 339 2579; x_wconf 82' lang='lat' dir='ltr'>propter</span> <span class='ocrx_word' id='word_1_282' title='bbox 354 2515 397 2564; x_wconf 89' lang='lat' dir='ltr'>boe</span> <span class='ocrx_word' id='word_1_283' title='bbox 411 2513 465 2564; x_wconf 87' lang='lat' dir='ltr'>dielt</span> <span class='ocrx_word' id='word_1_284' title='bbox 475 2514 498 2562; x_wconf 91' lang='lat' dir='ltr'>in</span> <span class='ocrx_word' id='word_1_285' title='bbox 510 2513 550 2564; x_wconf 86' lang='lat' dir='ltr'>tib.</span> <span class='ocrx_word' id='word_1_286' title='bbox 563 2513 600 2562; x_wconf 86' lang='lat' dir='ltr'>De</span> <span class='ocrx_word' id='word_1_287' title='bbox 615 2512 696 2562; x_wconf 79' lang='lat' dir='ltr'>serbis</span> <span class='ocrx_word' id='word_1_288' title='bbox 710 2512 814 2561; x_wconf 81' lang='lat' dir='ltr'>bomini</span> <span class='ocrx_word' id='word_1_289' title='bbox 827 2516 836 2572; x_wconf 74' lang='lat' dir='ltr'>l</span> <span class='ocrx_word' id='word_1_290' title='bbox 847 2509 887 2560; x_wconf 91' lang='lat' dir='ltr'>ubi</span> 
     </span>
    </p>
   </div>
   <div class='ocr_carea' id='block_1_2' title="bbox 84 2621 885 2937">
    <p class='ocr_par' dir='ltr' id='par_1_3' title="bbox 84 2621 885 2937">
     <span class='ocr_line' id='line_1_35' title="bbox 119 2621 885 2689; baseline -0.01 -17"><span class='ocrx_word' id='word_1_291' title='bbox 119 2623 151 2689; x_wconf 83' lang='lat' dir='ltr'>(l)</span> <span class='ocrx_word' id='word_1_292' title='bbox 166 2627 203 2672; x_wconf 80' lang='lat' dir='ltr'>ils</span> <span class='ocrx_word' id='word_1_293' title='bbox 221 2623 376 2679; x_wconf 76' lang='lat' dir='ltr'>manuscripto</span> <span class='ocrx_word' id='word_1_294' title='bbox 395 2621 545 2682; x_wconf 76' lang='lat' dir='ltr'>specialiter,</span> <span class='ocrx_word' id='word_1_295' title='bbox 558 2633 605 2666; x_wconf 91' lang='lat' dir='ltr'>non</span> <span class='ocrx_word' id='word_1_296' title='bbox 624 2621 802 2680; x_wconf 77' lang='lat' dir='ltr'>spiritualiter,</span> <span class='ocrx_word' id='word_1_297' title='bbox 817 2625 842 2665; x_wconf 90' lang='lat' dir='ltr'>ut</span> <span class='ocrx_word' id='word_1_298' title='bbox 860 2621 885 2665; x_wconf 89' lang='lat' dir='ltr'>in</span> 
     </span>
     <span class='ocr_line' id='line_1_36' title="bbox 84 2682 885 2747; baseline -0.011 -11"><span class='ocrx_word' id='word_1_299' title='bbox 84 2689 212 2747; x_wconf 73' lang='lat' dir='ltr'>impressis</span> <span class='ocrx_word' id='word_1_300' title='bbox 231 2688 284 2732; x_wconf 81' lang='lat' dir='ltr'>Nou</span> <span class='ocrx_word' id='word_1_301' title='bbox 294 2685 355 2730; x_wconf 80' lang='lat' dir='ltr'>eninr</span> <span class='ocrx_word' id='word_1_302' title='bbox 372 2684 446 2732; x_wconf 85' lang='lat' dir='ltr'>sutrim</span> <span class='ocrx_word' id='word_1_303' title='bbox 459 2697 539 2731; x_wconf 82' lang='lat' dir='ltr'>euram</span> <span class='ocrx_word' id='word_1_304' title='bbox 548 2682 693 2741; x_wconf 73' lang='lat' dir='ltr'>‘spiritualem</span> <span class='ocrx_word' id='word_1_305' title='bbox 705 2685 795 2730; x_wconf 86' lang='lat' dir='ltr'>babens</span> <span class='ocrx_word' id='word_1_306' title='bbox 811 2683 885 2728; x_wconf 84' lang='lat' dir='ltr'>enrri-</span> 
     </span>
     <span class='ocr_line' id='line_1_37' title="bbox 85 2745 885 2811; baseline -0.01 -13"><span class='ocrx_word' id='word_1_307' title='bbox 85 2765 138 2811; x_wconf 69' lang='lat' dir='ltr'>gere</span> <span class='ocrx_word' id='word_1_308' title='bbox 154 2756 256 2808; x_wconf 86' lang='lat' dir='ltr'>tenetur,</span> <span class='ocrx_word' id='word_1_309' title='bbox 271 2747 311 2793; x_wconf 85' lang='lat' dir='ltr'>sed</span> <span class='ocrx_word' id='word_1_310' title='bbox 329 2749 468 2805; x_wconf 88' lang='lat' dir='ltr'>quicumque</span> <span class='ocrx_word' id='word_1_311' title='bbox 489 2749 528 2804; x_wconf 90' lang='lat' dir='ltr'>qui</span> <span class='ocrx_word' id='word_1_312' title='bbox 548 2748 619 2792; x_wconf 83' lang='lat' dir='ltr'>babet</span> <span class='ocrx_word' id='word_1_313' title='bbox 639 2747 779 2806; x_wconf 79' lang='lat' dir='ltr'>specialem,</span> <span class='ocrx_word' id='word_1_314' title='bbox 791 2745 885 2791; x_wconf 82' lang='lat' dir='ltr'>tametsi</span> 
     </span>
     <span class='ocr_line' id='line_1_38' title="bbox 84 2809 882 2874; baseline -0.011 -13"><span class='ocrx_word' id='word_1_315' title='bbox 84 2815 238 2874; x_wconf 78' lang='lat' dir='ltr'>temporalem</span> <span class='ocrx_word' id='word_1_316' title='bbox 252 2813 371 2858; x_wconf 81' lang='lat' dir='ltr'>dumtaxat</span> <span class='ocrx_word' id='word_1_317' title='bbox 384 2811 420 2858; x_wconf 82' lang='lat' dir='ltr'>rel</span> <span class='ocrx_word' id='word_1_318' title='bbox 434 2809 539 2872; x_wconf 84' lang='lat' dir='ltr'>uirilem,</span> <span class='ocrx_word' id='word_1_319' title='bbox 552 2810 613 2858; x_wconf 86' lang='lat' dir='ltr'>sieut</span> <span class='ocrx_word' id='word_1_320' title='bbox 627 2810 744 2859; x_wconf 84' lang='lat' dir='ltr'>subditum</span> <span class='ocrx_word' id='word_1_321' title='bbox 756 2809 882 2867; x_wconf 73' lang='lat' dir='ltr'>prinecps,</span> 
     </span>
     <span class='ocr_line' id='line_1_39' title="bbox 85 2873 575 2937; baseline -0.02 -12"><span class='ocrx_word' id='word_1_322' title='bbox 85 2877 155 2926; x_wconf 82' lang='lat' dir='ltr'>beruo</span> <span class='ocrx_word' id='word_1_323' title='bbox 166 2873 287 2937; x_wconf 79' lang='lat' dir='ltr'>tumulum,</span> <span class='ocrx_word' id='word_1_324' title='bbox 300 2879 347 2920; x_wconf 86' lang='lat' dir='ltr'>ete.</span> <span class='ocrx_word' id='word_1_325' title='bbox 568 2882 575 2891; x_wconf 24' lang='grc' dir='ltr'><strong>Χ</strong></span> 
     </span>
    </p>
   </div>
   <div class='ocr_carea' id='block_1_3' title="bbox 0 0 1002 3317">
    <p class='ocr_par' dir='ltr' id='par_1_4' title="bbox 0 0 1002 3317">
     <span class='ocr_line' id='line_1_40' title="bbox 0 0 1002 3317; baseline 0 0"><span class='ocrx_word' id='word_1_326' title='bbox 0 0 1002 3317; x_wconf 95' lang='lat' dir='ltr'> </span> 
     </span>
    </p>
   </div>
  </div>
 </body>
</html>
