1992 3317
211 204 245 244 nr
260 205 354 244 rrumrn
370 206 467 245 onnus
485 206 655 248 coorsmnrrs.
792 202 836 251 111

25 281 143 344 prumiam
160 283 201 331 rel
224 296 332 344 merces,
354 285 415 347 quod
435 284 506 335 babet
523 284 631 335 rationem
655 287 752 352 alicujus
774 287 836 339 boni.

25 356 111 403 imnum
129 357 210 404 autem
228 353 331 405 bominis
349 360 387 405 est
399 356 499 420 duplex,
515 370 585 407 unum
596 358 759 423 simpliciter,
776 359 837 411 uliud

28 426 160 475 ··›·:·undum
170 426 247 490 qnid.
259 427 349 475 Bonum
361 423 671 489 bominissr'mpliciterest
682 430 775 481 ultimus
785 432 837 483 linis

26 502 78 560 qus,
90 498 222 548 secundum
234 497 292 547 illud
309 498 406 547 Psolm.
420 498 505 549 LXXII
518 515 524 548 ι
538 517 551 547 o
561 500 615 550 llibi
632 504 708 552 autom
721 503 837 555 adbaerere

26 573 63 619 luo
77 572 165 621 bonum
175 573 225 632 est3
235 586 251 615 u
261 573 286 619 et
294 583 337 633 per
346 582 501 632 consequens,
511 571 586 623 omnia
596 572 634 622 illa
644 588 693 635 qun
704 576 837 625 ordinantur

27 649 45 691 «1
60 641 171 691 durentia
189 640 218 690 ad
234 641 297 689 bunc
314 641 384 690 linem
404 656 411 691 ε
429 645 453 691 et
468 641 522 691 talia
544 643 676 708 simpliciter
694 646 778 695 cadunt
795 648 837 697 sub

28 715 111 763 ¹mrito.
132 714 228 763 Bonum
248 717 326 761 antem
346 712 487 762 meandum
503 715 565 777 quid
581 718 606 765 et
623 729 668 767 non
682 716 837 779 simpliciter

29 786 119 835 ‘urinis
134 789 187 847 est,
199 784 262 847 quod
277 787 313 834 est
330 784 416 833 bonum
427 784 450 833 ei
463 786 489 832 ut
505 798 579 847 nuno,
593 788 630 835 uel
640 788 700 850 quod
715 788 737 838 oi
750 793 786 839 est
801 803 837 838 re·

28 857 131 905 undum
147 855 218 920 quid
236 855 327 905 bonurn
341 870 346 903 :
363 859 387 905 et
397 856 533 919 bujusrnodi
546 872 588 907 non
604 860 686 909 cadunt
699 860 743 909 sub
754 861 836 913 merito

38 928 193 992 supliciter,
207 927 250 977 sed
260 927 403 976 secundum
417 927 488 991 qnid.
505 927 633 978 Secundum
642 931 685 980 boo
695 944 748 993 ergo
757 932 836 981 dioen-

28 1015 74 1047 -uur
93 1005 142 1061 est,
156 1000 221 1062 quod
243 998 264 1048 si
282 998 418 1061 temporalia
434 998 496 1047 bona
515 998 683 1049 considerentur
696 1006 764 1064 prout
784 1007 836 1053 sunt

33 1071 85 1119 tilia
95 1071 124 1120 ad
133 1084 207 1135 opera
218 1070 332 1119 uirtutum
345 1070 431 1133 quibus
444 1068 590 1132 perducimur
600 1070 625 1119 in
637 1071 708 1121 uitam
718 1076 835 1134 niernum,

29 1144 145 1191 oriundum
158 1145 207 1192 boo
220 1140 310 1191 directe
324 1145 348 1191 et
357 1140 496 1205 simpliciter
510 1142 592 1190 cadunt
603 1142 644 1193 sub
660 1142 740 1193 merito
755 1160 761 1192 :
777 1145 836 1194 sient

29 1221 46 1261 ···.
60 1218 211 1276 augmentum
230 1212 326 1276 mnae,
342 1217 366 1262 et
386 1212 465 1261 omnia
481 1211 518 1260 illu
533 1212 616 1275 quibus
630 1214 698 1264 homo
718 1214 837 1277 adjuvatur

34 1287 49 1331 d
58 1286 241 1348 perveniendum
252 1284 455 1335 inbratitndinem
462 1286 514 1346 post
523 1283 617 1345 primam
628 1284 733 1349 gratiam.
742 1286 837 1338 Tantum

33 1373 79 1406 ,run
89 1360 127 1408 dat
142 1358 213 1407 Deus
224 1355 283 1405 uiris
295 1356 367 1419 justis
381 1357 409 1405 de
423 1356 492 1405 bonis
505 1356 681 1420 temporalibus,
693 1362 716 1408 et
725 1359 795 1409 etiam
810 1360 838 1409 de

35 1429 95 1492 aad'n,
105 1432 226 1493 quantum
240 1428 276 1476 eis
294 1427 391 1491 expedit
407 1428 436 1476 ad
453 1428 634 1491 perveniendum
647 1429 756 1479 advitam
770 1434 837 1480 nter-

37 1513 88 1556 uun,
97 1506 119 1551 et
133 1500 162 1550 in
186 1502 279 1548 tantum
294 1504 348 1548 sunt
361 1498 520 1561 simpliciter
530 1500 591 1550 bona
603 1500 733 1561 hujusmodi
750 1504 839 1565 ternpo-

34 1570 514 1623 1111111111(1111111111111111111111111111
533 1587 538 1621 :
553 1589 566 1618 a
577 1571 694 1621 Timentes
703 1574 780 1622 autem
795 1574 839 1622 llo-

34 1644 105 1693 ainum
116 1657 167 1695 non
176 1642 318 1692 minuentur
325 1641 391 1691 omni
399 1642 470 1702 bono,
480 1657 495 1687 u
509 1646 533 1691 et
543 1642 598 1692 alibi
612 1658 618 1690 :
636 1658 649 1688 r
663 1642 714 1691 Non
730 1643 778 1692 uidi
790 1644 839 1707 jus·

32 1731 79 1776 um,
89 1719 132 1765 ele.
144 1731 160 1761 n
175 1713 277 1763 Psalm.
292 1711 387 1762 11111111
401 1712 444 1775 (l).
456 1712 478 1761 Si
490 1716 564 1763 autem
574 1713 745 1763 considerentur
754 1714 836 1774 liujus-

32 1789 82 1837 ·uoli
98 1786 239 1851 temporalia
253 1784 315 1835 bona
334 1784 463 1835 secundum
477 1798 515 1846 se,
527 1786 560 1834 sio
575 1798 623 1835 non
635 1789 689 1835 sunt
705 1783 837 1847 simpliciter

37 1872 79 1908 uua
91 1858 205 1918 bominis,
220 1856 264 1907 sed
276 1857 405 1907 secundnm
419 1855 494 1919 quid:
511 1861 534 1906 et
545 1856 576 1906 ita
586 1870 633 1907 non
645 1856 779 1921 simpliciter
793 1870 835 1908 oa-

34 1932 76 1978 lunt
88 1932 129 1979 snb
140 1929 243 1990 merito3
261 1929 302 1977 sod
315 1928 443 1977 seeundum
454 1927 517 1991 qnid,
526 1927 550 1977 in
564 1933 674 1991 quantum
691 1929 778 1979 seilicet
791 1932 835 1982 bo·

36 2005 93 2052 uiues
114 2003 243 2051 mouentur
261 1998 275 2047 d
296 2000 348 2048 Deo
370 1998 399 2048 ad
419 1998 494 2061 aliqua
516 1999 672 2063 temporaliter
691 2002 791 2065 agenda.
809 2002 834 2051 in

35 2076 102 2135 jnrbus
116 2088 187 2124 snum
206 2071 353 2136 propositum
368 2074 547 2133 consequuntur,
560 2072 606 2121 lleo
618 2070 709 2122 fauente
721 2088 727 2121 z
741 2075 766 2122 nt
779 2074 838 2123 siout

31 2147 71 2194 ura
85 2151 170 2196 eterna
181 2148 220 2193 est
236 2141 375 2205 simpliciter
388 2140 507 2203 praemium
521 2154 614 2204 opernm
623 2142 719 2205 justitiae
731 2182 736 2203 ,
747 2157 788 2207 per
801 2158 838 2195 re·

32 2222 129 2269 {ailonem
139 2219 168 2267 ad
185 2214 314 2266 motionem
323 2214 441 2275 divinam,
453 2214 513 2269 sicut
524 2214 592 2278 supra
605 2214 736 2265 dictumest
748 2218 800 2279 (art.
813 2222 836 2280 2,

31 2296 72 2338 :set
83 2289 120 2351 o),
137 2290 170 2338 ita
180 2286 321 2349 temporalia
333 2286 395 2335 boun
405 2284 429 2333 in
439 2298 463 2333 se
477 2285 619 2335 considerata
630 2286 712 2335 babent
725 2287 838 2337 rationem

32 2362 134 2410 urrroodis
144 2399 151 2421 ,
163 2359 247 2409 habito
265 2360 370 2421 respectu
390 2355 421 2405 ad
433 2356 557 2406 motionem
570 2357 685 2417 diuinam,
699 2370 744 2420 qna
758 2359 839 2408 uolnu-

33 2435 84 2479 trlrs
96 2431 219 2482 bominum
234 2432 357 2478 morentur
371 2427 400 2475 ad
414 2428 464 2476 baec
478 2427 650 2491 prosequenda,
661 2428 713 2477 lirot
723 2428 836 2478 interdum

32 2501 52 2548 ln
61 2504 95 2551 bis
107 2517 156 2553 non
166 2502 269 2551 habeant
285 2500 393 2550 homines
409 2502 492 2548 reolum
509 2498 665 2549 intentionem.

61 2576 92 2622 ld
110 2575 214 2637 primum
232 2585 287 2635 ergo
307 2571 450 2632 dicendum,
463 2569 524 2633 qubd
544 2570 602 2619 siout
624 2571 764 2633 Augustinus
785 2572 838 2622 dicit

36 2649 123 2692 l'onlrn
134 2646 266 2699 Fauslnm,
277 2642 319 2692 lib.
337 2644 350 2690 1
362 2643 425 2705 (unp.
433 2640 472 2704 bl:
489 2658 503 2689 o
514 2642 541 2690 ln
551 2640 596 2691 illis
611 2642 771 2705 temporalibus
783 2658 838 2705 pro-

64 2743 93 2803 (l)
106 2748 158 2791 lino
166 2747 240 2790 etiam
248 2744 333 2790 reterri
345 2742 513 2801 potestillndl.
527 2742 559 2787 ud
573 2742 687 2793 Timebit..
698 2744 731 2787 lv
742 2761 748 2786 ι
759 2744 840 2788 Pietas

37 2807 64 2847 ud
79 2809 161 2853 omnin
171 2808 246 2853 ortilis
262 2811 310 2857 ert,
317 2806 507 2865 promissionem
525 2804 613 2849 babens
626 2807 682 2849 nitor
699 2816 752 2860 quae
770 2818 838 2848 norro

39 2873 66 2911 ret
79 2874 99 2913 el
110 2872 212 2929 (ulum.
227 2871 274 2916 Ubi
289 2876 314 2914 et
325 2872 349 2914 S.
367 2868 469 2913 Thomas
488 2868 517 2913 ad
532 2868 685 2924 promerenda
699 2862 841 2920 temporalia

40 2933 110 2978 ralere
122 2940 204 2994 notet,
217 2933 289 2991 prout
299 2936 400 2991 prosunt
410 2930 446 2976 rel
463 2930 606 2985 coadjuvant
618 2929 648 2975 nd
662 2927 780 2973 virtutem.
