1992 3317
342 215 344 220 ’
382 219 412 256 DE
426 217 526 258 lltvlnll.

353 375 510 428 laurentus
525 378 563 428 ΙΙΙ.

221 490 307 536 Utrstm
316 491 408 553 invidia
418 493 450 538 sit
457 497 578 550 peecatum
590 497 698 541 mortale.

82 609 118 660 Ad
134 607 227 659 tertium
241 607 274 659 sie
287 609 415 674 proceditur
426 610 469 674 (1).
483 611 577 662 Videtur
596 612 658 676 quod
669 612 756 664 inuidia
766 627 811 664 uon
826 613 856 664 sit

50 684 174 746 peecatum
192 681 293 731 mortale.
314 681 402 732 lnvidia
419 681 480 733 enim
493 683 545 732 edm
559 683 590 733 sit
602 683 707 747 tristitia,
724 689 759 735 est
774 685 853 750 passio

48 751 172 817 appetitis
182 751 295 802 sensitivi.
309 751 353 802 Sed
363 753 386 802 ln
401 754 545 804 sensualitate
554 768 600 805 non
614 757 650 805 est
662 760 780 818 peceatum
791 770 855 807 mor·

49 825 107 887 tale,
124 825 164 874 sed
177 823 249 874 solium
266 823 291 872 in
299 825 398 886 ratione,
414 829 439 876 ut
450 829 513 890 patet
527 839 572 890 per
583 826 741 888 angustinum,
758 828 800 878 llll
814 829 851 878 De

52 897 125 946 Trz'n.
142 895 206 958 [cap.
219 895 273 959 10).
287 897 345 960 Ergo
357 897 442 946 invidia
458 910 505 948 nou
521 901 557 947 est
569 900 687 961 pensatum
700 899 803 948 mortale.

85 972 109 1016 2.
125 967 254 1030 Praeterea,
268 967 291 1016 in
307 967 432 1018 infantibus
445 981 490 1017 non
502 971 579 1031 potest
592 981 644 1018 esse
656 970 777 1030 peecatum
789 981 851 1019 mor·

47 1041 106 1089 lale.
123 1039 167 1088 Sed
183 1037 252 1088 ineis
263 1041 338 1102 potest
349 1053 398 1090 esse
411 1038 513 1102 inuidia,
526 1039 580 1089 dicit
597 1039 658 1089 enim
676 1038 816 1102 Augustinus
831 1039 854 1089 in

47 1113 58 1162 l
73 1111 150 1174 Gens.
165 1109 231 1173 (esp.
243 1109 272 1174 7)
285 1125 290 1159 :
303 1109 374 1162 «Vidi
384 1124 435 1174 ego,
450 1113 473 1160 et
486 1115 595 1177 expertus
611 1125 660 1161 sum
676 1111 788 1161 zelantem
800 1123 856 1174 pue-

47 1195 116 1245 rum3
127 1182 227 1232 nendum
240 1181 385 1245 loquebatur,
396 1184 420 1232 et
427 1181 558 1232 intuebatur
565 1183 661 1246 pallidus
674 1195 749 1232 amaro
760 1185 855 1246 aspectu

45 1253 215 1306 collectaneum
226 1267 300 1304 suum.
313 1269 327 1300 n
338 1254 397 1318 llrgo
411 1253 496 1304 invidia
510 1268 556 1304 non
569 1257 604 1306 est
616 1257 735 1318 peecatum
747 1253 852 1305 mortale.

84 1330 108 1374 3.
124 1325 252 1385 Praeteren,
266 1337 334 1374 omne
348 1328 465 1388 peecatum
479 1312 654 1376 mortale'alinui
670 1324 748 1376 uirtuti
761 1328 848 1375 eontra-

45 1397 131 1448 riatur.
152 1395 197 1446 Sed
209 1395 294 1445 inuidia
307 1407 353 1445 non
365 1396 513 1446 contrariatur
527 1397 592 1447 aliem
605 1397 696 1456 virtuti,
710 1397 748 1447 sed
762 1390 850 1447 nemesi

47 1469 157 1534 quaeest
176 1467 279 1530 quaedam
303 1467 397 1531 passio,
413 1472 438 1517 ut
460 1471 523 1532 patet
544 1482 585 1532 per
605 1468 767 1531 Philosophum
787 1467 810 1516 in
831 1469 851 1517 ll

46 1540 123 1592 libet.
140 1536 200 1602 (cap.
215 1537 250 1601 9).
270 1537 328 1602 Ergo
341 1538 428 1595 invidia
443 1553 488 1590 non
503 1545 540 1590 est
554 1542 672 1602 peceatum
686 1538 787 1588 mortale.

80 1611 129 1662 Sed
145 1613 224 1660 contra
237 1613 290 1672 est,
304 1610 363 1672 quod
379 1610 461 1661 dicitnr
479 1610 567 1667 too,v
581 1627 587 1660 ι
600 1625 613 1658 n
631 1609 853 1670 Parvulumoeeidit
946 1657 953 1670 ,

45 1681 148 1734 invidia.
160 1698 174 1728 n
188 1681 249 1731 Nihil
261 1684 337 1732 autem
351 1681 432 1731 oooidil
444 1681 593 1744 spiritualiter
609 1679 653 1731 nisi
665 1683 784 1744 peecatum
793 1692 853 1730 mor·

45 1758 104 1808 tale.
120 1755 182 1816 Ergo
194 1753 279 1802 invidia
292 1755 329 1804 est
342 1758 461 1817 peecatum
477 1755 581 1804 mortale.

82 1827 252 1892 (Conclusio.
266 1851 297 1862 -
311 1824 410 1886 Invidia,
426 1824 478 1874 edm
500 1824 606 1876 charitati
629 1821 726 1888 proximi
753 1822 854 1888 perfecti

46 1901 195 1960 adversetur,
215 1900 331 1961 peccatum
347 1896 445 1960 mortale¹
458 1896 521 1959 est.)

81 1969 223 2032 Respondet
237 1967 371 2028 dicendum,
387 1967 446 2031 quod
460 1967 544 2017 invidia
559 1980 588 2018 es
601 1978 684 2030 genere
699 1979 740 2017 suo
753 1968 789 2016 est
801 1979 855 2029 pee-

45 2048 129 2093 catum
145 2040 247 2090 mortale.
263 2039 337 2089 Genus
356 2037 417 2088 enim
431 2038 519 2102 peceati
538 2052 566 2088 es
580 2036 670 2100 objecto
688 2037 853 2088 consideratur.

47 2111 145 2166 Inuidia
156 2115 232 2160 autem
243 2109 366 2160 secundnm
380 2111 491 2160 rationem
503 2110 538 2160 sui
550 2109 634 2172 obiecti
643 2108 792 2160 contrariatur
801 2110 855 2158 elua-

46 2185 124 2247 ritati,
137 2196 179 2248 per
194 2196 260 2246 quam
275 2186 309 2233 esi
322 2183 368 2232 vita
383 2182 464 2234 animm
478 2181 617 2246 spiritualis,
632 2181 757 2231 seeundum
773 2179 830 2229 illud
845 2181 855 2229 l

47 2262 141 2316 donn„
159 2255 206 2305 lll:
223 2271 237 2301 n
250 2255 297 2304 llos
308 2253 391 2306 scimus
402 2253 516 2317 quoniam
525 2252 629 2304 translati
647 2266 725 2302 sumus
742 2251 769 2301 de
784 2253 856 2302 morte

48 2334 79 2383 ad
100 2329 189 2388 vitam,
205 2326 310 2390 qnoniam
325 2325 438 2388 diligimus
451 2327 540 2376 tratres.
560 2342 574 2373 n
593 2324 714 2388 Utriusque
727 2327 802 2374 autem
817 2323 857 2374 ob-

47 2407 153 2470 jectum,
168 2403 191 2449 et
211 2397 327 2448 eharitatis
339 2400 362 2448 et
376 2397 476 2461 invidie,
494 2401 530 2448 est
539 2397 624 2448 bonnm
638 2395 755 2460 proximi,
770 2395 809 2445 sed
823 2407 857 2445 se-

47 2477 154 2528 cundum
178 2469 315 2522 eontrarium
338 2473 435 2532 motum3
457 2483 508 2520 narn
529 2469 628 2520 charitas
646 2468 728 2531 gaudet
748 2467 776 2516 de
796 2466 856 2516 hono

46 2544 153 2614 proximi
164 2579 172 2604 ,
183 2541 270 2592 inuidia
286 2544 361 2592 autem
376 2541 403 2591 de
417 2541 495 2592 eudem
510 2541 629 2603 tristatur,
644 2544 671 2589 ut
683 2553 712 2590 ex
724 2537 857 2601 supradietis

46 2621 127 2686 patet.
143 2615 207 2666 Unde
223 2611 368 2662 manifestum
382 2616 431 2676 est,
446 2613 506 2676 quod
519 2613 606 2662 invidia
624 2625 654 2662 ex
668 2624 709 2660 sno
723 2621 806 2673 genere
821 2612 858 2658 est

46 2691 176 2756 peccatum
190 2684 292 2734 mortale.
304 2683 349 2733 Sed
360 2683 418 2734 sient
427 2685 495 2748 suprlt
506 2685 592 2735 dietum
605 2686 642 2733 est
654 2683 700 2747 (2),
714 2681 739 2729 in
753 2679 856 2744 quoibet

84 2807 124 2873 (l)
134 2812 167 2855 lle
176 2808 334 2862 hisetiamqu.
345 2806 418 2866 lii,de
428 2808 655 2866 malo,nrt.2;etqu.
663 2801 856 2863 li,art‚³,eerp.
906 2791 910 2797 ’

83 2880 122 2946 (2)
137 2883 195 2928 Tum
208 2879 235 2924 in
251 2879 295 2924 luae
309 2879 360 2937 ipsa
375 2885 447 2941 part,
459 2891 501 2938 qu.
522 2878 562 2942 35,
572 2885 619 2928 art.
640 2877 667 2933 ὃς
684 2882 732 2922 tum
751 2875 775 2920 in
789 2872 813 2934 1,
831 2872 855 2932 ἢ,

49 2962 95 3007 qu.
108 2944 151 3006 Ἠ,
164 2949 208 2990 art.
220 2941 245 3002 5,
260 2941 290 2989 ad
302 2940 325 2988 l.
