1992 3317
297 157 330 197 nn
343 154 408 198 anan
423 157 536 198 mmin-
760 133 815 198 'tta
862 215 866 224 ,

56 232 122 284 denus
130 235 232 298 pastquun
244 233 355 286 ΗΜ
365 240 466 300 sequen
480 234 603 287 aunam
611 234 706 286 euterius
716 235 744 286 ab
759 235 816 288 adi-

54 306 137 356 fieanre.
146 305 182 355 Sei
195 306 282 370 quanin
299 319 395 358 navens
410 320 457 359 uon
470 307 545 360 mium
562 311 598 374 est
615 319 683 358 ausa
696 307 814 372 mouendi,

53 376 156 428 sedetiam
169 380 199 427 ast
216 391 282 428 enum
295 378 367 443 ipsius
385 380 463 430 ierne
478 381 507 430 ad
522 391 590 444 quam
606 382 642 430 est
660 381 750 443 motus,
764 383 818 430 tune

52 463 92 499 nnn
99 453 162 500 esset
169 449 222 501 ustio
230 450 343 501 annuentis
351 451 420 502 etiam
434 454 487 517 pest
497 451 641 516 adeptionem
655 451 743 512 torma,
759 451 821 502 sieut

50 521 79 570 sui
92 519 189 571 illuminet
199 533 273 572 aerem
291 521 362 572 etiam
375 527 494 586 postquam
508 526 545 573 est
562 522 715 573 illuminatus.
731 523 761 572 Et
775 523 819 574 iuna

50 593 108 641 node
117 592 171 643 tiens
180 596 255 644 ausae
269 594 295 644 in
312 593 381 646 nubis
393 597 418 644 et
430 594 537 646 nnutesn
553 597 576 645 et
589 593 757 658 cognitionem,
774 605 820 644 nun

49 662 113 712 selina
129 664 208 727 quando
224 663 297 727 prima
313 665 467 729 asquitinus,
480 666 522 716 sed
538 666 607 716 etiam
624 665 731 729 quamdiu
747 665 820 716 ineis
861 665 867 670 '

48 746 204 796 perseveramus.
218 737 245 785 nt
261 735 296 786 sia
309 736 462 800 neqnitienen
479 737 616 800 agendarum
630 741 707 787 causat
721 739 781 788 Dens
795 738 819 789 in

47 804 118 868 neatis,
134 818 175 856 nen
185 805 246 870 quusi
259 805 284 856 iu
298 806 470 870 ignorantibus,
482 807 524 857 sed
540 807 606 870 qussi
625 807 777 859 enntinnandu
794 809 818 860 in

47 878 74 928 eis
86 877 220 942 nequissem
228 891 306 928 eninm
315 891 368 942 qnae
377 878 465 942 agenda
476 881 538 929 sunt.
553 877 639 928 Tamen
650 876 753 942 quedam
766 886 821 932 suunt

47 963 91 1011 quae
107 950 175 1012 beuti,
194 950 230 1000 aei
250 949 515 1014 nominenominee,
533 961 579 1001 nnn
597 953 749 1013 cognoscunt,
769 964 819 1014 qnae

48 1033 83 1068 nnn
93 1024 144 1070 sunt
154 1021 180 1071 te
192 1021 293 1072 essentia
305 1021 465 1085 beatitudinis,
481 1022 522 1072 sed
535 1018 650 1085 pertinent
662 1020 690 1070 ad
704 1021 821 1084 guberna-

48 1093 120 1142 innenu
138 1105 207 1143 reruni
223 1092 347 1143 mundun
362 1092 463 1143 divium
478 1091 654 1156 providentiam.
669 1092 698 1141 nt
710 1095 820 1156 quantum

47 1165 65 1211 ni
77 1166 130 1225 nne,
138 1169 171 1214 est
182 1164 240 1214 atiud
250 1165 434 1216 eonnderandnm
444 1163 548 1228 ‚scilieet
559 1164 621 1228 quid
631 1177 695 1215 mens
705 1163 821 1216 beatorum

47 1238 135 1285 novetur
144 1235 204 1285 aliter
217 1234 230 1285 a
243 1237 299 1297 Dee,
307 1239 331 1286 et
345 1235 411 1286 aliter
420 1235 604 1286 mensunusum
613 1252 620 1299 3
630 1247 682 1284 nam
694 1247 759 1285 mens
770 1236 821 1285 uia-

47 1319 107 1355 nrum
116 1307 237 1357 mevenni
247 1307 293 1358 itan
303 1307 329 1356 in
338 1306 433 1370 agendis
444 1319 485 1370 pen
494 1308 539 1358 hoe
548 1306 610 1372 quaid
621 1307 712 1358 sedatur
720 1305 824 1359 anxietas

50 1376 174 1428 unitationis
185 1378 209 1429 in
222 1378 258 1428 eis
276 1379 421 1442 pmcedens3
434 1378 459 1427 in
473 1381 550 1428 mente
561 1377 616 1430 nera
626 1378 752 1442 beatorum,
764 1378 824 1430 cinea

47 1461 59 1495 a
75 1462 125 1511 qnae
139 1462 185 1500 nnn
195 1453 347 1514 qunseunt,
362 1453 397 1500 est
407 1448 506 1513 simplex
516 1448 656 1511 nescientia,
670 1449 683 1498 i
697 1461 741 1512 qua
754 1449 823 1500 etiam

47 1521 106 1581 ngeii
120 1524 254 1585 purgantur,
270 1519 394 1570 munuum
408 1518 555 1584 Dionysium,
570 1519 611 1568 vii
623 1531 675 1583 nep.
696 1519 758 1570 aoet.
775 1520 825 1570 tie-

47 1590 114 1639 srch.
129 1591 178 1641 Nun
189 1595 263 1642 auten
274 1589 382 1656 presedit
396 1589 467 1639 ineis
481 1589 598 1652 inquisitio
617 1589 771 1655 dubitationis,
784 1591 823 1642 aed

49 1664 126 1726 ruptas
139 1663 257 1715 convene
267 1665 295 1713 ai
304 1664 390 1726 iieauu3
402 1663 426 1711 et
433 1662 477 1710 hue
488 1663 524 1711 est
539 1661 609 1710 venum
619 1661 750 1726 consulere,
765 1662 825 1712 sieut

48 1734 167 1796 agustinus
178 1734 248 1798 dicit,
260 1735 279 1782 V
291 1735 374 1798 seper
385 1734 471 1784 Genes.
483 1732 521 1781 nd
532 1731 586 1791 tae,
603 1731 663 1796 qubd
680 1733 777 1795 «angeli
795 1733 823 1783 de
852 1791 857 1808 ι

50 1805 171 1856 tertoribus
183 1807 253 1857 neum
265 1805 395 1857 mutent.
407 1821 422 1852 s
437 1804 502 1854 Unde
517 1807 540 1854 et
551 1801 684 1866 instructio,
697 1817 741 1866 qna
756 1815 824 1868 super

48 1877 95 1928 ei
113 1878 162 1929 lien
178 1878 329 1940 imtranntnr,
340 1875 475 1927 consitium
489 1875 581 1926 dieitur.
595 1875 623 1924 nt
640 1873 764 1924 secundiane
781 1876 825 1926 hac

52 1963 109 1999 num
127 1949 221 2001 ennsitii
232 1954 268 2000 est
279 1949 304 1999 in
317 1950 404 2014 beatis,
414 1948 440 1997 in
454 1952 565 2012 quantum
579 1946 602 1996 in
618 1946 651 1999 eis
664 1945 677 1996 a
691 1947 736 1997 [ten
750 1946 824 1997 centi-

52 2026 108 2070 atur
116 2021 220 2084 nequitie
231 2032 309 2072 earnm
318 2032 370 2084 qun
380 2018 462 2084 uniunt,
474 2022 498 2070 et
510 2019 654 2084 inquantum
668 2018 825 2069 illuminantur

57 2093 96 2142 his
110 2105 163 2156 qna
176 2092 282 2143 nesciunt
291 2091 351 2142 eirea
363 2091 457 2155 agenda.
624 2085 634 2098 “

49 2166 83 2214 Ad
100 2163 204 2227 pannum
219 2175 276 2226 erge
285 2162 421 2224 dicendum,
433 2161 494 2224 qued
510 2161 578 2212 etiam
591 2161 615 2212 in
628 2161 703 2212 beatis
719 2163 772 2212 sunt
785 2159 826 2211 aii-

49 2238 53 2284 i
71 2238 142 2284 actus
157 2234 392 2298 annuntiantium,
408 2233 444 2284 uei
460 2234 525 2297 quasi
536 2233 686 2297 precedentes
702 2245 731 2282 en
745 2244 825 2282 conse

53 2310 111 2357 ione
125 2304 196 2367 tinen,
215 2305 275 2356 sieut
286 2305 347 2370 quun
361 2305 431 2356 {teum
444 2305 543 2366 landant,
561 2303 599 2354 uei
614 2302 696 2368 quibus
707 2303 762 2354 alins
775 2315 827 2368 per-

49 2379 147 2429 zuuntad
158 2377 231 2428 finem
241 2390 310 2441 quem
318 2376 364 2441 ipsi
372 2381 425 2427 sunt
435 2375 560 2438 caesenati,
569 2376 629 2426 sieut
638 2379 692 2425 sunt
699 2373 826 2425 ministeria

49 2451 154 2501 :elerum
167 2453 193 2499 et
207 2448 323 2500 orationes
334 2451 479 2499 ansanum:
494 2449 519 2496 et
534 2449 644 2510 quantum
658 2447 687 2498 ad
702 2447 746 2496 hue
758 2444 828 2496 habet

50 2522 81 2571 >is
96 2522 181 2571 losum
195 2521 281 2572 dunum
295 2518 393 2570 consilii.

50 2595 73 2643 .d
94 2593 234 2644 seeundum
247 2591 386 2652 dinendunn,
396 2589 459 2653 quen
470 2587 581 2640 dubitatio
597 2589 697 2654 pertinet
711 2587 738 2638 ad
752 2587 829 2638 eonsi-

51 2681 59 2714 ι
84 2661 227 2716 secundinus
246 2666 330 2714 statum
351 2661 470 2726 pinsentis
486 2661 557 2726 uita,
573 2674 620 2713 nnn
636 2662 711 2711 auten
728 2658 828 2724 pertinet

50 2735 141 2787 undum
159 2734 230 2802 quud
243 2738 279 2788 est
294 2734 414 2786 manilium
428 2731 453 2782 in
466 2730 555 2798 patria,
570 2733 629 2783 sieut
647 2731 717 2782 etiam
732 2730 828 2782 uirtutes

54 2809 141 2859 inaies
151 2820 209 2858 nnn
216 2806 305 2858 nabent
315 2805 410 2858 anenno
416 2805 510 2857 easdem
522 2807 585 2854 antus
595 2804 619 2854 iu
628 2801 701 2867 put-ia
713 2805 737 2852 et
747 2801 771 2850 ia
780 2800 826 2850 uia.

51 2881 66 2931 d
85 2880 198 2932 tertium
208 2877 354 2945 ,numnam
364 2876 426 2947 quta
436 2875 556 2929 amnuens
573 2888 617 2932 uun
629 2873 697 2930 setin
712 2871 828 2928 nausiant
