1992 3317
154 137 201 186 856
269 143 379 188 secusne
395 147 524 199 securum,
536 147 628 195 onnes.
645 149 708 200 cnr,
723 146 779 187 ner.
794 150 838 187 vu.

148 225 175 276 in
186 224 249 276 nullo
267 227 358 276 tenetur
372 225 459 276 retiorm
469 223 625 288 acceptionis,
638 223 741 288 quinimo
760 225 889 290 accipiendo
903 222 945 274 im-
972 252 974 291 t

149 296 230 362 pendit
241 296 387 366 opsequium
401 298 493 347 tenetur
507 299 581 347 numm
598 297 687 348 ratione
708 298 755 361 rei,
770 299 795 348 et
805 300 897 362 propter
908 298 948 346 troc
972 296 974 347 Ι

151 367 206 420 siei
224 369 367 420 subtrahatur
378 382 415 420 res
429 368 516 433 absque
526 382 568 420 sua
579 369 662 434 cutpn,
676 383 724 421 non
738 373 829 420 tenetur
842 371 872 420 nri
886 368 947 418 resti-

152 440 280 500 tutionem,
297 453 364 490 secus
383 443 458 491 autem
476 445 549 503 esset,
570 441 657 492 sicum
670 454 752 505 magna
767 453 809 491 sua
823 441 893 505 cntpa
908 453 948 490 rem

154 511 279 578 depositum
293 510 415 564 emitteret.

186 583 218 634 ni
234 583 332 646 primum
344 596 399 648 ergo
415 584 549 646 dicendum,
564 584 625 648 quod
641 583 755 634 restitutio
769 595 816 633 non
839 585 948 636 ordinum

155 653 311 719 principaliter
320 657 346 706 nd
361 657 405 708 hoc
416 656 475 720 quod
489 658 528 707 itte
543 656 646 720 quiptus
656 657 725 709 habet
738 655 808 719 quim
819 657 904 720 debet,
917 658 950 705 ie-

155 727 208 776 bere
220 725 318 789 desinet,
332 727 370 778 scd
385 730 412 779 ad
425 730 469 780 hoc
483 727 543 792 quod
552 727 636 790 iltioni
645 727 720 778 minus
727 727 806 790 habet,
816 729 948 792 suppleatur.

155 796 219 848 Unde
233 796 258 846 in
266 797 304 848 tris
320 813 372 861 qum
386 813 445 852 uuus
458 802 534 864 potest
544 799 573 848 ab
586 799 632 850 atio
643 798 749 863 accipere
760 797 812 849 sine
825 800 880 863 ejus
892 800 949 850 detri-

155 872 232 920 meuto
239 906 248 932 ,
262 881 309 926 uon
320 871 389 922 natet
402 871 477 922 locum
490 869 618 932 restitutio,
633 870 689 935 puti
701 870 755 922 cum
772 871 860 934 aliquis
876 871 948 933 accipit

155 941 233 990 iumen
249 938 369 991 incendetur
385 941 486 992 alterius.
502 941 531 990 nc
544 942 595 992 ideo
609 941 713 1004 quemms
729 942 768 992 iile
785 942 826 1006 qui
850 943 946 1001 abstuti,

156 1025 203 1064 non
215 1013 298 1064 tabeat
312 1009 334 1063 id
348 1013 406 1076 quod
418 1013 520 1078 occepit,
534 1013 575 1064 sed
584 1012 608 1062 iu
617 1013 686 1064 etium
698 1013 728 1062 sit
740 1014 896 1078 tmrrstutum,
907 1017 948 1077 quir

155 1089 233 1134 tamen
253 1084 310 1142 niter
326 1085 428 1150 privetur
439 1099 464 1136 ro
482 1098 539 1148 sue,
553 1088 643 1136 tenetur
653 1083 676 1134 ei
687 1086 717 1135 nd
729 1084 916 1147 restitutionem,
929 1089 948 1133 ot

155 1154 194 1206 itte
208 1155 248 1219 qui
262 1169 310 1206 rem
333 1156 439 1218 abstulit,
458 1157 547 1208 ratione
570 1156 685 1220 injuriose
702 1157 862 1220 acceptionis,
880 1163 904 1209 et
920 1157 948 1206 itte

156 1227 196 1290 qui
210 1240 256 1277 rem
274 1229 356 1291 hebet,
369 1229 457 1280 ratione
469 1229 543 1293 ipsius
553 1229 595 1278 rei.

188 1296 222 1348 tid
236 1299 360 1350 secundum
376 1299 511 1361 dicendum,
529 1299 591 1363 quod
611 1301 696 1362 horno,
714 1298 760 1350 etsi
783 1314 833 1353 norr
856 1305 948 1352 tenentur
972 1346 974 1361 ,

156 1369 243 1420 crimen
256 1383 322 1420 suum
333 1371 439 1435 detegere
450 1371 692 1435 tenutissimum
705 1375 784 1422 tumen
794 1373 884 1424 crimen
894 1385 948 1422 suum
972 1364 974 1431 t

157 1441 261 1504 detegere
275 1442 321 1492 tteo
339 1443 364 1493 iu
378 1443 538 1508 confessione,
553 1448 577 1492 et
586 1444 619 1495 ite
630 1456 672 1506 per
682 1445 828 1494 sacerdotem
840 1444 879 1496 cui
890 1443 949 1494 coni-

157 1514 225 1572 tetur,
239 1516 316 1576 potest
328 1513 493 1566 restitutionem
512 1515 587 1565 iecere
599 1514 634 1564 rei
649 1513 740 1566 aliene.

190 1584 224 1635 Ad
246 1585 337 1636 tertium
358 1586 492 1649 dicentium,
511 1585 643 1650 quidquia
665 1585 781 1641 restitutio
805 1587 950 1652 principaliter

159 1657 274 1708 ordinetur
296 1656 324 1708 ed
345 1658 508 1710 removendum
522 1659 631 1709 damnum
652 1657 704 1719 ejus
720 1657 734 1706 i
751 1671 799 1720 quo
813 1664 853 1709 est
872 1658 947 1722 ntiquit

159 1727 244 1793 injuste
260 1728 371 1792 ablutum,
384 1728 441 1784 ideo,
454 1732 574 1794 postquam
592 1729 613 1778 ei
631 1727 744 1779 restitutio
764 1729 888 1782 sufficiens
901 1732 948 1779 iactr

160 1804 195 1851 cst
213 1813 353 1866 perunum,
373 1800 413 1852 etii
429 1813 475 1852 nim
486 1804 592 1853 tenentur
611 1800 633 1850 ei
651 1798 748 1851 ulterius
766 1802 905 1865 restituere,
919 1814 949 1849 sei

159 1873 232 1936 magis
252 1873 390 1926 refusionem
409 1873 482 1924 tacere
499 1872 577 1936 siqui
594 1871 710 1936 restituit3
730 1872 771 1936 qui
792 1876 873 1926 umen
890 1878 950 1938 potes

159 1945 294 1996 condonare.

446 2050 608 2101 eumenius
624 2051 671 2100 Vll.

201 2175 288 2220 Utrum
303 2177 342 2222 itti
356 2177 397 2232 put
412 2183 462 2221 croco
474 2179 625 2234 receperunt,
642 2179 771 2220 teneantur
785 2178 919 2223 restituere.

191 2303 226 2352 Ad
241 2303 363 2366 septimum
377 2303 410 2354 sic
423 2303 603 2372 procediturttt.
622 2301 716 2352 tinctu
733 2302 796 2366 quid
809 2303 843 2353 illi
864 2304 903 2368 qui
915 2316 950 2351 urin

160 2379 305 2438 acceperunt,
319 2388 365 2424 non
379 2378 499 2426 teneantur
515 2376 643 2427 restituere.
653 2375 776 2425 Restitutio
784 2377 848 2426 onim
859 2378 949 2440 quodum

160 2459 228 2512 poena
237 2449 272 2496 est
279 2446 419 2510 accipientis.
432 2447 476 2497 Sed
485 2447 561 2498 nulius
569 2447 638 2496 debet
645 2445 730 2510 puniri,
742 2446 788 2496 nisi
797 2447 837 2511 qui
847 2447 948 2512 peccori.

159 2519 220 2582 Ergo
234 2518 310 2568 nulius
323 2517 391 2569 debet
401 2518 532 2579 restituere,
545 2517 591 2568 uisi
602 2517 641 2581 oui
653 2517 751 2582 accepit.

192 2595 215 2640 2.
230 2592 352 2653 Praeterea,
362 2589 454 2653 jmcitia
467 2603 515 2642 non
525 2589 610 2652 obligat
619 2589 719 2652 aionem
731 2589 761 2639 nd
781 2591 828 2641 hoc
841 2590 900 2654 qnid
911 2602 950 2637 rer.

101 2675 104 2682 Δ
160 2659 252 2712 merim
262 2664 354 2724 augeat.
369 2661 415 2712 Sed
429 2660 448 2710 si
464 2661 492 2713 ud
515 2660 681 2712 restitutionem
696 2663 816 2712 teneretur
829 2674 876 2712 non
887 2659 950 2711 sotim

159 2810 223 2918 unqe)
237 2815 270 2918 Ige
289 2813 325 2858 itis
336 2813 407 2859 etiem
418 2816 461 2874 tv,
473 2815 552 2866 Senot..
566 2816 621 2863 dist,
642 2813 681 2875 15,
695 2826 736 2873 qu.
748 2814 773 2875 i,
787 2823 833 2862 art.
849 2815 874 2875 5,
885 2824 951 2870 qums-
