1992 3317
141 176 188 227 ato
267 178 378 245 suemus
393 179 520 233 maurus,
533 180 626 229 enum.
642 179 699 233 m,
713 177 769 220 mr.
782 182 810 219 u.

171 268 195 315 a.
206 262 331 323 praterea,
342 260 492 326 presumptio
502 260 610 326 importat
618 270 807 325 superuoessnm
817 259 887 326 spei.
908 264 965 319 See

141 339 166 389 in
180 348 236 401 spe,
247 346 298 399 qua
310 332 406 383 babetur
420 332 448 383 de
461 334 519 394 beo,
533 345 579 383 non
592 335 731 398 potestesse
748 344 964 401 soperexoassus,

141 422 193 459 oum
208 407 259 471 ejus
274 404 377 471 potentia
394 408 418 455 et
434 404 587 455 miserioordia
602 403 649 455 siut
663 403 761 455 infinita.
775 403 838 469 Ergo
855 406 966 462 videtur

141 478 202 544 quod
215 476 362 544 presumptio
375 476 464 528 nonsit
477 479 604 541 pensatum.

172 556 196 600 3.
218 551 344 613 Pratem,
364 548 387 599 id
407 547 467 613 quod
483 550 521 599 est
533 550 668 614 peecatum,
682 558 729 598 non
749 552 846 599 arnmot
865 548 880 600 a
897 564 966 617 pee-

141 626 200 675 mto.
216 622 261 673 Sed
273 619 420 687 praesumptio
434 623 530 671 excusat
542 620 557 671 a
568 625 680 685 pereato;
691 620 747 671 dicit
760 620 823 672 enim
835 621 964 687 Magister

140 694 212 757 XXII,
219 693 319 745 distinm.
330 691 382 743 libri
392 692 421 742 11.
429 692 555 757 uenient,
565 691 626 757 qubd
633 709 648 742 a
655 693 728 744 idam
736 691 813 743 minis
826 698 963 761 peccavit,

141 765 196 830 quia
210 765 252 816 sub
264 776 305 829 spe
317 763 391 815 serie
404 762 523 829 peooarit;
535 779 551 812 s
566 763 629 829 quoti
637 763 768 826 ridetur1ad
781 769 963 831 presumptio-

142 850 196 889 nem
205 836 327 902 pertinere.
343 836 403 901 Ergo
416 835 625 899 presumptionem
640 838 676 887 est
686 837 812 901 peceatum.

173 909 218 961 seo
235 911 314 960 contra
330 909 379 973 est,
395 906 456 971 quod
474 906 568 972 ponitur
584 906 673 971 speoes
690 906 779 973 peoemi
789 906 816 959 in
833 906 962 973 Spiritum

142 984 254 1033 sanetum.

175 1053 337 1119 (cormesio.
353 1079 385 1089 —
397 1050 551 1115 presumptio
569 1050 691 1104 oontormis
711 1053 747 1103 est
765 1050 801 1101 illi
818 1050 960 1109 intellectui

141 1125 198 1176 talso
206 1164 213 1189 ,
222 1138 267 1191 quo
279 1124 331 1188 quis
344 1123 459 1185 existimat
470 1124 546 1175 Deum
554 1124 592 1174 vei
603 1124 629 1174 in
640 1125 733 1189 peceato
743 1125 959 1188 perseverantibus

141 1197 231 1249 reniam
245 1194 498 1256 consedere,relbona
514 1208 583 1260 opera
592 1194 760 1260 negligentibus
768 1194 866 1259 gloriam
877 1197 956 1263 dare3

140 1267 218 1332 itaque
229 1267 280 1330 ipsa
291 1268 411 1330 peecatum
422 1268 471 1329 est,
483 1267 561 1317 minus
571 1270 650 1318 tamen
659 1279 729 1331 quam
740 1266 897 1332 desperatio.)

171 1338 306 1403 Respondeo
325 1338 460 1402 dicendum,
479 1336 540 1403 qnod
559 1338 620 1389 sicut
640 1338 812 1402 supradictam
830 1340 959 1394 estoirea

140 1408 335 1474 desperationem,
351 1410 425 1461 omnis
446 1410 522 1461 motus
539 1408 679 1474 appetitivns
694 1408 735 1474 (pri
749 1408 901 1462 conformiter
926 1427 958 1466 se

141 1480 209 1532 habet
221 1482 251 1532 ad
267 1480 408 1533 intebeeturn
420 1481 519 1542 falsum,
533 1482 657 1532 mnrium
670 1494 696 1533 ne
708 1480 782 1531 malus
796 1483 833 1530 est
848 1484 874 1531 et
889 1497 959 1546 pee-

140 1556 224 1603 catum.
245 1553 394 1618 Praesumptio
416 1556 492 1604 autam
518 1556 556 1604 est
578 1556 654 1604 motus
673 1552 766 1617 qnidam
785 1549 956 1620 appetitiuus,

141 1625 194 1691 quia
212 1625 318 1690 importat
337 1625 457 1689 qnamdam
470 1637 536 1689 spem
553 1624 719 1689 inordinatam
732 1623 801 1674 babet
818 1625 900 1674 autem
924 1641 955 1679 se

141 1695 288 1750 conformiter
300 1696 425 1749 intellectui
438 1696 508 1760 talso,
524 1696 584 1747 mant
596 1700 621 1747 et
630 1695 769 1761 desperatio.
782 1694 810 1746 Si
826 1694 891 1745 euim
902 1698 954 1749 tal·

141 1783 192 1821 sum
204 1772 238 1821 est
247 1769 307 1834 quod
320 1769 382 1820 bens
391 1766 557 1834 penitentibus
566 1780 613 1819 non
626 1767 744 1831 indulgeat
753 1804 760 1831 ,
768 1766 806 1817 rel
815 1766 878 1832 qubd
890 1782 954 1832 pee-

140 1844 218 1891 oentes
231 1841 260 1889 ad
274 1839 431 1903 penitentiam
445 1852 490 1891 non
506 1842 635 1911 eonvertat;
648 1839 681 1890 ita
695 1838 780 1889 tusum
791 1841 830 1889 est
840 1838 908 1902 quio
922 1841 952 1893 in

140 1914 233 1975 peomto
252 1912 450 1974 perseverantibus
469 1911 562 1961 veniam
582 1910 705 1972 concedat,
719 1912 744 1960 et
761 1910 851 1961 abono
872 1923 952 1975 opere

141 1981 284 2033 cessantibus
295 1981 388 2045 gloriam
400 1983 521 2047 largiatur3
532 1982 570 2033 eui
580 1981 745 2033 exisimrtioni
757 1981 910 2033 eonformiter
922 1998 951 2037 se

140 2052 210 2103 babet
217 2054 400 2117 praesumptionis
413 2058 497 2107 motus.
507 2054 537 2103 Et
547 2053 599 2105 ideo
607 2052 756 2119 presumptio
765 2056 800 2104 est
810 2056 949 2121 peecatum,

140 2126 216 2175 minus
227 2128 305 2176 tamen
321 2138 389 2190 quam
402 2126 545 2191 desperati03
561 2125 668 2189 quoniam
683 2125 756 2189 mans
773 2124 893 2191 proprium
910 2133 951 2180 est

140 2198 186 2248 beo
197 2197 299 2249 misereri
305 2200 335 2247 et
346 2208 455 2261 parcere,
469 2210 538 2261 qnam
553 2196 650 2261 punire,
661 2201 754 2262 propter
765 2197 818 2262 ejus
827 2195 949 2251 infinitam
989 2217 991 2224 ·

138 2268 272 2319 bonitatem.
284 2268 342 2319 titud
357 2268 418 2319 enim
432 2270 558 2331 seeundum
570 2282 595 2321 se
613 2270 661 2321 beo
672 2266 796 2331 convenit,
809 2269 855 2319 boe
865 2272 949 2321 autem

139 2340 265 2391 seeundum
276 2341 355 2392 nostra
365 2342 468 2403 peomm

169 2411 204 2463 tid
216 2410 314 2475 primum
329 2424 382 2475 erpo
398 2410 535 2475 dicendum,
551 2412 614 2477 quod
623 2425 779 2477 presumere
790 2412 885 2477 ponitur
901 2414 945 2465 aii-

139 2482 228 2548 quando
239 2496 280 2547 pro
290 2496 403 2548 sperare,
412 2484 465 2550 quia
475 2484 527 2549 ipsa
536 2497 588 2549 spes
603 2487 665 2536 reeta
674 2498 726 2549 quas
735 2483 833 2536 babetur
842 2483 872 2536 tio
884 2486 945 2550 beo,

138 2588 208 2632 notor
223 2582 419 2655 (ἀπηλπεσμένων
432 2585 584 2656 σωτὴρ),·ἱά
599 2592 636 2633 est
654 2598 736 2633 aerum
752 2585 794 2643 qui
815 2585 881 2631 omni
899 2597 945 2643 spe

138 2657 232 2702 humani
248 2658 326 2703 auxilii
340 2658 368 2705 ad
385 2658 574 2716 consequendum
592 2657 663 2705 inam
675 2670 743 2704 suum
756 2656 943 2714 destituimur,

138 2719 279 2777 proindeque
290 2720 361 2765 veluti
371 2719 485 2778 desperati
494 2753 501 2779 ,
511 2722 556 2767 atsi
565 2722 593 2767 da
605 2724 654 2769 Deo
663 2725 788 2780 propteroa
798 2730 846 2765 non
856 2719 943 2776 daspe-

138 2786 225 2841 rantes,
236 2782 373 2839 apudquem
382 2788 435 2828 sunt
443 2784 564 2841 possibilia
571 2783 784 2842 quaeimpossibilia
792 2782 941 2839 bominibus,

138 2844 234 2895 uacet„
244 2844 310 2903 xix,
325 2855 386 2890 vers.
398 2844 445 2907 it,
458 2844 488 2895 ad
496 2845 700 2909 interrogationem
711 2846 775 2896 illam
786 2862 792 2893 r
805 2844 869 2907 Qsta
883 2854 946 2905 arpa

136 2907 228 2969 poterit
240 2906 322 2959 rotant
341 2906 407 2958 etta?
