1992 3317
153 193 185 228 ua
200 191 272 228 varus
289 192 382 229 cornua
399 192 523 236 adepturam
538 193 570 230 nx
585 194 660 230 saura
676 196 725 232 nur.
789 187 834 232 931

29 279 108 330 neque
126 267 197 318 etiarn
210 267 308 331 abquam
320 268 421 318 lmndem
434 267 473 318 rel
485 269 562 319 dolum
575 269 696 330 adbibere,
710 271 763 335 qnia
775 271 839 329 irene

29 343 53 387 et
72 339 144 389 dolus
162 340 210 390 vim
232 338 347 390 mendacii
363 339 448 390 babent
466 353 473 388 t
492 344 516 390 et
530 341 583 392 ideo
602 346 639 392 est
657 341 797 393 calumniose
812 357 838 393 se

31 410 171 461 defendere.

61 482 96 532 nd
120 481 222 544 primum
241 495 294 544 ergo
314 482 447 544 dicendum,
462 481 524 546 qubd
541 483 611 533 multa
634 483 757 534 secundnm
777 485 836 548 leget

29 552 148 602 humanas
162 551 274 616 impunita
284 553 455 616 relinquuntur,
468 566 519 616 qum
533 553 656 604 seeundum
667 552 772 604 diuinum
778 555 839 618 judi·

29 621 93 672 cium
109 628 168 674 suut
181 627 283 686 peccata,
296 623 355 673 sieut
369 626 432 688 patet
451 623 476 672 iu
494 623 592 688 simplici
606 623 772 687 fornicatioue3
787 627 838 688 quia

29 693 70 742 lex
83 695 190 744 bumana
204 707 249 746 nou
265 694 337 757 exigit
349 696 377 744 ab
391 694 484 746 bomine
498 694 650 745 omnimodam
664 696 780 758 virtutem,
790 709 840 760 qua
886 751 892 762 ,

29 779 161 829 paucorum
177 771 220 828 est,
236 771 259 818 et
275 781 322 818 aon
333 770 409 831 potest
421 767 518 818 inveniri
530 767 555 817 iu
568 769 632 817 tanta
644 768 789 820 multitudine
798 782 839 833 po·

29 838 94 900 puli,
117 842 229 902 quautam
251 838 290 888 lex
305 839 404 889 humana
425 839 495 888 babet
515 851 607 888 necesse
630 839 752 890 sustinere.
775 841 840 898 Quod

30 913 111 960 autem
128 909 213 974 aliquis
232 923 278 962 uon
303 911 359 961 volit
378 911 501 974 aliquando
525 915 642 975 peceatum
656 912 796 962 committere
813 919 839 962 ut

30 984 134 1030 mortem
145 982 284 1046 corporalem
297 983 386 1043 eradat,
394 982 461 1046 cujus
472 981 598 1046 periculum
610 981 635 1031 iu
645 995 711 1032 musa
721 984 840 1045 sanguinis

30 1051 140 1103 imminet
158 1066 212 1114 reo,
231 1056 266 1104 est
281 1053 387 1118 perlecta
406 1052 512 1117 virtutis;
531 1053 584 1116 qnia
599 1053 726 1106 «omnium
748 1054 839 1103 terribi-

28 1122 90 1172 lium
105 1122 209 1174 maximb
223 1123 330 1174 torribilis
355 1129 391 1174 est
408 1136 481 1186 mors,
501 1128 556 1174 aut
570 1124 653 1174 dicitur
666 1122 690 1173 iu
703 1124 735 1173 lll
751 1125 835 1174 Ia'tdic.

30 1195 60 1243 llt
76 1193 147 1257 ideo,
161 1195 182 1245 si
204 1209 257 1246 reus
270 1195 295 1244 in
310 1209 381 1246 eausa
397 1195 515 1258 sauguinis
535 1197 665 1258 corrumpat
684 1195 848 1246 adversarium

31 1277 119 1324 suum,
136 1269 217 1329 peceat
230 1264 322 1330 quidem
333 1266 462 1318 inducendo
476 1279 529 1318 enm
538 1267 566 1316 ad
574 1266 693 1329 illicitum,
705 1279 752 1316 uon
765 1270 840 1316 autem

30 1338 91 1386 buic
105 1341 204 1401 peccato
217 1338 254 1388 ler
268 1337 341 1388 civilis
354 1338 446 1389 adhibet
463 1351 570 1403 pmnam3
582 1343 605 1388 et
615 1352 656 1402 pro
669 1341 735 1390 tanto
752 1337 841 1388 licitum

31 1421 86 1459 esse
101 1407 196 1458 dicitur.

64 1480 102 1529 Ad
116 1481 243 1534 secundum
263 1479 396 1542 dicendum,
411 1479 472 1545 qubd
494 1483 624 1540 emanator,
639 1482 659 1530 si
676 1480 775 1532 colludat
789 1493 841 1529 errrn

31 1564 72 1601 reo
82 1550 126 1614 qui
140 1550 223 1600 noxius
233 1554 278 1614 eet,
292 1565 382 1614 poenam
390 1550 838 1615 incurrit3e1quopatetqubdpeocat.

31 1622 116 1686 Unde,
134 1619 189 1671 cbm
201 1621 309 1672 inducere
323 1622 421 1686 aliquem
438 1625 606 1687 adportatum,
619 1622 650 1672 sit
666 1626 794 1685 peceatum,
806 1625 842 1672 vel

30 1693 233 1756 qualitercumque
249 1694 337 1758 peceati
354 1694 488 1758 participem
502 1707 567 1756 esse,
581 1692 632 1743 ciam
646 1693 769 1756 Apostolus
781 1692 842 1741 dieat

31 1767 116 1828 dignos
141 1767 215 1814 morte
234 1777 274 1815 eoa
292 1764 333 1830 qui
349 1765 496 1829 peccantibus
512 1763 675 1826 consentiunt;
694 1762 841 1818 manifestum

30 1841 66 1888 est
81 1834 146 1899 qubd
165 1835 233 1889 etiam
248 1848 300 1886 reus
312 1840 408 1900 peccat,
419 1850 471 1886 eum
485 1835 615 1888 adversario
629 1834 777 1894 colludendo;
793 1845 839 1883 uon

30 1913 113 1958 tamen
127 1905 254 1956 seeundum
267 1907 331 1970 leges
347 1909 460 1959 humanas
477 1907 603 1972 imponitur
616 1906 639 1956 ei
651 1918 734 1970 pona,
747 1909 839 1968 propter

31 1979 150 2030 rationem
162 1977 211 2040 jam
226 1976 318 2029 dicum.

61 2049 99 2100 Ad
108 2047 203 2098 tertium
212 2047 339 2110 dicendum,
349 2049 409 2114 qubd
423 2049 516 2114 sapiens
527 2062 573 2101 uon
583 2032 701 2102 abscondit
712 2059 737 2096 se
750 2045 837 2100 mlum-

31 2119 306 2184 riosb,.sedprudentep.

330 2299 493 2351 ARTICULUS
507 2300 546 2350 lli.

59 2425 154 2471 Utrum
163 2435 203 2466 reo
218 2423 288 2467 liceat
296 2425 419 2479 judicium
431 2437 475 2481 per
487 2423 671 2480 appellationem
684 2421 812 2466 declinare.

60 2554 98 2605 nd
114 2548 210 2600 tortium
225 2549 258 2598 sic
272 2549 409 2614 proceditur.
424 2548 518 2599 Videtur
526 2548 588 2612 qubd
601 2560 639 2598 reo
653 2545 840 2608 nonlibeatjudi-

33 2627 93 2675 rium
101 2619 221 2682 declinare
231 2633 272 2684 per
279 2621 462 2685 appellationem.
472 2620 532 2670 llicit
545 2620 606 2670 enim
618 2618 750 2682 Apostolus,
758 2619 837 2666 Rom..

33 2699 80 2748 llll
95 2711 102 2745 :
120 2691 228 2742 oomnis
242 2691 316 2742 anima
328 2691 477 2757 potestatibus
488 2689 657 2741 sublimioribus
673 2687 761 2739 subdita
776 2688 840 2737 sit.»

33 2769 75 2820 Sed
93 2777 153 2816 reus
169 2763 319 2826 appellando,
334 2767 422 2814 recusat
435 2762 517 2826 subjici
530 2761 639 2826 potestati
652 2759 775 2825 superiori,
790 2757 841 2807 sei-

34 2841 84 2891 licet
102 2834 187 2902 judici.
202 2835 262 2897 Ergo
274 2839 361 2898 peccat.

61 2919 87 2962 a.
107 2909 238 2967 Praeterea,
253 2907 325 2969 uajns
334 2911 369 2960 est
381 2908 496 2958 vinculum
508 2907 625 2959 ordinaria
639 2901 758 2967 potestatis
772 2901 840 2964 quim
