<?xml version="1.0" encoding="UTF-8"?>
<!DOCTYPE html PUBLIC "-//W3C//DTD XHTML 1.0 Transitional//EN"
    "http://www.w3.org/TR/xhtml1/DTD/xhtml1-transitional.dtd">
<html xmlns="http://www.w3.org/1999/xhtml" xml:lang="en" lang="en">
 <head>
  <title>
</title>
<meta http-equiv="Content-Type" content="text/html;charset=utf-8" />
  <meta name='ocr-system' content='tesseract 3.04.00' />
  <meta name='ocr-capabilities' content='ocr_page ocr_carea ocr_par ocr_line ocrx_word'/>
</head>
<body>
  <div class='ocr_page' id='page_1' title='image "./summatheologica03nicogoog_0037.png"; bbox 0 0 1992 3317; ppageno 0'>
   <div class='ocr_carea' id='block_1_1' title="bbox 142 168 785 248">
    <p class='ocr_par' dir='ltr' id='par_1_1' title="bbox 142 168 785 248">
     <span class='ocr_line' id='line_1_1' title="bbox 142 168 785 248; baseline 0.002 -10"><span class='ocrx_word' id='word_1_1' title='bbox 142 180 170 238; x_wconf 74' lang='grc' dir='ltr'><strong>ιι</strong></span> <span class='ocrx_word' id='word_1_2' title='bbox 293 168 368 239; x_wconf 77' lang='lat' dir='ltr'><strong>aurat</strong></span> <span class='ocrx_word' id='word_1_3' title='bbox 382 170 513 248; x_wconf 69' lang='lat' dir='ltr'><strong>secutura,</strong></span> <span class='ocrx_word' id='word_1_4' title='bbox 527 201 617 245; x_wconf 74' lang='lat' dir='ltr'><strong>ouesr.</strong></span> <span class='ocrx_word' id='word_1_5' title='bbox 633 200 677 245; x_wconf 73' lang='lat' dir='ltr'><strong>aa,</strong></span> <span class='ocrx_word' id='word_1_6' title='bbox 689 197 744 239; x_wconf 79' lang='lat' dir='ltr'><strong>aaa.</strong></span> <span class='ocrx_word' id='word_1_7' title='bbox 760 198 785 239; x_wconf 86' lang='lat' dir='ltr'><strong>ru.</strong></span> 
     </span>
    </p>
   </div>
   <div class='ocr_carea' id='block_1_2' title="bbox 328 340 761 509">
    <p class='ocr_par' dir='ltr' id='par_1_2' title="bbox 328 340 761 509">
     <span class='ocr_line' id='line_1_2' title="bbox 435 340 639 393; baseline 0.005 -2"><span class='ocrx_word' id='word_1_8' title='bbox 435 340 594 393; x_wconf 75' lang='lat' dir='ltr'><strong>ualtcutus</strong></span> <span class='ocrx_word' id='word_1_9' title='bbox 609 342 639 392; x_wconf 85' lang='lat' dir='ltr'><strong>ll.</strong></span> 
     </span>
     <span class='ocr_line' id='line_1_3' title="bbox 328 426 761 509; baseline 0 -11"><span class='ocrx_word' id='word_1_10' title='bbox 328 452 414 500; x_wconf 76' lang='lat' dir='ltr'><strong>utrum</strong></span> <span class='ocrx_word' id='word_1_11' title='bbox 423 453 506 509; x_wconf 72' lang='lat' dir='ltr'><strong>pretio</strong></span> <span class='ocrx_word' id='word_1_12' title='bbox 513 426 546 498; x_wconf 72' lang='lat' dir='ltr'><strong>oi</strong></span> <span class='ocrx_word' id='word_1_13' title='bbox 554 452 660 509; x_wconf 69' lang='lat' dir='ltr'><strong>qualiter</strong></span> <span class='ocrx_word' id='word_1_14' title='bbox 666 452 761 502; x_wconf 70' lang='lat' dir='ltr'><strong>mima.</strong></span> 
     </span>
    </p>
   </div>
   <div class='ocr_carea' id='block_1_3' title="bbox 137 562 950 2503">
    <p class='ocr_par' dir='ltr' id='par_1_3' title="bbox 137 562 950 920">
     <span class='ocr_line' id='line_1_4' title="bbox 173 562 950 632; baseline 0.004 -15"><span class='ocrx_word' id='word_1_15' title='bbox 173 564 205 619; x_wconf 81' lang='lat' dir='ltr'><strong>Ad</strong></span> <span class='ocrx_word' id='word_1_16' title='bbox 222 562 346 627; x_wconf 84' lang='lat' dir='ltr'><strong>secundum</strong></span> <span class='ocrx_word' id='word_1_17' title='bbox 361 566 393 619; x_wconf 87' lang='lat' dir='ltr'><strong>sic</strong></span> <span class='ocrx_word' id='word_1_18' title='bbox 403 565 532 632; x_wconf 78' lang='lat' dir='ltr'>proceditur</span> <span class='ocrx_word' id='word_1_19' title='bbox 543 564 575 628; x_wconf 88' lang='grc' dir='ltr'><strong>(ι)</strong></span> <span class='ocrx_word' id='word_1_20' title='bbox 597 565 690 616; x_wconf 84' lang='lat' dir='ltr'><strong>Videtur</strong></span> <span class='ocrx_word' id='word_1_21' title='bbox 703 567 764 630; x_wconf 80' lang='lat' dir='ltr'><strong>quod</strong></span> <span class='ocrx_word' id='word_1_22' title='bbox 774 567 845 631; x_wconf 78' lang='lat' dir='ltr'><strong>gratia</strong></span> <span class='ocrx_word' id='word_1_23' title='bbox 854 581 903 618; x_wconf 87' lang='lat' dir='ltr'><strong>uon</strong></span> <span class='ocrx_word' id='word_1_24' title='bbox 915 569 950 620; x_wconf 87' lang='lat' dir='ltr'><strong>sit</strong></span> 
     </span>
     <span class='ocr_line' id='line_1_5' title="bbox 141 637 946 705; baseline -0.002 -14"><span class='ocrx_word' id='word_1_25' title='bbox 141 640 236 705; x_wconf 77' lang='lat' dir='ltr'><strong>qualitas</strong></span> <span class='ocrx_word' id='word_1_26' title='bbox 247 640 337 691; x_wconf 76' lang='lat' dir='ltr'><strong>anime.</strong></span> <span class='ocrx_word' id='word_1_27' title='bbox 350 639 415 691; x_wconf 88' lang='lat' dir='ltr'><strong>Nulla</strong></span> <span class='ocrx_word' id='word_1_28' title='bbox 424 638 485 689; x_wconf 88' lang='lat' dir='ltr'><strong>euim</strong></span> <span class='ocrx_word' id='word_1_29' title='bbox 497 637 594 702; x_wconf 90' lang='lat' dir='ltr'><strong>qualitas</strong></span> <span class='ocrx_word' id='word_1_30' title='bbox 608 637 656 701; x_wconf 74' lang='lat' dir='ltr'><strong>agit</strong></span> <span class='ocrx_word' id='word_1_31' title='bbox 673 637 697 687; x_wconf 90' lang='lat' dir='ltr'><strong>io</strong></span> <span class='ocrx_word' id='word_1_32' title='bbox 714 651 779 689; x_wconf 89' lang='lat' dir='ltr'><strong>suum</strong></span> <span class='ocrx_word' id='word_1_33' title='bbox 801 637 946 703; x_wconf 83' lang='lat' dir='ltr'><strong>subjeetum,</strong></span> 
     </span>
     <span class='ocr_line' id='line_1_6' title="bbox 139 710 948 777; baseline -0.001 -14"><span class='ocrx_word' id='word_1_34' title='bbox 139 712 193 777; x_wconf 84' lang='lat' dir='ltr'><strong>quio</strong></span> <span class='ocrx_word' id='word_1_35' title='bbox 210 712 268 765; x_wconf 86' lang='lat' dir='ltr'><strong>actio</strong></span> <span class='ocrx_word' id='word_1_36' title='bbox 286 711 398 777; x_wconf 76' lang='lat' dir='ltr'><strong>qualitatis</strong></span> <span class='ocrx_word' id='word_1_37' title='bbox 414 724 461 767; x_wconf 86' lang='lat' dir='ltr'><strong>uon</strong></span> <span class='ocrx_word' id='word_1_38' title='bbox 478 712 514 763; x_wconf 76' lang='lat' dir='ltr'><strong>eat</strong></span> <span class='ocrx_word' id='word_1_39' title='bbox 533 711 617 775; x_wconf 85' lang='lat' dir='ltr'><strong>absque</strong></span> <span class='ocrx_word' id='word_1_40' title='bbox 635 710 722 761; x_wconf 85' lang='lat' dir='ltr'><strong>actione</strong></span> <span class='ocrx_word' id='word_1_41' title='bbox 745 710 856 774; x_wconf 79' lang='lat' dir='ltr'><strong>subjecti3</strong></span> <span class='ocrx_word' id='word_1_42' title='bbox 869 714 893 765; x_wconf 90' lang='grc' dir='ltr'><strong>ει</strong></span> <span class='ocrx_word' id='word_1_43' title='bbox 911 712 948 763; x_wconf 86' lang='lat' dir='ltr'><strong>sio</strong></span> 
     </span>
     <span class='ocr_line' id='line_1_7' title="bbox 139 781 949 847; baseline 0 -14"><span class='ocrx_word' id='word_1_44' title='bbox 139 786 253 847; x_wconf 77' lang='lat' dir='ltr'><strong>oporteret</strong></span> <span class='ocrx_word' id='word_1_45' title='bbox 271 784 330 847; x_wconf 90' lang='lat' dir='ltr'><strong>quod</strong></span> <span class='ocrx_word' id='word_1_46' title='bbox 351 783 478 847; x_wconf 83' lang='lat' dir='ltr'><strong>subjectum</strong></span> <span class='ocrx_word' id='word_1_47' title='bbox 497 784 575 847; x_wconf 78' lang='lat' dir='ltr'><strong>ageret</strong></span> <span class='ocrx_word' id='word_1_48' title='bbox 590 781 614 831; x_wconf 89' lang='lat' dir='ltr'><strong>iu</strong></span> <span class='ocrx_word' id='word_1_49' title='bbox 628 782 735 846; x_wconf 85' lang='lat' dir='ltr'><strong>seipsum.</strong></span> <span class='ocrx_word' id='word_1_50' title='bbox 751 782 793 833; x_wconf 86' lang='lat' dir='ltr'><strong>Sed</strong></span> <span class='ocrx_word' id='word_1_51' title='bbox 808 781 879 846; x_wconf 78' lang='lat' dir='ltr'><strong>gratia</strong></span> <span class='ocrx_word' id='word_1_52' title='bbox 896 784 949 847; x_wconf 84' lang='lat' dir='ltr'><strong>agit</strong></span> 
     </span>
     <span class='ocr_line' id='line_1_8' title="bbox 137 848 947 920; baseline 0.002 -14"><span class='ocrx_word' id='word_1_53' title='bbox 137 856 162 906; x_wconf 91' lang='lat' dir='ltr'><strong>iu</strong></span> <span class='ocrx_word' id='word_1_54' title='bbox 182 848 282 909; x_wconf 81' lang='lat' dir='ltr'><strong>aoiuuaru</strong></span> <span class='ocrx_word' id='word_1_55' title='bbox 296 854 439 919; x_wconf 80' lang='lat' dir='ltr'><strong>justificando</strong></span> <span class='ocrx_word' id='word_1_56' title='bbox 456 855 536 920; x_wconf 82' lang='lat' dir='ltr'><strong>ipsam.</strong></span> <span class='ocrx_word' id='word_1_57' title='bbox 553 854 611 919; x_wconf 84' lang='lat' dir='ltr'><strong>Ergo</strong></span> <span class='ocrx_word' id='word_1_58' title='bbox 628 853 700 919; x_wconf 84' lang='lat' dir='ltr'><strong>gratia</strong></span> <span class='ocrx_word' id='word_1_59' title='bbox 718 856 813 905; x_wconf 85' lang='lat' dir='ltr'><strong>nonest</strong></span> <span class='ocrx_word' id='word_1_60' title='bbox 831 853 947 918; x_wconf 80' lang='lat' dir='ltr'><strong>qualitas.</strong></span> 
     </span>
    </p>

    <p class='ocr_par' dir='ltr' id='par_1_4' title="bbox 138 924 949 1207">
     <span class='ocr_line' id='line_1_9' title="bbox 170 924 948 992; baseline -0.003 -13"><span class='ocrx_word' id='word_1_61' title='bbox 170 932 194 979; x_wconf 73' lang='lat' dir='ltr'><strong>a.</strong></span> <span class='ocrx_word' id='word_1_62' title='bbox 214 928 327 979; x_wconf 76' lang='lat' dir='ltr'><strong>Praeterea</strong></span> <span class='ocrx_word' id='word_1_63' title='bbox 332 964 341 990; x_wconf 88' lang='lat'><em>,</em></span> <span class='ocrx_word' id='word_1_64' title='bbox 357 924 484 992; x_wconf 83' lang='lat' dir='ltr'><strong>substantia</strong></span> <span class='ocrx_word' id='word_1_65' title='bbox 501 930 537 975; x_wconf 89' lang='lat' dir='ltr'><strong>est</strong></span> <span class='ocrx_word' id='word_1_66' title='bbox 553 924 648 983; x_wconf 83' lang='lat' dir='ltr'><strong>ruobilior</strong></span> <span class='ocrx_word' id='word_1_67' title='bbox 668 924 784 990; x_wconf 80' lang='lat' dir='ltr'><strong>qualitate.</strong></span> <span class='ocrx_word' id='word_1_68' title='bbox 801 925 844 977; x_wconf 86' lang='lat' dir='ltr'><strong>Sed</strong></span> <span class='ocrx_word' id='word_1_69' title='bbox 868 928 948 989; x_wconf 70' lang='lat' dir='ltr'><strong>qratia</strong></span> 
     </span>
     <span class='ocr_line' id='line_1_10' title="bbox 138 996 949 1063; baseline 0 -13"><span class='ocrx_word' id='word_1_70' title='bbox 138 1004 173 1051; x_wconf 88' lang='grc' dir='ltr'><strong>εει</strong></span> <span class='ocrx_word' id='word_1_71' title='bbox 189 996 286 1052; x_wconf 85' lang='lat' dir='ltr'><strong>nobilior</strong></span> <span class='ocrx_word' id='word_1_72' title='bbox 300 1012 369 1063; x_wconf 85' lang='lat' dir='ltr'><strong>quam</strong></span> <span class='ocrx_word' id='word_1_73' title='bbox 382 1002 463 1049; x_wconf 87' lang='lat' dir='ltr'><strong>natura</strong></span> <span class='ocrx_word' id='word_1_74' title='bbox 482 997 579 1061; x_wconf 79' lang='lat' dir='ltr'><strong>animae3</strong></span> <span class='ocrx_word' id='word_1_75' title='bbox 597 997 669 1047; x_wconf 90' lang='lat' dir='ltr'><strong>multa</strong></span> <span class='ocrx_word' id='word_1_76' title='bbox 685 997 745 1048; x_wconf 87' lang='lat' dir='ltr'><strong>euim</strong></span> <span class='ocrx_word' id='word_1_77' title='bbox 761 1007 881 1061; x_wconf 84' lang='lat' dir='ltr'><strong>possumus</strong></span> <span class='ocrx_word' id='word_1_78' title='bbox 904 1013 949 1063; x_wconf 85' lang='lat' dir='ltr'><strong>per</strong></span> 
     </span>
     <span class='ocr_line' id='line_1_11' title="bbox 138 1066 947 1135; baseline 0 -12"><span class='ocrx_word' id='word_1_79' title='bbox 138 1070 247 1135; x_wconf 80' lang='lat' dir='ltr'><strong>gratiam,</strong></span> <span class='ocrx_word' id='word_1_80' title='bbox 266 1072 293 1121; x_wconf 88' lang='lat' dir='ltr'><strong>ad</strong></span> <span class='ocrx_word' id='word_1_81' title='bbox 311 1084 362 1135; x_wconf 87' lang='lat' dir='ltr'><strong>quae</strong></span> <span class='ocrx_word' id='word_1_82' title='bbox 381 1073 460 1121; x_wconf 87' lang='lat' dir='ltr'><strong>natura</strong></span> <span class='ocrx_word' id='word_1_83' title='bbox 481 1081 529 1119; x_wconf 86' lang='lat' dir='ltr'><strong>nou</strong></span> <span class='ocrx_word' id='word_1_84' title='bbox 545 1066 642 1131; x_wconf 80' lang='grc' dir='ltr'><strong>εειιιειι,</strong></span> <span class='ocrx_word' id='word_1_85' title='bbox 665 1071 692 1120; x_wconf 88' lang='lat' dir='ltr'><strong>ut</strong></span> <span class='ocrx_word' id='word_1_86' title='bbox 711 1082 780 1133; x_wconf 85' lang='lat' dir='ltr'><strong>supra</strong></span> <span class='ocrx_word' id='word_1_87' title='bbox 795 1069 947 1123; x_wconf 83' lang='lat' dir='ltr'><strong>dietum-est.</strong></span> 
     </span>
     <span class='ocr_line' id='line_1_12' title="bbox 138 1141 504 1207; baseline -0.011 -14"><span class='ocrx_word' id='word_1_88' title='bbox 138 1142 197 1207; x_wconf 78' lang='lat' dir='ltr'><strong>Ergo</strong></span> <span class='ocrx_word' id='word_1_89' title='bbox 207 1142 278 1207; x_wconf 81' lang='lat' dir='ltr'><strong>gratia</strong></span> <span class='ocrx_word' id='word_1_90' title='bbox 291 1156 337 1194; x_wconf 86' lang='lat' dir='ltr'><strong>noa</strong></span> <span class='ocrx_word' id='word_1_91' title='bbox 351 1147 387 1193; x_wconf 86' lang='lat' dir='ltr'><strong>est</strong></span> <span class='ocrx_word' id='word_1_92' title='bbox 399 1141 504 1205; x_wconf 86' lang='lat' dir='ltr'><strong>qualitas.</strong></span> 
     </span>
    </p>

    <p class='ocr_par' dir='ltr' id='par_1_5' title="bbox 139 1211 949 1493">
     <span class='ocr_line' id='line_1_13' title="bbox 172 1211 949 1277; baseline 0.003 -12"><span class='ocrx_word' id='word_1_93' title='bbox 172 1219 194 1267; x_wconf 82' lang='grc'><strong>3.</strong></span> <span class='ocrx_word' id='word_1_94' title='bbox 213 1215 341 1276; x_wconf 78' lang='lat' dir='ltr'><strong>Praeterea,</strong></span> <span class='ocrx_word' id='word_1_95' title='bbox 352 1212 414 1265; x_wconf 88' lang='lat' dir='ltr'><strong>nulla</strong></span> <span class='ocrx_word' id='word_1_96' title='bbox 428 1211 525 1275; x_wconf 85' lang='lat' dir='ltr'><strong>qualitas</strong></span> <span class='ocrx_word' id='word_1_97' title='bbox 538 1216 642 1263; x_wconf 84' lang='lat' dir='ltr'><strong>remanet</strong></span> <span class='ocrx_word' id='word_1_98' title='bbox 655 1216 776 1277; x_wconf 86' lang='lat' dir='ltr'><strong>postquam</strong></span> <span class='ocrx_word' id='word_1_99' title='bbox 787 1211 871 1265; x_wconf 87' lang='lat' dir='ltr'><strong>desinit</strong></span> <span class='ocrx_word' id='word_1_100' title='bbox 890 1228 949 1268; x_wconf 86' lang='lat' dir='ltr'><strong>esse</strong></span> 
     </span>
     <span class='ocr_line' id='line_1_14' title="bbox 139 1282 949 1353; baseline 0.004 -18"><span class='ocrx_word' id='word_1_101' title='bbox 139 1287 163 1337; x_wconf 92' lang='lat' dir='ltr'><strong>iu</strong></span> <span class='ocrx_word' id='word_1_102' title='bbox 180 1284 291 1350; x_wconf 82' lang='lat' dir='ltr'><strong>subjecto.</strong></span> <span class='ocrx_word' id='word_1_103' title='bbox 307 1282 353 1335; x_wconf 88' lang='lat' dir='ltr'><strong>Sed</strong></span> <span class='ocrx_word' id='word_1_104' title='bbox 368 1282 440 1353; x_wconf 72' lang='lat' dir='ltr'><strong>gratia</strong></span> <span class='ocrx_word' id='word_1_105' title='bbox 449 1286 560 1342; x_wconf 85' lang='lat' dir='ltr'><strong>remanet,</strong></span> <span class='ocrx_word' id='word_1_106' title='bbox 574 1297 622 1334; x_wconf 89' lang='lat' dir='ltr'><strong>nou</strong></span> <span class='ocrx_word' id='word_1_107' title='bbox 635 1284 695 1333; x_wconf 83' lang='lat' dir='ltr'><strong>euim</strong></span> <span class='ocrx_word' id='word_1_108' title='bbox 707 1282 871 1349; x_wconf 81' lang='lat' dir='ltr'><strong>eorrpmpitur,</strong></span> <span class='ocrx_word' id='word_1_109' title='bbox 887 1288 949 1349; x_wconf 86' lang='lat' dir='ltr'><strong>quia</strong></span> 
     </span>
     <span class='ocr_line' id='line_1_15' title="bbox 141 1354 949 1419; baseline -0.001 -9"><span class='ocrx_word' id='word_1_110' title='bbox 141 1359 174 1410; x_wconf 85' lang='lat' dir='ltr'><strong>sio</strong></span> <span class='ocrx_word' id='word_1_111' title='bbox 193 1359 217 1408; x_wconf 91' lang='lat' dir='ltr'><strong>iu</strong></span> <span class='ocrx_word' id='word_1_112' title='bbox 231 1357 327 1407; x_wconf 84' lang='lat' dir='ltr'><strong>nihilum</strong></span> <span class='ocrx_word' id='word_1_113' title='bbox 342 1356 493 1419; x_wconf 74' lang='lat' dir='ltr'><strong>redigeretur,</strong></span> <span class='ocrx_word' id='word_1_114' title='bbox 508 1354 566 1405; x_wconf 89' lang='lat' dir='ltr'><strong>siout</strong></span> <span class='ocrx_word' id='word_1_115' title='bbox 579 1369 607 1405; x_wconf 86' lang='lat' dir='ltr'><strong>ex</strong></span> <span class='ocrx_word' id='word_1_116' title='bbox 626 1355 697 1406; x_wconf 82' lang='lat' dir='ltr'><strong>nihilo</strong></span> <span class='ocrx_word' id='word_1_117' title='bbox 715 1358 806 1406; x_wconf 81' lang='lat' dir='ltr'><strong>creatur·</strong></span> <span class='ocrx_word' id='word_1_118' title='bbox 821 1372 826 1404; x_wconf 94' lang='lat'>:</span> <span class='ocrx_word' id='word_1_119' title='bbox 844 1356 906 1407; x_wconf 83' lang='lat' dir='ltr'><strong>uude</strong></span> <span class='ocrx_word' id='word_1_120' title='bbox 924 1364 949 1409; x_wconf 85' lang='grc' dir='ltr'><strong>ει</strong></span> 
     </span>
     <span class='ocr_line' id='line_1_16' title="bbox 142 1424 949 1493; baseline -0.002 -12"><span class='ocrx_word' id='word_1_121' title='bbox 142 1430 222 1483; x_wconf 82' lang='lat' dir='ltr'><strong>dicitur</strong></span> <span class='ocrx_word' id='word_1_122' title='bbox 239 1444 253 1477; x_wconf 83' lang='lat' dir='ltr'><strong>o</strong></span> <span class='ocrx_word' id='word_1_123' title='bbox 264 1441 323 1481; x_wconf 86' lang='lat' dir='ltr'><strong>noua</strong></span> <span class='ocrx_word' id='word_1_124' title='bbox 343 1430 444 1477; x_wconf 85' lang='lat' dir='ltr'><strong>ereatura</strong></span> <span class='ocrx_word' id='word_1_125' title='bbox 461 1442 475 1475; x_wconf 86' lang='lat' dir='ltr'><strong>u</strong></span> <span class='ocrx_word' id='word_1_126' title='bbox 494 1425 530 1475; x_wconf 83' lang='lat' dir='ltr'><strong>od</strong></span> <span class='ocrx_word' id='word_1_127' title='bbox 544 1424 601 1477; x_wconf 83' lang='lat' dir='ltr'><strong>Gal.</strong></span> <span class='ocrx_word' id='word_1_128' title='bbox 619 1426 660 1477; x_wconf 85' lang='lat' dir='ltr'><strong>ult.</strong></span> <span class='ocrx_word' id='word_1_129' title='bbox 674 1427 735 1493; x_wconf 77' lang='lat' dir='ltr'><strong>Ergo</strong></span> <span class='ocrx_word' id='word_1_130' title='bbox 749 1425 823 1491; x_wconf 75' lang='lat' dir='ltr'><strong>qratia</strong></span> <span class='ocrx_word' id='word_1_131' title='bbox 841 1440 887 1477; x_wconf 86' lang='lat' dir='ltr'><strong>uon</strong></span> <span class='ocrx_word' id='word_1_132' title='bbox 911 1435 949 1481; x_wconf 86' lang='lat' dir='ltr'><strong>est</strong></span> 
     </span>
    </p>

    <p class='ocr_par' dir='ltr' id='par_1_6' title="bbox 156 1502 245 1553">
     <span class='ocr_line' id='line_1_17' title="bbox 156 1502 245 1553; baseline -0.022 0"><span class='ocrx_word' id='word_1_133' title='bbox 156 1502 245 1553; x_wconf 79' lang='lat' dir='ltr'><strong>uetitas.</strong></span> 
     </span>
    </p>

    <p class='ocr_par' dir='ltr' id='par_1_7' title="bbox 140 1517 948 1920">
     <span class='ocr_line' id='line_1_18' title="bbox 140 1517 948 1633; baseline 0.004 -12"><span class='ocrx_word' id='word_1_134' title='bbox 140 1517 155 1565; x_wconf 87' lang='lat' dir='ltr'><strong>q</strong></span> <span class='ocrx_word' id='word_1_135' title='bbox 175 1572 311 1623; x_wconf 75' lang='lat' dir='ltr'><strong>Seooouua</strong></span> <span class='ocrx_word' id='word_1_136' title='bbox 321 1572 369 1629; x_wconf 85' lang='grc' dir='ltr'><strong>εει,</strong></span> <span class='ocrx_word' id='word_1_137' title='bbox 383 1568 442 1633; x_wconf 84' lang='lat' dir='ltr'><strong>quod</strong></span> <span class='ocrx_word' id='word_1_138' title='bbox 453 1582 521 1633; x_wconf 88' lang='lat' dir='ltr'><strong>super·</strong></span> <span class='ocrx_word' id='word_1_139' title='bbox 534 1568 588 1619; x_wconf 88' lang='lat' dir='ltr'><strong>illud</strong></span> <span class='ocrx_word' id='word_1_140' title='bbox 603 1567 670 1619; x_wconf 81' lang='lat' dir='ltr'><strong>Prot.</strong></span> <span class='ocrx_word' id='word_1_141' title='bbox 684 1568 744 1631; x_wconf 80' lang='lat' dir='ltr'><strong>cult,</strong></span> <span class='ocrx_word' id='word_1_142' title='bbox 761 1587 775 1614; x_wconf 82' lang='lat' dir='ltr'><strong>u</strong></span> <span class='ocrx_word' id='word_1_143' title='bbox 787 1574 812 1619; x_wconf 86' lang='lat' dir='ltr'><strong>ut</strong></span> <span class='ocrx_word' id='word_1_144' title='bbox 829 1570 948 1624; x_wconf 84' lang='lat' dir='ltr'><strong>exluilaret</strong></span> 
     </span>
     <span class='ocr_line' id='line_1_19' title="bbox 144 1640 947 1709; baseline 0.004 -16"><span class='ocrx_word' id='word_1_145' title='bbox 144 1644 227 1697; x_wconf 80' lang='lat' dir='ltr'><strong>faeiem</strong></span> <span class='ocrx_word' id='word_1_146' title='bbox 236 1641 261 1692; x_wconf 86' lang='lat' dir='ltr'><strong>in</strong></span> <span class='ocrx_word' id='word_1_147' title='bbox 269 1642 327 1707; x_wconf 87' lang='lat' dir='ltr'><strong>oleo,</strong></span> <span class='ocrx_word' id='word_1_148' title='bbox 337 1658 350 1689; x_wconf 88' lang='lat' dir='ltr'><strong>u</strong></span> <span class='ocrx_word' id='word_1_149' title='bbox 361 1640 414 1693; x_wconf 83' lang='lat' dir='ltr'><strong>dicit</strong></span> <span class='ocrx_word' id='word_1_150' title='bbox 424 1642 504 1693; x_wconf 85' lang='lat' dir='ltr'><strong>Glossa</strong></span> <span class='ocrx_word' id='word_1_151' title='bbox 516 1640 559 1703; x_wconf 73' lang='lat' dir='ltr'><strong>(a),</strong></span> <span class='ocrx_word' id='word_1_152' title='bbox 568 1642 649 1705; x_wconf 85' lang='lat' dir='ltr'><strong>quod«</strong></span> <span class='ocrx_word' id='word_1_153' title='bbox 658 1640 730 1705; x_wconf 78' lang='lat' dir='ltr'><strong>gratia</strong></span> <span class='ocrx_word' id='word_1_154' title='bbox 742 1646 777 1692; x_wconf 87' lang='lat' dir='ltr'><strong>est</strong></span> <span class='ocrx_word' id='word_1_155' title='bbox 783 1642 842 1694; x_wconf 87' lang='lat' dir='ltr'><strong>nitor</strong></span> <span class='ocrx_word' id='word_1_156' title='bbox 851 1643 947 1709; x_wconf 69' lang='lat' dir='ltr'><strong>mima,</strong></span> 
     </span>
     <span class='ocr_line' id='line_1_20' title="bbox 143 1712 948 1777; baseline 0.002 -10"><span class='ocrx_word' id='word_1_157' title='bbox 143 1718 252 1767; x_wconf 59' lang='lat' dir='ltr'><strong>auctum.</strong></span> <span class='ocrx_word' id='word_1_158' title='bbox 263 1713 386 1766; x_wconf 82' lang='lat' dir='ltr'><strong>conciliaus</strong></span> <span class='ocrx_word' id='word_1_159' title='bbox 403 1725 511 1765; x_wconf 78' lang='lat' dir='ltr'><strong>aurorem.</strong></span> <span class='ocrx_word' id='word_1_160' title='bbox 525 1728 540 1759; x_wconf 82' lang='lat' dir='ltr'><strong>u</strong></span> <span class='ocrx_word' id='word_1_161' title='bbox 559 1712 604 1764; x_wconf 87' lang='lat' dir='ltr'><strong>Sed</strong></span> <span class='ocrx_word' id='word_1_162' title='bbox 618 1713 678 1763; x_wconf 87' lang='lat' dir='ltr'><strong>nitor</strong></span> <span class='ocrx_word' id='word_1_163' title='bbox 691 1713 773 1765; x_wconf 68' lang='lat' dir='ltr'><strong>mima</strong></span> <span class='ocrx_word' id='word_1_164' title='bbox 789 1718 825 1765; x_wconf 91' lang='grc' dir='ltr'><strong>εει</strong></span> <span class='ocrx_word' id='word_1_165' title='bbox 839 1714 948 1777; x_wconf 80' lang='lat' dir='ltr'><strong>quadarn</strong></span> 
     </span>
     <span class='ocr_line' id='line_1_21' title="bbox 143 1784 948 1851; baseline 0.005 -14"><span class='ocrx_word' id='word_1_166' title='bbox 143 1786 254 1851; x_wconf 82' lang='lat' dir='ltr'><strong>qualitas,</strong></span> <span class='ocrx_word' id='word_1_167' title='bbox 267 1785 326 1837; x_wconf 88' lang='lat' dir='ltr'><strong>sieut</strong></span> <span class='ocrx_word' id='word_1_168' title='bbox 338 1789 361 1837; x_wconf 91' lang='grc' dir='ltr'><strong>ει</strong></span> <span class='ocrx_word' id='word_1_169' title='bbox 372 1784 514 1850; x_wconf 81' lang='lat' dir='ltr'><strong>pulchritudo</strong></span> <span class='ocrx_word' id='word_1_170' title='bbox 523 1784 631 1849; x_wconf 87' lang='lat' dir='ltr'><strong>eorporis.</strong></span> <span class='ocrx_word' id='word_1_171' title='bbox 643 1784 702 1848; x_wconf 76' lang='lat' dir='ltr'><strong>Ergo</strong></span> <span class='ocrx_word' id='word_1_172' title='bbox 716 1785 787 1849; x_wconf 81' lang='lat' dir='ltr'><strong>qratia</strong></span> <span class='ocrx_word' id='word_1_173' title='bbox 796 1788 832 1837; x_wconf 87' lang='lat' dir='ltr'><strong>est</strong></span> <span class='ocrx_word' id='word_1_174' title='bbox 838 1787 948 1850; x_wconf 81' lang='lat' dir='ltr'><strong>quadam</strong></span> 
     </span>
     <span class='ocr_line' id='line_1_22' title="bbox 141 1855 293 1920; baseline 0.026 -13"><span class='ocrx_word' id='word_1_175' title='bbox 141 1855 245 1920; x_wconf 84' lang='lat' dir='ltr'><strong>qualitas.</strong></span> <span class='ocrx_word' id='word_1_176' title='bbox 291 1906 293 1911; x_wconf 80' lang='grc'>,</span> 
     </span>
    </p>

    <p class='ocr_par' dir='ltr' id='par_1_8' title="bbox 140 1927 948 2278">
     <span class='ocr_line' id='line_1_23' title="bbox 173 1927 947 1993; baseline 0.008 -14"><span class='ocrx_word' id='word_1_177' title='bbox 173 1928 329 1993; x_wconf 83' lang='lat' dir='ltr'><strong>(Cououusro.</strong></span> <span class='ocrx_word' id='word_1_178' title='bbox 340 1954 370 1967; x_wconf 92' lang='lat'><em>-</em></span> <span class='ocrx_word' id='word_1_179' title='bbox 384 1928 466 1979; x_wconf 73' lang='lat' dir='ltr'><strong>Praeter</strong></span> <span class='ocrx_word' id='word_1_180' title='bbox 477 1927 585 1979; x_wconf 81' lang='lat' dir='ltr'><strong>auxilium</strong></span> <span class='ocrx_word' id='word_1_181' title='bbox 593 1928 691 1993; x_wconf 77' lang='lat' dir='ltr'><strong>speciale</strong></span> <span class='ocrx_word' id='word_1_182' title='bbox 701 1942 746 1991; x_wconf 93' lang='lat' dir='ltr'><strong>quo</strong></span> <span class='ocrx_word' id='word_1_183' title='bbox 755 1929 815 1982; x_wconf 86' lang='lat' dir='ltr'><strong>lleus</strong></span> <span class='ocrx_word' id='word_1_184' title='bbox 826 1931 947 1985; x_wconf 84' lang='lat' dir='ltr'><strong>homiaem</strong></span> 
     </span>
     <span class='ocr_line' id='line_1_24' title="bbox 142 1998 948 2068; baseline 0.007 -17"><span class='ocrx_word' id='word_1_185' title='bbox 142 2003 218 2051; x_wconf 84' lang='lat' dir='ltr'><strong>movet</strong></span> <span class='ocrx_word' id='word_1_186' title='bbox 231 2000 258 2051; x_wconf 86' lang='lat' dir='ltr'><strong>ad</strong></span> <span class='ocrx_word' id='word_1_187' title='bbox 272 2001 330 2051; x_wconf 87' lang='lat' dir='ltr'><strong>hene</strong></span> <span class='ocrx_word' id='word_1_188' title='bbox 344 1998 471 2063; x_wconf 53' lang='lat' dir='ltr'><strong>meadum,</strong></span> <span class='ocrx_word' id='word_1_189' title='bbox 483 2000 602 2064; x_wconf 74' lang='lat' dir='ltr'><strong>ponendus</strong></span> <span class='ocrx_word' id='word_1_190' title='bbox 618 2000 688 2051; x_wconf 85' lang='lat' dir='ltr'><strong>etiam</strong></span> <span class='ocrx_word' id='word_1_191' title='bbox 701 2000 773 2052; x_wconf 90' lang='lat' dir='ltr'><strong>estin</strong></span> <span class='ocrx_word' id='word_1_192' title='bbox 785 2000 948 2068; x_wconf 84' lang='lat' dir='ltr'><strong>auimajusti·</strong></span> 
     </span>
     <span class='ocr_line' id='line_1_25' title="bbox 140 2069 945 2142; baseline 0.002 -20"><span class='ocrx_word' id='word_1_193' title='bbox 140 2071 256 2123; x_wconf 83' lang='lat' dir='ltr'><strong>licatoruuu</strong></span> <span class='ocrx_word' id='word_1_194' title='bbox 270 2072 360 2127; x_wconf 81' lang='lat' dir='ltr'><strong>lralritus</strong></span> <span class='ocrx_word' id='word_1_195' title='bbox 368 2069 450 2134; x_wconf 75' lang='lat' dir='ltr'><strong>qratia</strong></span> <span class='ocrx_word' id='word_1_196' title='bbox 467 2084 509 2131; x_wconf 86' lang='lat' dir='ltr'><strong>seu</strong></span> <span class='ocrx_word' id='word_1_197' title='bbox 522 2070 619 2135; x_wconf 84' lang='lat' dir='ltr'><strong>qualitas</strong></span> <span class='ocrx_word' id='word_1_198' title='bbox 633 2074 737 2137; x_wconf 76' lang='lat' dir='ltr'><strong>quedam</strong></span> <span class='ocrx_word' id='word_1_199' title='bbox 750 2076 945 2142; x_wconf 83' lang='lat' dir='ltr'><strong>supernaturalis,</strong></span> 
     </span>
     <span class='ocr_line' id='line_1_26' title="bbox 141 2138 947 2207; baseline 0.007 -16"><span class='ocrx_word' id='word_1_200' title='bbox 141 2146 167 2192; x_wconf 86' lang='lat' dir='ltr'><strong>ut</strong></span> <span class='ocrx_word' id='word_1_201' title='bbox 184 2142 284 2195; x_wconf 85' lang='lat' dir='ltr'><strong>suaviter</strong></span> <span class='ocrx_word' id='word_1_202' title='bbox 301 2147 324 2194; x_wconf 91' lang='grc' dir='ltr'><strong>ει</strong></span> <span class='ocrx_word' id='word_1_203' title='bbox 341 2145 445 2207; x_wconf 84' lang='lat' dir='ltr'><strong>prompte</strong></span> <span class='ocrx_word' id='word_1_204' title='bbox 463 2142 491 2193; x_wconf 81' lang='lat' dir='ltr'><strong>alr</strong></span> <span class='ocrx_word' id='word_1_205' title='bbox 506 2141 556 2207; x_wconf 89' lang='lat' dir='ltr'><strong>ipso</strong></span> <span class='ocrx_word' id='word_1_206' title='bbox 575 2144 603 2193; x_wconf 87' lang='lat' dir='ltr'><strong>al</strong></span> <span class='ocrx_word' id='word_1_207' title='bbox 625 2138 736 2203; x_wconf 75' lang='lat' dir='ltr'><strong>aternum</strong></span> <span class='ocrx_word' id='word_1_208' title='bbox 754 2143 839 2203; x_wconf 81' lang='lat' dir='ltr'><strong>bouum</strong></span> <span class='ocrx_word' id='word_1_209' title='bbox 859 2158 947 2201; x_wconf 85' lang='lat' dir='ltr'><strong>eonse-</strong></span> 
     </span>
     <span class='ocr_line' id='line_1_27' title="bbox 141 2213 429 2278; baseline -0.017 -11"><span class='ocrx_word' id='word_1_210' title='bbox 141 2216 256 2278; x_wconf 83' lang='lat' dir='ltr'><strong>queuduro</strong></span> <span class='ocrx_word' id='word_1_211' title='bbox 276 2213 429 2277; x_wconf 77' lang='lat' dir='ltr'><strong>moveantur.)</strong></span> 
     </span>
    </p>

    <p class='ocr_par' dir='ltr' id='par_1_9' title="bbox 141 2284 947 2503">
     <span class='ocr_line' id='line_1_28' title="bbox 172 2284 945 2356; baseline 0.006 -19"><span class='ocrx_word' id='word_1_212' title='bbox 172 2287 307 2352; x_wconf 78' lang='lat' dir='ltr'><strong>Responderi</strong></span> <span class='ocrx_word' id='word_1_213' title='bbox 319 2284 456 2349; x_wconf 51' lang='lat' dir='ltr'><strong>¹dieeruluoa,</strong></span> <span class='ocrx_word' id='word_1_214' title='bbox 471 2288 532 2351; x_wconf 86' lang='lat' dir='ltr'><strong>quod</strong></span> <span class='ocrx_word' id='word_1_215' title='bbox 549 2289 608 2339; x_wconf 84' lang='grc' dir='ltr'><strong>ειεει</strong></span> <span class='ocrx_word' id='word_1_216' title='bbox 618 2287 667 2352; x_wconf 85' lang='lat' dir='ltr'><strong>jam</strong></span> <span class='ocrx_word' id='word_1_217' title='bbox 680 2287 764 2338; x_wconf 66' lang='lat' dir='ltr'><strong>diuum</strong></span> <span class='ocrx_word' id='word_1_218' title='bbox 773 2291 809 2342; x_wconf 87' lang='grc' dir='ltr'><strong>εει</strong></span> <span class='ocrx_word' id='word_1_219' title='bbox 818 2288 828 2351; x_wconf 79' lang='grc' dir='ltr'><strong>ι</strong></span> <span class='ocrx_word' id='word_1_220' title='bbox 838 2293 881 2340; x_wconf 86' lang='lat' dir='ltr'><strong>art.</strong></span> <span class='ocrx_word' id='word_1_221' title='bbox 896 2296 910 2342; x_wconf 86' lang='lat'><strong>1</strong></span> <span class='ocrx_word' id='word_1_222' title='bbox 924 2294 945 2356; x_wconf 89' lang='lat'><strong>),</strong></span> 
     </span>
     <span class='ocr_line' id='line_1_29' title="bbox 141 2357 945 2426; baseline 0.012 -19"><span class='ocrx_word' id='word_1_223' title='bbox 141 2358 169 2417; x_wconf 83' lang='lat' dir='ltr'><strong>iq</strong></span> <span class='ocrx_word' id='word_1_224' title='bbox 180 2372 208 2411; x_wconf 84' lang='lat' dir='ltr'><strong>eo</strong></span> <span class='ocrx_word' id='word_1_225' title='bbox 221 2358 260 2423; x_wconf 86' lang='lat' dir='ltr'><strong>qui</strong></span> <span class='ocrx_word' id='word_1_226' title='bbox 273 2358 355 2414; x_wconf 83' lang='lat' dir='ltr'><strong>dieitur</strong></span> <span class='ocrx_word' id='word_1_227' title='bbox 364 2357 459 2422; x_wconf 78' lang='lat' dir='ltr'><strong>gratiam</strong></span> <span class='ocrx_word' id='word_1_228' title='bbox 473 2358 514 2410; x_wconf 74' lang='lat' dir='ltr'><strong>liei</strong></span> <span class='ocrx_word' id='word_1_229' title='bbox 527 2360 623 2423; x_wconf 79' lang='lat' dir='ltr'><strong>habere,</strong></span> <span class='ocrx_word' id='word_1_230' title='bbox 634 2359 773 2424; x_wconf 77' lang='lat' dir='ltr'><strong>significatur</strong></span> <span class='ocrx_word' id='word_1_231' title='bbox 784 2374 836 2412; x_wconf 84' lang='lat' dir='ltr'><strong>esse</strong></span> <span class='ocrx_word' id='word_1_232' title='bbox 849 2363 945 2426; x_wconf 71' lang='lat' dir='ltr'><strong>quiqam</strong></span> 
     </span>
     <span class='ocr_line' id='line_1_30' title="bbox 143 2430 947 2503; baseline 0.01 -23"><span class='ocrx_word' id='word_1_233' title='bbox 143 2430 237 2503; x_wconf 78' lang='lat' dir='ltr'><strong>effectus</strong></span> <span class='ocrx_word' id='word_1_234' title='bbox 260 2430 362 2495; x_wconf 74' lang='lat' dir='ltr'><strong>goutte</strong></span> <span class='ocrx_word' id='word_1_235' title='bbox 389 2430 430 2483; x_wconf 79' lang='lat' dir='ltr'><strong>liei</strong></span> <span class='ocrx_word' id='word_1_236' title='bbox 449 2430 583 2483; x_wconf 84' lang='lat' dir='ltr'><strong>uoluntatis.</strong></span> <span class='ocrx_word' id='word_1_237' title='bbox 607 2432 695 2482; x_wconf 82' lang='lat' dir='ltr'><strong>Dictum</strong></span> <span class='ocrx_word' id='word_1_238' title='bbox 716 2435 753 2483; x_wconf 89' lang='grc' dir='ltr'><strong>εει</strong></span> <span class='ocrx_word' id='word_1_239' title='bbox 774 2435 851 2486; x_wconf 85' lang='lat' dir='ltr'><strong>autem</strong></span> <span class='ocrx_word' id='word_1_240' title='bbox 873 2438 947 2501; x_wconf 77' lang='lat' dir='ltr'><strong>supra</strong></span> 
     </span>
    </p>
   </div>
   <div class='ocr_carea' id='block_1_4' title="bbox 176 2537 862 2605">
    <p class='ocr_par' dir='ltr' id='par_1_10' title="bbox 176 2537 862 2605">
     <span class='ocr_line' id='line_1_31' title="bbox 176 2537 862 2605; baseline 0.003 -20"><span class='ocrx_word' id='word_1_241' title='bbox 176 2537 207 2600; x_wconf 75' lang='lat' dir='ltr'><strong>(ll</strong></span> <span class='ocrx_word' id='word_1_242' title='bbox 223 2541 255 2587; x_wconf 86' lang='lat' dir='ltr'><strong>De</strong></span> <span class='ocrx_word' id='word_1_243' title='bbox 269 2540 388 2605; x_wconf 75' lang='lat' dir='ltr'><strong>hisatium</strong></span> <span class='ocrx_word' id='word_1_244' title='bbox 402 2541 425 2585; x_wconf 88' lang='lat' dir='ltr'><strong>iu</strong></span> <span class='ocrx_word' id='word_1_245' title='bbox 439 2543 470 2599; x_wconf 91' lang='lat' dir='ltr'><strong>Il,</strong></span> <span class='ocrx_word' id='word_1_246' title='bbox 485 2540 563 2591; x_wconf 74' lang='lat' dir='ltr'><strong>Seot„</strong></span> <span class='ocrx_word' id='word_1_247' title='bbox 578 2542 631 2587; x_wconf 81' lang='lat' dir='ltr'><strong>dist.</strong></span> <span class='ocrx_word' id='word_1_248' title='bbox 642 2541 681 2601; x_wconf 71' lang='lat'><strong>28,</strong></span> <span class='ocrx_word' id='word_1_249' title='bbox 696 2555 736 2600; x_wconf 83' lang='lat' dir='ltr'><strong>qu.</strong></span> <span class='ocrx_word' id='word_1_250' title='bbox 748 2540 772 2601; x_wconf 79' lang='grc' dir='ltr'><strong>ι,</strong></span> <span class='ocrx_word' id='word_1_251' title='bbox 785 2547 828 2589; x_wconf 83' lang='lat' dir='ltr'><strong>art.</strong></span> <span class='ocrx_word' id='word_1_252' title='bbox 838 2542 862 2588; x_wconf 63' lang='grc' dir='ltr'><strong>ἱ.</strong></span> 
     </span>
    </p>
   </div>
   <div class='ocr_carea' id='block_1_5' title="bbox 141 2609 945 2988">
    <p class='ocr_par' dir='ltr' id='par_1_11' title="bbox 141 2609 945 2988">
     <span class='ocr_line' id='line_1_32' title="bbox 177 2609 945 2672; baseline 0.012 -17"><span class='ocrx_word' id='word_1_253' title='bbox 177 2609 207 2671; x_wconf 65' lang='grc' dir='ltr'><strong>(ι)</strong></span> <span class='ocrx_word' id='word_1_254' title='bbox 222 2614 255 2657; x_wconf 80' lang='grc' dir='ltr'><strong>ιιι</strong></span> <span class='ocrx_word' id='word_1_255' title='bbox 265 2614 394 2671; x_wconf 74' lang='lat' dir='ltr'><strong>Augustino</strong></span> <span class='ocrx_word' id='word_1_256' title='bbox 404 2620 496 2672; x_wconf 85' lang='lat' dir='ltr'><strong>sumpto</strong></span> <span class='ocrx_word' id='word_1_257' title='bbox 507 2614 541 2659; x_wconf 83' lang='lat' dir='ltr'><strong>sie</strong></span> <span class='ocrx_word' id='word_1_258' title='bbox 552 2614 642 2659; x_wconf 80' lang='lat' dir='ltr'><strong>(licente</strong></span> <span class='ocrx_word' id='word_1_259' title='bbox 653 2631 658 2658; x_wconf 88' lang='lat'>:</span> <span class='ocrx_word' id='word_1_260' title='bbox 669 2614 736 2671; x_wconf 75' lang='lat' dir='ltr'><strong>Quid</strong></span> <span class='ocrx_word' id='word_1_261' title='bbox 747 2617 782 2661; x_wconf 80' lang='lat' dir='ltr'><strong>eat</strong></span> <span class='ocrx_word' id='word_1_262' title='bbox 790 2614 945 2664; x_wconf 69' lang='lat' dir='ltr'><strong>exhilaratio</strong></span> 
     </span>
     <span class='ocr_line' id='line_1_33' title="bbox 141 2674 943 2737; baseline 0.01 -18"><span class='ocrx_word' id='word_1_263' title='bbox 141 2676 217 2733; x_wconf 69' lang='lat' dir='ltr'><strong>sotter·</strong></span> <span class='ocrx_word' id='word_1_264' title='bbox 232 2676 262 2719; x_wconf 81' lang='lat' dir='ltr'><strong>to</strong></span> <span class='ocrx_word' id='word_1_265' title='bbox 275 2674 344 2721; x_wconf 80' lang='lat' dir='ltr'><strong>oleo?</strong></span> <span class='ocrx_word' id='word_1_266' title='bbox 361 2676 448 2723; x_wconf 75' lang='lat' dir='ltr'><strong>Gratia</strong></span> <span class='ocrx_word' id='word_1_267' title='bbox 464 2677 527 2725; x_wconf 78' lang='lat' dir='ltr'><strong>Det,</strong></span> <span class='ocrx_word' id='word_1_268' title='bbox 541 2678 610 2722; x_wconf 74' lang='lat' dir='ltr'><strong>otior</strong></span> <span class='ocrx_word' id='word_1_269' title='bbox 628 2677 729 2735; x_wconf 76' lang='lat' dir='ltr'><strong>quidem</strong></span> <span class='ocrx_word' id='word_1_270' title='bbox 750 2679 779 2722; x_wconf 79' lang='lat' dir='ltr'><strong>io</strong></span> <span class='ocrx_word' id='word_1_271' title='bbox 797 2679 943 2737; x_wconf 69' lang='lat' dir='ltr'><strong>monifesta-</strong></span> 
     </span>
     <span class='ocr_line' id='line_1_34' title="bbox 142 2737 944 2801; baseline 0.011 -20"><span class='ocrx_word' id='word_1_272' title='bbox 142 2738 223 2787; x_wconf 80' lang='lat' dir='ltr'><strong>ta&#39;ooe,</strong></span> <span class='ocrx_word' id='word_1_273' title='bbox 236 2737 301 2784; x_wconf 73' lang='lat' dir='ltr'><strong>siout</strong></span> <span class='ocrx_word' id='word_1_274' title='bbox 313 2743 334 2785; x_wconf 87' lang='lat' dir='ltr'><strong>et</strong></span> <span class='ocrx_word' id='word_1_275' title='bbox 345 2737 472 2797; x_wconf 75' lang='lat' dir='ltr'><strong>Apostolus</strong></span> <span class='ocrx_word' id='word_1_276' title='bbox 487 2738 562 2789; x_wconf 77' lang='lat' dir='ltr'><strong>dicit,</strong></span> <span class='ocrx_word' id='word_1_277' title='bbox 575 2740 595 2784; x_wconf 89' lang='lat'><strong>1.</strong></span> <span class='ocrx_word' id='word_1_278' title='bbox 607 2740 636 2784; x_wconf 87' lang='lat' dir='ltr'><strong>ad</strong></span> <span class='ocrx_word' id='word_1_279' title='bbox 649 2742 712 2796; x_wconf 72' lang='lat' dir='ltr'><strong>(lou,</strong></span> <span class='ocrx_word' id='word_1_280' title='bbox 730 2740 785 2785; x_wconf 81' lang='lat' dir='ltr'><strong>XII:</strong></span> <span class='ocrx_word' id='word_1_281' title='bbox 802 2739 944 2801; x_wconf 66' lang='lat' dir='ltr'><strong>oneretque</strong></span> 
     </span>
     <span class='ocr_line' id='line_1_35' title="bbox 141 2799 943 2862; baseline 0.012 -19"><span class='ocrx_word' id='word_1_282' title='bbox 141 2799 217 2844; x_wconf 79' lang='lat' dir='ltr'><strong>detur</strong></span> <span class='ocrx_word' id='word_1_283' title='bbox 229 2801 374 2858; x_wconf 66' lang='lat' dir='ltr'><strong>spiritusque</strong></span> <span class='ocrx_word' id='word_1_284' title='bbox 385 2802 620 2862; x_wconf 68' lang='lat' dir='ltr'><strong>manifestationem.-</strong></span> <span class='ocrx_word' id='word_1_285' title='bbox 632 2802 895 2861; x_wconf 65' lang='lat' dir='ltr'><strong>prosequeremur»</strong></span> <span class='ocrx_word' id='word_1_286' title='bbox 906 2810 943 2853; x_wconf 79' lang='lat' dir='ltr'><strong>eat</strong></span> 
     </span>
     <span class='ocr_line' id='line_1_36' title="bbox 141 2860 945 2923; baseline 0.014 -18"><span class='ocrx_word' id='word_1_287' title='bbox 141 2860 267 2909; x_wconf 71' lang='lat' dir='ltr'><strong>uomitum</strong></span> <span class='ocrx_word' id='word_1_288' title='bbox 278 2864 310 2910; x_wconf 76' lang='lat' dir='ltr'><strong>ort</strong></span> <span class='ocrx_word' id='word_1_289' title='bbox 325 2863 443 2913; x_wconf 66' lang='lat' dir='ltr'><strong>aarum,</strong></span> <span class='ocrx_word' id='word_1_290' title='bbox 449 2864 584 2923; x_wconf 73' lang='lat' dir='ltr'><strong>perepicuo</strong></span> <span class='ocrx_word' id='word_1_291' title='bbox 596 2864 628 2908; x_wconf 76' lang='grc' dir='ltr'><strong>αιι</strong></span> <span class='ocrx_word' id='word_1_292' title='bbox 639 2864 822 2912; x_wconf 67' lang='lat' dir='ltr'><strong>conciliandum</strong></span> <span class='ocrx_word' id='word_1_293' title='bbox 829 2872 945 2917; x_wconf 68' lang='lat' dir='ltr'><strong>sonetum</strong></span> 
     </span>
     <span class='ocr_line' id='line_1_37' title="bbox 141 2926 758 2988; baseline 0.002 -15"><span class='ocrx_word' id='word_1_294' title='bbox 141 2936 256 2981; x_wconf 78' lang='lat' dir='ltr'><strong>amorem,</strong></span> <span class='ocrx_word' id='word_1_295' title='bbox 268 2927 347 2976; x_wconf 80' lang='lat' dir='ltr'><strong>oleum</strong></span> <span class='ocrx_word' id='word_1_296' title='bbox 359 2926 456 2975; x_wconf 77' lang='lat' dir='ltr'><strong>dieitur</strong></span> <span class='ocrx_word' id='word_1_297' title='bbox 466 2927 496 2976; x_wconf 81' lang='lat' dir='ltr'><strong>to</strong></span> <span class='ocrx_word' id='word_1_298' title='bbox 508 2926 589 2978; x_wconf 76' lang='lat' dir='ltr'><strong>otton</strong></span> <span class='ocrx_word' id='word_1_299' title='bbox 600 2926 697 2988; x_wconf 63' lang='grc' dir='ltr'><strong>(ιεέιεε,</strong></span> <span class='ocrx_word' id='word_1_300' title='bbox 714 2931 758 2975; x_wconf 79' lang='lat' dir='ltr'><strong>otc.</strong></span> 
     </span>
    </p>
   </div>
   <div class='ocr_carea' id='block_1_6' title="bbox 0 0 1000 3317">
    <p class='ocr_par' dir='ltr' id='par_1_12' title="bbox 0 0 1000 3317">
     <span class='ocr_line' id='line_1_38' title="bbox 0 0 1000 3317; baseline 0 0"><span class='ocrx_word' id='word_1_301' title='bbox 0 0 1000 3317; x_wconf 95' lang='lat' dir='ltr'><strong> </strong></span> 
     </span>
    </p>
   </div>
  </div>
 </body>
</html>
