1992 3317
94 142 140 195 til
211 148 319 189 sseuuno
334 148 457 200 sseuunn,
475 148 569 193 ounsr.
586 146 661 198 nur,
677 144 732 185 uer.
749 146 775 185 u.

125 230 160 281 lu
168 227 261 279 tertium
273 226 407 288 dicendum,
417 225 477 290 qood
487 226 546 277 sieut
556 223 697 289 Augustinus
705 221 762 273 dieit
769 222 796 272 iu
807 224 901 289 regula,

10 320 14 329 ·
97 318 111 350 (ι
124 302 183 351 Cum
199 298 281 350 dieitur
291 336 298 362 ,
309 296 407 348 charitas
422 310 468 349 non
482 296 563 361 querit
572 306 623 360 quse
635 309 676 346 sun
689 298 753 356 sunt,
763 292 798 343 sie
813 293 904 345 intelli·

95 372 156 437 gitur
165 370 224 434 quod
234 368 363 420 eommunia
371 366 468 432 propriis
481 367 608 432 auteponit.
618 384 633 415 o
642 368 738 430 Semper
751 367 829 416 numm
838 379 905 417 oom-

95 455 164 493 mune
179 442 264 493 bouum
276 445 313 491 est
328 440 400 503 magis
414 440 513 490 amabile
525 439 658 503 unicuique,
672 450 741 501 quem
754 438 877 501 proprium
893 455 900 490 :

97 513 155 565 deut
173 511 242 563 etiam
258 512 304 575 ipsi
315 511 375 576 perti
391 515 427 562 est
438 511 512 575 mods
524 509 620 561 amabile
632 510 719 559 bonum
733 508 818 572 totins,
832 521 907 572 quum

95 584 180 637 honum
196 583 290 647 partiale
307 583 342 634 sul
356 583 442 647 ipsius,
456 585 482 633 ut
494 582 580 633 dietum
593 585 630 633 est
646 583 704 644 (art.
720 579 765 642 3).

395 751 556 803 inmenens
568 751 596 798 V.

103 869 188 918 Utrdm
204 870 360 925 domomogn
377 868 457 913 debent
471 868 572 939 diligere
580 867 809 923 proximum,ng
818 878 907 924 normas

434 942 567 987 properem.

134 1053 168 1102 ld
177 1052 283 1117 quintum
292 1050 326 1101 sie
334 1048 463 1113 proceditur
476 1046 519 1111 (l).
530 1046 626 1097 Videtur
633 1044 694 1111 qnid
706 1048 910 1115 homononmegls

103 1124 183 1175 debeat
196 1123 288 1187 diligere
298 1120 444 1186 proximum,
457 1130 525 1183 quam
537 1132 619 1181 eorpus
632 1118 789 1183 propriumln
799 1120 909 1183 proximo

103 1196 165 1246 enim
182 1194 314 1255 intelligitur
330 1203 413 1253 eorpus
427 1190 498 1241 nostri
515 1190 621 1255 proximi.
635 1191 660 1240 Sl
678 1204 732 1254 ergo
748 1192 816 1241 dehet
836 1193 909 1243 homo

103 1266 195 1329 diligero
206 1262 334 1327 proximum
349 1262 401 1325 plus
414 1274 483 1325 quam
492 1274 574 1327 eorpus
583 1262 715 1326 proprium,
729 1262 832 1327 sequitur
845 1262 909 1326 quod

103 1337 155 1401 plus
173 1336 253 1384 debeat
268 1333 361 1405 diligere
378 1346 459 1397 corpus
473 1332 586 1396 proximi,
601 1346 671 1397 mam
685 1347 767 1397 eorpus
780 1334 908 1399 proprium.

137 1410 162 1454 i.
174 1407 298 1469 Preterea,
311 1406 380 1455 homo
394 1406 447 1468 plus
463 1405 530 1455 debet
543 1405 637 1468 diligere
654 1405 755 1455 animam
775 1405 910 1469 propriam,

106 1488 174 1541 quam
191 1476 290 1527 animam
306 1474 417 1539 proximi,
427 1478 453 1525 ul
474 1475 560 1526 dietum
573 1479 615 1527 est.
629 1477 676 1527 Sed
692 1489 772 1539 corpus
783 1477 909 1539 lpropriurn

104 1548 254 1615 propinquius
273 1550 307 1598 esl
328 1547 409 1597 anime
429 1551 524 1611 nostre,
542 1560 610 1612 quam
630 1547 755 1611 proximus.
776 1547 838 1609 Ergo
855 1548 910 1612 plus

105 1621 213 1670 debemus
229 1618 321 1682 diligere
335 1631 417 1682 eorpus
430 1618 561 1683 proprium,
576 1632 644 1683 qnam
661 1618 798 1685 proximum.

140 1694 302 1753 spretores,
323 1690 479 1755 unusquisque
501 1690 596 1754 exponit
617 1690 640 1740 id
658 1690 719 1753 quod
739 1688 815 1740 minus
834 1696 908 1755 amet,

106 1777 148 1829 pro
160 1777 187 1815 eo
205 1764 265 1827 quod
276 1762 348 1825 magis
360 1764 430 1812 amat.
440 1762 483 1811 Sed
495 1775 540 1813 non
556 1760 632 1812 omnis
644 1762 714 1813 homo
724 1765 816 1812 tenetur
834 1775 909 1827 expo·

107 1844 162 1885 nere
173 1848 255 1898 eorpus
264 1833 380 1899 proprium
393 1846 435 1897 pro
450 1834 523 1883 salute
534 1832 647 1897 proximi3
666 1834 707 1883 sed
716 1835 761 1884 hoe
773 1837 809 1883 est
819 1834 909 1897 perien-

108 1910 165 1967 tum,
176 1905 300 1955 seeundum
314 1904 370 1955 illud
380 1906 464 1963 douo„
477 1904 518 1954 xv
532 1920 538 1955 ε
554 1921 568 1951 «
579 1904 687 1967 llejorem
701 1904 911 1962 commmunione

108 1976 192 2033 hahet,
206 1988 273 2038 qnam
287 1977 313 2023 ut
331 1976 429 2025 animem
443 1988 507 2025 suem
522 1979 592 2039 ponat
605 1974 657 2037 quis
670 1988 712 2039 pro
728 1975 809 2027 amieis
819 1978 910 2029 suis.»

108 2046 168 2109 llrgo
182 2047 250 2095 homo
272 2057 318 2095 non
333 2048 423 2097 tenetur
437 2058 466 2096 ex
479 2047 589 2097 charitate
605 2047 657 2110 plns
670 2046 764 2111 diligere
782 2049 911 2112 proximum

109 2129 177 2180 quem
190 2129 272 2179 eorpus
283 2116 409 2180 proprium.

140 2186 183 2237 Sed
193 2191 271 2237 eontra
281 2191 325 2251 est,
341 2190 402 2251 quod
412 2188 551 2252 Augustinus
564 2189 618 2240 dieit
629 2192 663 2240 De
674 2190 741 2241 doct.
754 2193 842 2241 cirisi.
851 2192 911 2256 qudd

109 2275 123 2306 u
136 2259 188 2323 plus
201 2260 309 2309 debemus
322 2260 414 2325 diligere
426 2262 563 2325 proximum,
578 2275 647 2326 quam
658 2276 743 2327 eorpus
752 2264 877 2328 proprium
892 2281 907 2312 u

142 2330 306 2391 (Conclusio.
317 2358 348 2369 -
360 2332 490 2383 Proximum
504 2332 591 2398 magis,
605 2334 667 2399 quod
678 2336 705 2385 ad
722 2335 803 2385 anime
815 2336 911 2387 salntem

109 2402 202 2466 attinet,
215 2416 284 2467 quom
297 2416 378 2467 eorpus
395 2404 512 2469 proprium
533 2419 563 2455 ex
578 2406 690 2458 charitate
702 2407 796 2471 diligere
808 2408 913 2461 homines

108 2474 240 2535 tenentur.)

141 2546 276 2611 Respondes
296 2547 431 2615 dicendum,
449 2550 511 2615 quid
530 2551 586 2603 illud
608 2557 643 2603 est
663 2552 736 2616 magis
757 2566 787 2603 ex
804 2552 911 2606 charitate

110 2616 250 2681 diligendum
263 2620 323 2684 quod
337 2622 406 2672 hebet
421 2622 547 2686 pleniorem
565 2624 675 2675 rationem
690 2622 805 2687 diligibilis
817 2636 845 2674 ex
859 2626 911 2677 chu-

110 2688 189 2753 ritnte,
204 2694 229 2739 ul
241 2692 325 2741 dietum
339 2696 375 2743 est
387 2692 437 2758 (art.
452 2694 484 2755 3).
499 2694 643 2745 Consoe'iatio
656 2698 733 2746 numm
743 2694 769 2743 in
780 2694 848 2759 plena
860 2709 909 2759 par·

111 2806 224 2929 eaput?
237 2810 353 2860 bisetium
366 2810 376 2859 1
390 2845 396 2872 ,
410 2814 438 2872 2,
452 2826 491 2871 qn.
506 2812 546 2871 73,
560 2817 604 2859 nrt.
619 2813 648 2867 5;
663 2818 687 2859 et
698 2816 801 2874 Opust„
820 2816 907 2872 XVIH,
