1992 3317
336 124 367 162 D!
383 121 556 166 mmmm
800 119 848 170 Μ

31 198 172 264 pretiosi.»
187 199 215 250 iit
228 199 280 251 ideo
294 198 418 264 detractio,
432 214 473 266 per
489 215 516 252 se
532 203 660 267 loquendo.
679 207 716 255 est
727 208 848 270 uaomtm

34 271 146 322 mortale.
163 270 281 334 Contingit
298 274 374 322 tamen
387 274 520 336 quandoque
529 271 588 338 quod
602 273 684 338 aliquis
700 275 758 325 dicit
769 276 845 341 aliqua

34 343 108 393 uerba
123 356 169 407 per
185 357 236 406 que
249 341 381 393 diminuitur
398 344 457 394 lama
470 343 578 408 alieuius,
591 358 637 396 nou
654 347 698 396 lrou
714 345 845 406 intendens,

35 415 75 464 sed
84 413 176 478 aliquid
185 413 254 465 aliud.
265 414 313 465 lioc
321 417 397 465 autem
409 427 455 464 non
464 418 500 466 est
510 416 635 479 detrahere,
644 429 720 480 perse
729 419 753 469 et
761 418 845 469 forma-

35 485 87 536 liter
103 485 237 548 loquendo,
252 485 292 536 sed
308 485 381 536 solim
398 486 543 537 materialiter
558 489 582 536 et
593 487 659 550 qnasi
675 501 717 552 per
730 488 844 540 aeeidens.

36 557 95 607 Etsi
111 556 209 622 quidem
218 557 288 608 uerba
301 571 342 621 per
351 571 401 620 qum
414 558 475 608 larua
485 557 579 610 atterius
586 557 724 611 diminuitur
727 561 844 624 ‚punierat

36 629 121 694 aliquis
142 631 236 694 propter
249 629 339 694 aliquod
355 630 440 681 bunum
457 631 625 691 necessarium,
639 631 722 682 debito
737 631 846 684 cirums-

36 700 115 751 tantils
130 700 269 762 obseruatis,
283 713 329 752 non
339 703 375 752 est
388 704 514 764 peecatum,
526 714 568 752 neo
580 704 656 765 potest
668 701 715 754 diei
725 703 844 756 detractio.

36 772 63 822 Si
82 774 167 824 autem
179 771 280 834 proterat
298 784 328 822 ex
343 771 414 822 animi
429 771 582 835 urrumnai
597 776 690 837 pronun
700 786 792 824 oausam
802 775 844 826 ali·
881 833 885 839 .

37 857 105 906 quam
120 857 170 894 non
180 843 347 906 nmmsariam,
363 856 410 894 non
419 847 455 894 est
472 847 590 908 pensatum
602 844 711 904 mortale,
726 843 772 896 uisi
785 844 845 898 forti

37 915 132 966 uerbum
149 915 211 978 qnod
226 915 324 978 dieitur,
338 915 368 966 sit
379 915 436 967 adeo
445 928 529 979 graue,
541 914 602 979 quiid
620 914 750 966 notabiliter
759 917 844 968 lamam

38 985 137 1051 aliquus
150 987 230 1050 laedat,
240 990 265 1037 at
274 986 390 1051 precipui
399 986 425 1036 in
433 987 469 1036 iris
476 1000 527 1048 que
535 986 651 1050 pertinent
662 988 691 1037 ad
699 987 843 1040 honestatem

38 1057 106 1122 vitan
116 1058 175 1122 quia
183 1060 228 1110 troo
241 1072 271 1110 ex
281 1057 332 1124 ipso
341 1071 423 1122 genere
433 1059 552 1109 veriorum
560 1059 749 1111 iaietrationem
757 1060 844 1124 parati

39 1131 150 1182 mortalis.
166 1131 195 1182 lit
212 1133 303 1182 tenetur
316 1130 400 1194 aliquis
418 1131 446 1182 ad
464 1129 631 1181 restitutionem
648 1129 726 1191 mma,
742 1128 802 1180 sieut
814 1133 843 1180 ad

38 1202 209 1254 restitutionem
232 1201 355 1266 cujuslibet
376 1201 410 1253 rei
426 1201 562 1264 subtracta,
576 1214 604 1252 eo
625 1201 692 1251 modo
707 1213 753 1263 uuo
775 1201 844 1266 suari

39 1271 125 1324 dietum
134 1278 173 1326 est
182 1275 232 1338 (qu.
243 1277 283 1336 oa,
298 1276 340 1324 art.
351 1274 386 1334 2),
398 1271 450 1324 cium
459 1272 487 1324 de
498 1272 643 1324 restitutione
657 1274 769 1336 ageretur.

68 1345 102 1394 ld
118 1345 222 1410 primum
235 1357 289 1408 ergo
302 1344 439 1407 dicendum,
451 1344 512 1410 quod
525 1344 626 1396 revelare
641 1347 758 1408 peecatum
768 1343 844 1396 oetat-

39 1417 85 1466 tum
103 1417 206 1482 alicujus
219 1420 312 1481 propter
325 1416 378 1480 ejus
388 1417 570 1468 emendationem
585 1416 786 1481 (denuntiando),
807 1418 844 1468 rol

40 1489 228 1552 propterbouum
234 1487 332 1553 justitie
342 1486 660 1552 puhllcdslaoeusaudotnon
670 1486 842 1550 estdetratrore,

43 1560 65 1606 ut
75 1560 165 1610 dietum
185 1563 228 1610 est.

69 1632 100 1682 id
111 1631 243 1684 monadum
257 1631 386 1694 dicandum,
394 1629 455 1695 qndd
465 1629 547 1680 Glossa
555 1630 594 1680 illa
604 1641 651 1680 nou
663 1629 791 1694 dioitqndd
803 1632 844 1680 de·

42 1704 119 1754 traetio
129 1705 157 1754 in
172 1706 219 1754 toto
227 1716 309 1767 genere
323 1705 424 1752 humano
436 1700 575 1765 inueniatur,
590 1701 630 1752 sed
639 1701 703 1751 addit
714 1717 730 1748 a
738 1699 814 1765 ueni:
825 1719 842 1749 ι

42 1775 85 1824 tum
99 1777 154 1840 quia
170 1774 314 1826 «stultorum
333 1773 434 1824 infinitus
449 1777 485 1824 est
499 1771 666 1836 numerasti),
679 1788 694 1820 a
712 1776 737 1822 et
750 1789 766 1820 a
775 1772 843 1836 prod

43 1850 92 1896 sunt
105 1847 148 1912 qni
165 1845 283 1896 ambulant
294 1859 335 1912 per
349 1843 411 1898 riam
428 1844 522 1908 salutis;
538 1847 614 1894 stum
629 1843 762 1907 etiamquia
775 1843 844 1907 pauci

43 1917 76 1965 ael
87 1919 145 1968 nulli
156 1920 220 1980 sunt,
231 1916 271 1980 qui
283 1930 330 1968 non
340 1916 460 1980 aliquando
474 1915 583 1968 exanimi
598 1915 693 1966 levitate
709 1913 796 1979 aliquid
806 1915 843 1966 di·

44 1993 105 2051 unt,
115 1991 180 2042 uude
190 1989 217 2039 in
224 1988 303 2053 aliquo
313 1988 351 2040 vel
362 1989 443 2040 leviter
456 1987 549 2038 alterius
560 1988 622 2038 fama
629 1986 766 2049 minoratur,
777 1985 842 2050 quia,

44 2063 66 2108 ut
79 2062 162 2116 dieitur
176 2063 235 2117 lac,
252 2061 294 2124 lli,
312 2077 325 2108 u
338 2059 357 2110 si
370 2059 421 2124 quis
435 2059 460 2110 in
472 2060 542 2110 uerbo
556 2071 602 2110 uon
618 2057 728 2121 offendit,
740 2057 779 2108 irio
791 2071 844 2121 ner-

45 2131 114 2184 loetus
123 2137 160 2186 est
175 2132 243 2183 uir.»

73 2204 105 2255 ld
116 2206 211 2258 tertium
227 2205 361 2266 dicendum,
373 2203 433 2269 quid
444 2204 584 2268 Augustinus
595 2202 695 2266 loquitur
704 2201 728 2252 in
737 2215 794 2254 casu
803 2200 844 2252 illo

46 2287 85 2334 quo
98 2275 184 2342 aliquis
194 2275 249 2326 dicit
260 2276 351 2340 aliquod
360 2277 410 2328 leue
421 2276 507 2326 mnam
517 2275 546 2326 de
553 2274 610 2337 aiio,
619 2287 667 2324 non
676 2287 707 2324 er
715 2271 844 2324 intautmne

47 2350 147 2416 tumidi,
162 2349 204 2402 sed
215 2361 245 2400 ex
258 2347 329 2400 animi
340 2348 443 2411 leuitate,
456 2347 493 2398 uel
506 2347 615 2411 arianen
626 2345 719 2410 hugum

77 2503 109 2568 (i)
120 2511 151 2556 uo
160 2507 244 2554 dieitur
257 2505 360 2557 licetur..
373 2507 400 2565 l,
416 2517 477 2550 raro.
491 2501 532 2550 1⁵.
545 2503 591 2549 sed
603 2500 719 2560 appendix
739 2499 844 2557 proximo

48 2577 142 2628 laqueus
152 2571 268 2630 colligitur
276 2568 440 2626 uqmralentor
453 2580 482 2612 er
493 2566 591 2617 Haud..
602 2566 660 2624 Vll,
673 2576 735 2610 vers.
750 2561 790 2620 tt,
804 2561 845 2608 uui

48 2639 107 2679 areta
118 2635 202 2686 dieitur
213 2634 251 2678 aia
265 2632 351 2680 ducens
363 2630 390 2675 ad
405 2629 486 2676 ritum.
