1992 3317
139 99 184 150 all
267 110 375 150 sucurrua
391 108 521 159 sucorum,
536 108 628 154 ponsa.
643 109 700 158 arx,
717 107 774 146 aar.
792 109 809 144 r,

170 187 304 251 Respondeo
317 185 451 246 dicendum,
463 183 525 248 quod
535 181 649 247 injustitia
659 187 695 233 est
708 183 796 247 duplex
810 183 876 232 :ilua
888 179 934 244 qui-

141 259 192 309 dem
205 258 315 320 illegalis,
327 269 378 318 qna
397 256 518 320 opponitur
532 254 598 318 legali
609 253 713 317 justitio.
735 255 767 304 lm
780 256 824 304 hoc
835 253 936 318 quictem,

140 330 264 379 meandum
280 327 412 388 essentiam,
423 330 458 375 est
469 326 567 390 speciale
581 324 676 388 vilium,
689 324 715 374 in
729 329 841 388 quantum
851 323 937 388 respicit

141 400 238 464 speciale
251 399 377 462 objectum,
392 396 478 450 seilicet
489 397 575 450 benum
592 397 788 458 commoneant
801 395 937 456 mutemur,
967 401 969 404 ·

141 471 181 520 sed
195 473 304 533 paulum
314 469 341 516 ad
351 467 501 518 intentionem
513 471 549 518 cst
557 466 638 515 uitium
648 466 764 528 generale,
776 466 831 530 qnia
839 479 938 531 percon·

141 544 251 605 templum
271 538 324 588 boni
343 539 470 590 communis
486 541 561 603 polest
578 539 647 588 lacmo
660 538 687 587 ad
708 537 790 587 omnia
803 541 896 604 pennala
909 539 939 586 de

141 613 201 664 duci.
218 611 281 662 Sicut
298 609 367 660 etiam
382 609 457 662 omnia
478 611 547 667 uitia,
565 609 589 658 in
608 613 718 674 quantum
736 610 938 672 repugnantium

142 681 265 744 comminui,
274 681 393 745 injustitia
408 681 492 732 heleni
506 681 619 731 rationem
630 679 696 744 qnasi
709 680 739 728 ab
753 680 874 744 injustitia
886 679 938 729 deri·

141 755 207 814 vala,
219 751 277 802 sicul
295 759 318 802 et
336 751 443 816 saprade
454 751 544 816 justitia
558 751 644 802 dictum
656 755 692 801 cst
711 751 769 814 (qn.
786 757 826 814 58,
840 755 886 802 ari.
906 751 939 811 a).

142 821 193 874 llio
207 823 274 873 modo
285 823 366 873 dicitnr
376 823 489 886 injustitia
498 823 626 873 secundum
634 821 817 886 inaequalitatem
826 824 940 886 qnamdam

142 894 172 943 aa
183 895 287 956 alterum,
295 897 362 958 prout
375 893 462 944 scilicet
473 895 541 942 homo
551 893 599 941 uolt
613 893 695 942 habere
706 893 756 956 plus
765 895 795 943 dc
805 894 883 956 bonis,
893 897 938 956 pota

143 963 231 1015 divitiis
248 968 270 1014 et
289 965 424 1028 honoribus,
442 968 465 1014 el
483 963 560 1013 minus
575 964 603 1013 de
620 963 698 1026 malis,
717 968 775 1027 puta
795 964 911 1015 laboribus
923 966 940 1010 cl

145 1036 246 1100 (lamnis3
262 1039 285 1086 et
304 1035 336 1086 uic
355 1033 469 1099 injustitia
491 1035 559 1084 trahet
579 1035 696 1084 materiam
716 1036 860 1100 specialem,
873 1041 896 1087 et
914 1037 939 1083 el

146 1107 279 1170 particulare
292 1105 387 1166 uilium,
399 1105 494 1168 justitia
509 1105 639 1170 parlicrrlari
655 1107 795 1170 oppositum.

178 1179 211 1228 td
227 1180 325 1242 primum
343 1191 396 1241 ergo
414 1177 547 1241 dicendum,
563 1177 623 1240 qood
638 1178 698 1227 sicut
709 1176 803 1240 justitia
816 1180 898 1244 legalis
915 1178 939 1227 ‹li-

146 1249 202 1300 citur
219 1263 260 1312 per
272 1249 465 1312 comparationem
479 1249 508 1300 ad
520 1249 605 1298 mnam
622 1262 741 1300 mmmunc
759 1251 906 1310 humanum,
917 1250 940 1296 ila

143 1317 234 1384 justitia
253 1319 330 1370 divina
344 1319 426 1370 dicitnr
439 1333 479 1384 per
493 1319 685 1382 comparationem
697 1321 725 1370 ad
737 1319 829 1370 bonum
839 1322 938 1377 diuinum

147 1391 183 1438 cui
197 1395 307 1454 repugnat
324 1404 391 1442 ornae
404 1394 524 1454 peccatum
539 1405 546 1440 ι
559 1393 583 1440 ct
601 1389 724 1440 secundum
738 1391 784 1440 hnc
793 1429 804 1452 „
816 1405 887 1444 omne
899 1402 940 1454 pec·

146 1465 220 1512 calum
235 1464 318 1513 dicitur
331 1476 380 1514 esse
394 1461 512 1525 iniquitas.

180 1536 212 1584 ad
227 1535 350 1584 secondum
363 1533 484 1582 <licendum
492 1570 501 1596 ,
515 1531 575 1596 quid
592 1530 706 1596 injustitia
720 1531 790 1582 etiam
806 1530 941 1597 particularis

148 1606 267 1670 opponitur
284 1602 393 1655 indirecte
414 1604 520 1654 ominibus
538 1603 676 1668 uirtutibus,
692 1604 717 1652 in
733 1609 852 1666 qnantum
871 1603 943 1654 sulco

148 1677 271 1727 exteriores
289 1677 358 1728 etiam
375 1678 440 1736 actps
462 1675 575 1739 pertineat
595 1679 619 1724 el
634 1673 793 1737 adjustitiam
809 1680 836 1725 el
853 1675 882 1725 ad
899 1674 942 1722 atim

148 1748 243 1798 virtutes
261 1747 373 1808 morales,
390 1747 444 1798 licet
466 1745 633 1810 diversimode,
646 1745 706 1795 sicul
727 1745 796 1810 snpra
818 1747 904 1797 (lictum
918 1746 944 1793 ul

150 1817 204 1882 (qu.
222 1821 261 1879 58,
274 1821 316 1866 ari.
330 1821 353 1865 6.
367 1819 375 1873 )

183 1888 216 1937 ltd
235 1889 324 1937 tertiam
344 1885 480 1950 dicendum,
496 1885 559 1950 qoud
576 1886 696 1948 uoluntas,
719 1885 778 1936 sicot
795 1891 823 1937 et
845 1887 915 1948 ratio,
926 1896 944 1933 sr

150 1959 251 2008 extendit
263 1959 291 2006 acl
305 1958 420 2008 amaleriam
431 1962 502 2008 lolam
518 1958 635 2021 moralem,
644 1958 730 2010 scilicet
741 1959 769 2007 ad
783 1960 918 2022 passiones,
928 1965 943 2004 rt

151 2029 179 2078 ad
197 2029 337 2090 operationes
354 2029 476 2080 citeriores
495 2042 547 2094 qum
565 2035 619 2078 sunt
637 2031 665 2081 ad
682 2030 793 2092 alterum,
804 2033 849 2082 sed
868 2028 943 2094 josum

151 2099 237 2162 perlicit
251 2099 389 2152 voluntalem
405 2101 477 2152 solnm
492 2101 615 2151 secundum
629 2100 723 2166 qulam
735 2103 843 2158 extendit
857 2103 887 2152 ad
899 2112 943 2163 ope·

150 2169 262 2233 rationes,
276 2185 326 2234 qrrae
337 2176 390 2224 sunt
401 2175 429 2223 ad
446 2173 550 2235 alterum;
569 2175 593 2222 ct
606 2171 711 2223 similiter
724 2171 851 2235 injustitia.
