1992 3317
65 188 197 254 jntilcelnr,
207 188 249 241 seul
260 151 609 256 ptrffiutffijnir'aciiriiiii
616 194 709 241 utenus
721 166 865 256 wopemffl

71 262 113 314 ileo
122 276 164 314 non
175 266 272 314 uocatur
284 263 393 327 pratum
406 262 513 327 lucion.
525 262 555 313 llt
568 262 596 313 de
605 263 649 314 hac
666 262 722 313 dicit
734 264 865 328 Apostolus,

69 334 84 383 l.
97 334 129 383 eal
141 341 205 393 corn,
222 334 266 385 XII
285 350 291 383 ι
307 329 466 397 «Unicuique
486 332 552 384 datur
565 334 715 386 manifestatio
735 335 827 399 spiritus
838 336 866 387 aa

71 404 211 468 allisione
226 405 315 457 scilicet
333 404 439 455 aliorum.

93 478 123 527 ll
133 477 230 542 primurn
246 490 303 541 ergo
314 477 453 538 dicendum,
468 476 529 541 quod
542 475 612 540 gnua
625 492 671 531 non
682 479 764 531 dicitur
780 481 866 545 tacere

67 551 159 609 protam
172 548 294 611 effective,
311 549 354 599 sen
367 550 505 611 formaliter,
514 548 600 601 scilicet
613 550 667 615 qnia
675 564 718 617 per
726 553 784 603 hanc
796 553 865 605 homo

64 619 191 681 justificatur
206 624 231 673 et
251 620 337 684 dignus
351 620 452 671 efficitur
474 620 552 671 vocari
567 620 613 672 lleo
631 627 725 688 pratus,
741 624 865 678 monadum

66 690 116 753 quod
124 693 204 743 dicitur
218 692 256 743 ud
267 692 374 752 Coloss„
386 692 412 743 l:
428 710 443 741 u
454 692 539 757 Dignos
549 697 590 743 nos
603 694 656 745 fecit
667 693 787 759 inpartens
798 694 865 747 sortis

67 768 184 815 aaronem
197 764 223 814 in
232 764 332 815 lumine.
343 782 357 811 »
500 779 506 787 ⁴

91 836 121 885 ll
132 838 259 887 sectandum
272 836 406 899 dicendum,
421 836 485 901 qood
499 840 569 901 gralia
583 836 709 889 ncnndlmr
720 837 780 903 quod
794 839 865 903 pratis

66 906 130 971 latur,
142 908 243 959 excludit
260 909 377 959 rationem
390 910 471 960 (leniti.
489 912 566 961 Potest
579 915 655 962 annm
670 909 767 973 intelligi
779 910 863 975 duplex

68 976 176 1029 debiturn.
192 980 272 1031 Unum
287 980 381 1045 quidem
395 995 424 1032 ex
440 980 522 1032 merito
533 982 681 1047 proveniens,
692 982 754 1046 quod
769 983 865 1033 selenus

64 1048 87 1097 al
99 1062 213 1113 personam
229 1053 300 1117 enjus
311 1058 346 1102 est
364 1066 433 1116 agere
445 1053 561 1104 meritoria
576 1066 657 1119 omna,
672 1052 795 1105 secundnm
806 1054 863 1105 illud

64 1120 93 1169 nal
105 1122 180 1188 llum„
190 1124 241 1173 Ill:
258 1142 273 1171 n
286 1124 314 1173 Ei
323 1124 363 1187 qni
373 1128 490 1189 operatur,
503 1138 590 1175 merces
600 1125 726 1187 imputatur
738 1124 861 1177 secundina

64 1192 165 1257 «lenitum,
175 1208 222 1246 non
237 1194 366 1245 wcundurn
384 1195 490 1258 gratiam.
501 1213 515 1243 u
528 1194 596 1245 lllind
608 1200 643 1246 est
657 1195 773 1245 debltam
783 1208 862 1247 seeun-

64 1262 108 1312 ‹llrm
118 1265 275 1316 conditionem
296 1269 385 1317 naturae
403 1265 479 1329 :pull
498 1266 518 1315 si
529 1267 630 1315 oicarnus
644 1266 743 1317 debitum
756 1280 806 1318 esse
821 1268 862 1319 lan

66 1334 286 1399 nini,qubtllralreat
296 1336 409 1387 rationem
421 1339 445 1387 et
459 1336 503 1386 alla
513 1351 562 1401 que
572 1338 601 1388 ad
610 1338 731 1389 humanam
747 1337 862 1403 pertinent

64 1410 161 1457 naturam.
176 1409 267 1459 Neutro
287 1410 364 1457 auteur
388 1408 458 1457 rnoalo
476 1406 558 1458 dicitur
576 1408 691 1459 debitam
708 1413 802 1474 propter
818 1407 863 1463 noc

65 1474 114 1537 null
124 1478 183 1529 Deus
194 1480 310 1529 creature
326 1478 457 1541 obligetur,
468 1479 506 1529 sed
517 1476 593 1544 potius
605 1480 629 1529 in
640 1483 748 1545 quantum
760 1484 862 1531 creatum

65 1547 121 1600 lebet
136 1550 218 1616 subjici
231 1552 297 1612 Deo,
313 1552 341 1600 ut
354 1550 380 1600 in
399 1562 426 1599 ea
441 1550 518 1601 divina
535 1551 646 1603 ordinatio
663 1552 796 1616 impleatur;
811 1566 862 1617 que

64 1619 143 1680 quidem
153 1627 201 1685 est,
213 1626 241 1674 ut
259 1622 313 1673 talis
332 1625 415 1672 natasra
430 1622 489 1673 tales
506 1623 647 1675 conditiones
662 1624 699 1674 uel
713 1623 862 1690 proprietates

66 1690 147 1756 laneat,
167 1699 191 1746 el
205 1694 269 1759 quoal
288 1693 342 1749 talia
360 1705 459 1758 operans
473 1694 524 1745 talia
539 1700 698 1759 consequatur.
711 1696 775 1746 Dona
793 1693 862 1759 igitur

67 1765 162 1815 natnnlia
171 1771 253 1818 carent
266 1765 342 1833 priano
354 1764 451 1825 delato,
466 1778 512 1817 non
524 1769 600 1816 autern
615 1770 693 1817 carent
708 1767 806 1818 secundo
819 1768 863 1819 de·

66 1831 120 1899 llio,
133 1838 171 1889 sed
182 1839 245 1889 dona
260 1836 445 1902 supernaturalia
457 1839 554 1901 utroque
569 1836 654 1888 debito
665 1841 743 1888 carent
756 1854 762 1888 ι
779 1837 862 1890 ntideo
887 1870 897 1889 .

66 1906 173 1969 specialius
186 1910 230 1962 siri
252 1922 338 1960 nomen
352 1908 431 1972 gratias
445 1906 570 1959 vindicant.

92 1980 121 2029 aa
137 1982 230 2033 tertium
245 1980 385 2041 dicendum,
401 1978 463 2044 qnod
477 1981 547 2045 gratia
566 1984 670 2047 pretam
688 1982 783 2047 funeas
798 1984 860 2036 adlit

67 2049 139 2113 talant
156 2067 225 2120 super
237 2053 354 2104 rationem
368 2052 463 2114 proiice
476 2055 561 2116 pratis
574 2054 658 2113 dntoe,
674 2054 734 2116 quod
747 2054 857 2105 etiamad

68 2122 164 2175 ratonem
178 2126 259 2191 gratiae
272 2124 385 2191 pertinet3
399 2122 454 2189 qnia
469 2122 554 2175 scilicet
564 2125 679 2177 liominem
697 2129 785 2190 gratum
802 2124 860 2177 facit

67 2191 121 2243 leo:
136 2200 157 2246 et
170 2198 222 2250 ideo
240 2198 314 2262 gratia
329 2198 416 2260 protis
432 2194 495 2245 doto
506 2210 556 2260 quae
568 2199 611 2248 troc
629 2211 676 2248 non
690 2196 758 2259 iacit,
774 2197 861 2250 retinet

70 2264 106 2313 sili
120 2280 200 2321 nomen
216 2282 340 2320 commune
346 2306 354 2332 ,
367 2267 429 2317 sicut
442 2267 468 2317 in
481 2268 583 2331 pluribus
591 2267 643 2319 allis
653 2268 778 2334 contingit,
794 2274 817 2319 et
828 2268 862 2319 sic

70 2345 200 2401 innuuntur
213 2342 265 2393 duaa
274 2344 353 2407 partes
372 2336 509 2400 divisionis,
525 2338 582 2391 sicut
600 2344 705 2406 proteum
716 2342 825 2403 faciens,
838 2344 860 2391 et

71 2422 107 2457 non
116 2410 205 2475 [ueiens
215 2417 333 2479 proteum.

71 2528 101 2572 rel
109 2532 209 2579 sumtum
217 2544 339 2592 persuum
349 2532 396 2579 ulei
407 2531 471 2589 quod
479 2531 531 2577 clun
541 2532 627 2591 etquid
638 2533 715 2590 specis
722 2538 791 2579 tauns
798 2532 861 2580 illus-

71 2590 117 2639 uine
126 2595 207 2645 umet
220 2598 292 2656 patio
303 2597 360 2643 data
374 2606 428 2653 quae
438 2606 486 2640 usn
499 2597 612 2652 priuatam
624 2596 714 2642 tantum
727 2596 858 2656 utilitatem,

73 2653 225 2775 Ἅρέιέὶιὶειω
236 2660 346 2719 respicit,
357 2660 410 2715 elus
424 2658 562 2707 excellentia
573 2661 646 2719 magis
658 2659 777 2706 evidenter
790 2671 860 2716 appa·
