1992 3317
153 147 198 192 861
263 155 369 192 secunus
385 153 513 202 smuunn,
530 153 623 198 ponsa.
642 153 712 201 exui,
730 153 786 190 sur.
805 153 841 189 ιιι,

153 243 308 296 personarum.
322 231 398 280 Honor
412 229 472 278 enim
482 228 542 278 nihii
548 228 610 277 atiud
619 241 670 278 esse
678 227 769 279 ridetur
777 228 846 291 quint
861 237 937 276 arere

153 304 225 354 rentia
238 303 340 366 quadarn
358 301 425 352 alicui
442 301 543 350 exhibita
556 300 582 348 in
599 299 757 349 testimouium
773 299 881 361 virtutis,
894 313 907 342 n
918 302 939 342 rt

153 379 216 438 patet
226 388 267 439 per
276 373 440 435 Philosophum
452 371 476 420 in
491 371 595 421 turber.
609 372 670 434 (cap.
683 375 698 418 5
709 370 748 420 vel
759 372 793 433 3).
805 371 851 422 Sed
863 367 939 435 prelati

153 450 176 497 ct
187 446 301 510 principes
316 447 369 492 sunt
377 443 505 492 honorandi
517 442 607 493 etiamsi
618 443 665 492 sint
674 442 742 503 niati,
758 441 819 492 sicut
829 442 896 492 etiarn
906 453 940 504 pn-

152 524 243 576 rentes‚
256 517 284 566 de
299 515 383 577 quibus
399 515 519 564 mandatur
531 515 627 573 dixeri„
640 515 682 564 1111
697 529 704 562 :
725 531 741 561 a
759 515 851 565 Honora
864 516 940 578 patron

154 594 216 639 tuum
229 591 252 637 et
262 590 357 636 matrem
366 589 442 649 tuam3
454 603 468 632 n
482 590 506 636 et
516 586 583 636 etiarn
599 585 686 636 domiui
696 586 751 634 sunt
764 584 778 634 i
791 585 866 636 serris
877 587 933 634 bono

154 659 216 708 randi
223 694 232 720 ,
246 656 336 707 ehanrsi
346 657 392 707 sint
406 657 474 717 maii,
488 655 615 707 mundium
628 656 684 705 iliud
698 657 707 704 Ι
719 654 755 704 nd
771 656 891 708 Timoth..
901 655 938 702 tt:

156 747 170 776 r
181 728 322 791 Quicumque
334 732 388 781 sunt
400 729 443 778 sub
455 729 512 790 jugo
524 727 586 776 serni
599 725 703 776 dominos
715 739 770 775 suos
778 726 941 787 bonoredignos

153 798 297 849 arbitrentur.
310 799 391 862 »Ergo
402 797 563 860 videturqubd
576 795 678 860 acceptio
688 809 793 860 11555055
802 809 849 847 uon
860 797 891 847 sit
900 809 941 860 pec-

155 875 230 920 eatum
243 870 268 919 iu
278 869 418 921 exhibitione
431 869 533 920 honoris.

186 947 210 991 Ξ.
225 943 345 1004 Prateoea,
359 943 450 998 teuit„
458 942 524 1003 11111,
534 938 679 1004 proripitur:
693 939 798 988 «Coram
811 952 869 988 cano
879 938 940 1002 capite

156 1026 277 1076 consurge,
296 1014 421 1063 ethonore
439 1025 560 1075 personam
572 1011 644 1060 senis.
660 1010 735 1060 »Sed
756 1011 802 1059 hoc
820 1011 909 1060 ridetur
920 1009 939 1056 rd
971 1032 972 1067 t

156 1085 308 1148 acceptionem
317 1096 463 1148 personarum
476 1083 608 1146 pertinere3
619 1082 672 1145 quia
682 1083 822 1145 quaudoque
833 1095 899 1133 senes
906 1093 940 1128 nor
971 1100 972 1157 p

157 1162 210 1207 suut
224 1156 334 1212 virtuosi,
350 1154 473 1205 secuudhm
487 1155 542 1204 iliud
557 1155 633 1213 Dan„
643 1155 695 1203 xrh
709 1168 715 1202 ε
727 1170 743 1201 rr
755 1154 896 1216 Egressaest
907 1154 940 1202 iur-
971 1168 972 1175 ¹

157 1227 261 1291 quihsh
278 1228 403 1276 senioribus
421 1226 508 1290 popuii.
525 1242 539 1270 n
553 1227 614 1288 Ergo
626 1225 730 1289 acceptio
747 1237 894 1288 personarum
906 1234 941 1271 nou

157 1302 191 1348 est
202 1301 319 1361 peccatum
330 1298 353 1346 in
367 1296 506 1347 exhibitione
518 1297 619 1346 honoris.

190 1375 212 1419 3.
227 1373 353 1431 Praeterea,
368 1382 436 1432 super
448 1368 503 1418 iltud
512 1368 595 1417 Jacob.
608 1368 645 1417 ll:
659 1367 759 1418 «Nolite
773 1367 798 1416 iu
809 1379 940 1431 personarunt

158 1442 288 1506 acceptione
303 1441 388 1490 babere
410 1441 491 1502 iidem,
507 1443 563 1503 etc,
577 1455 591 1486 n
607 1439 663 1489 dicit
675 1439 756 1488 Glosse
779 1439 897 1501 Augustini
909 1438 941 1498 (nt

158 1513 239 1578 sopri)
257 1527 263 1562 :
280 1511 330 1560 «Si
343 1513 387 1561 hoo
401 1513 460 1576 qood
475 1511 573 1560 lacobus
587 1510 643 1560 dicit
656 1526 662 1559 z
673 1509 721 1560 »Si
735 1510 850 1559 introierit
861 1509 884 1559 in
895 1520 943 1557 cou-
971 1502 973 1605 1

159 1590 229 1636 ventu
242 1588 317 1634 vestro
332 1583 366 1632 vir
385 1585 472 1633 habeus
485 1583 594 1630 annulum
607 1594 708 1644 aeneum,
721 1585 777 1643 ete,
794 1598 809 1627 c
820 1580 939 1643 intedigatur

160 1659 188 1708 de
201 1655 337 1720 quotidianis
350 1653 504 1713 concessibus,
512 1653 563 1715 quis
572 1653 609 1702 bic
619 1665 665 1703 nou
677 1655 771 1716 peccat.
785 1653 807 1702 si
817 1656 891 1703 bueo
902 1663 942 1714 pet·

161 1729 211 1778 eat?
226 1745 239 1776 n
255 1728 300 1777 Sed
315 1729 365 1776 haec
379 1729 414 1776 est
428 1724 528 1787 acceptio
536 1737 701 1787 personuurn,
715 1721 801 1773 diuites
818 1727 905 1787 propter
917 1720 942 1768 di-

160 1800 228 1850 vitias
248 1801 374 1859 honorare3
395 1797 453 1846 dicit
471 1795 533 1845 eninr
554 1794 675 1858 Gregorius
694 1796 720 1844 in
740 1796 840 1858 quadarn
863 1791 942 1844 domith

163 1870 310 1934 (1111111115
325 1870 455 1932 Euerrp.):
472 1883 486 1913 <r
497 1866 607 1930 Superbia
620 1870 699 1917 nostra
709 1866 851 1927 retunditur,
866 1864 913 1928 qnia
924 1862 943 1908 in
970 1904 971 1909 ,

162 1941 292 1990 bominibus
305 1953 351 1991 non
364 1944 476 1999 naturam,
488 1949 534 1999 qua
545 1938 573 1986 ad
586 1937 710 1998 imaginem
722 1935 764 1985 Dei
774 1935 833 1985 tacti
846 1938 903 1995 snut,
913 1932 943 1980 sed
970 1952 971 1973 r

161 2011 250 2060 divitias
260 2013 405 2061 honoramus.
414 2025 427 2057 n
437 2013 466 2060 111
477 2009 524 2070 sic,
535 2022 587 2058 cunr
596 2008 680 2059 divitiae
689 2019 737 2057 nou
748 2006 796 2056 sint
806 2007 881 2057 debita
890 2016 943 2054 rnrrsr

161 2082 268 2142 honoris,
281 2080 404 2144 pertinebit
414 2083 458 2130 hoc
468 2081 495 2130 ad
504 2091 651 2143 personarum
663 2078 832 2140 acceptionem.
841 2079 898 2140 Ergo
904 2088 943 2138 prr-
970 2124 971 2139 ,

81 2216 85 2224 ¹
161 2166 267 2202 sonarum
278 2153 379 2215 acceptio
388 2166 434 2203 non
442 2155 476 2200 est
484 2152 603 2214 peccatum
614 2148 673 2198 circa
682 2147 848 2199 exhibitionem
856 2145 941 2198 honori.

191 2223 235 2272 Sed
243 2227 321 2274 contre
329 2227 374 2283 est,
382 2223 441 2286 qudd
453 2223 537 2272 dicitur
548 2222 572 2270 in
583 2221 663 2270 Glossa
672 2219 755 2268 doceb.
772 2220 793 2268 11
806 2236 813 2268 :
826 2238 840 2267 a
851 2219 941 2278 odedu·
970 2264 971 2269 ,

159 2307 202 2358 que
216 2293 310 2344 divitem
322 2299 413 2359 propter
426 2295 515 2346 divitias
523 2294 630 2355 honorat,
638 2295 725 2355 peccat.
735 2308 750 2339 u
763 2293 792 2340 Et
804 2292 853 2355 pari
861 2291 942 2344 ratione,
970 2291 972 2305 ³

158 2368 178 2416 si
199 2365 424 2440 aliquisqhonoretor
447 2370 539 2430 propter
555 2364 612 2414 alias
631 2376 712 2414 causas
732 2377 785 2427 qoae
803 2377 851 2414 nou
870 2361 940 2411 incidi
970 2350 972 2413 i

158 2440 251 2502 dignum
270 2441 356 2490 bonore
372 2455 378 2489 :
392 2439 451 2505 quod
468 2438 567 2502 pertinet
579 2437 609 2487 ad
628 2436 785 2500 acceptionem
797 2446 940 2500 personando.

156 2510 215 2572 Ergo
229 2512 331 2575 acceptio
345 2523 489 2575 personarum
499 2510 524 2558 iu
532 2508 675 2560 exhibitione
682 2509 778 2558 honoris
785 2511 822 2558 est
830 2511 934 2572 moraturi

189 2583 344 2644 (Concidere.
359 2609 390 2618 -
403 2579 548 2642 receptionis
561 2589 712 2642 personarunt
729 2583 865 2642 peccatum,
878 2577 900 2625 in
913 2577 941 2622 br

155 2754 254 2796 cernitur
271 2755 315 2797 sub
328 2765 394 2808 perna
417 2751 544 2800 nullitatis;
560 2751 660 2806 indeque
679 2753 732 2796 Pius
748 2755 769 2796 V
785 2753 808 2795 in
824 2750 886 2796 Bulla
903 2755 943 2801 ou*

154 2815 233 2868 incipit
247 2815 277 2858 In
297 2815 462 2872 conserendis,
475 2827 505 2857 eo
523 2823 578 2856 casu
593 2814 731 2867 quominus
747 2815 830 2871 dignus
849 2813 941 2866 eiigitur.

154 2875 200 2914 nott
214 2875 236 2918 in
252 2876 352 2919 inuocem
366 2874 474 2930 dignioris
490 2875 629 2919 eiectionem
646 2876 738 2921 irritari.
