1992 3317
148 110 193 158 obt
277 119 386 158 srcnuon
401 119 531 169 srenuus,
547 118 643 164 onus.
659 120 705 170 un,
721 120 780 158 aar.
797 123 816 159 u

178 196 221 246 Sed
239 197 317 245 eontra
331 197 366 245 est
375 233 382 256 ‚
392 195 452 258 guod
464 194 604 258 Augustinus
619 195 677 246 dieit
687 195 713 245 in
727 198 815 248 Sernu
826 198 861 248 de
870 214 947 264 puero

148 267 310 320 Centuriom's
318 281 328 315 ,’
341 266 388 316 esi
397 265 521 316 ebrmtiuna
531 265 754 330 discipliuaomniuo
763 268 829 320 bella
841 271 947 336 culpamt,

147 340 190 389 hoc
206 335 282 401 potitus
298 336 416 387 eonsilium
430 337 512 388 salutis
524 338 654 401 petentibus
668 338 694 388 iu
706 338 838 403 Evangelio
851 342 946 404 darem,

148 414 174 460 ut
184 408 385 472 abjicerentarma‚
397 423 465 472 segue
475 407 562 459 militie
574 410 669 460 omuino
681 409 855 462 subtraherent.
864 414 946 463 llietun

146 484 184 532 est
197 483 273 530 autem
286 480 320 530 eis
336 494 342 528 ε
356 479 475 530 Neminem
489 479 637 543 concutiatis;
651 483 727 531 estote
740 483 848 533 eontenti
864 484 946 548 sn'pen

148 553 192 603 diis
207 550 296 602 uestris.
312 551 397 610 Quibus
416 551 532 616 proprium
551 552 692 616 stipendium
707 553 816 604 sufficere
833 556 945 620 pracepit,

147 624 245 674 militaro
258 635 304 673 nou
313 623 436 687 prohibuit.
446 639 459 669 u

180 696 343 757 (corennum.
359 720 390 731 -
402 694 489 744 Bellum
507 707 549 758 pro
565 693 698 746 detenmoue
715 695 855 760 reipublicae
868 701 894 749 et
911 712 948 762 pro

147 769 207 819 bono
218 766 341 828 communi,
350 765 379 816 ub
390 778 418 816 eo
431 766 469 816 eni
479 766 579 828 regionis
589 766 758 818 administratio
766 769 895 820 oommiasa
907 775 947 828 est,

147 839 274 902 indictum,
288 837 308 888 si
321 842 384 888 reeta
396 836 523 888 intentione
538 843 645 901 geratur,
660 839 749 890 uultum
764 844 892 902 pensatum
902 847 945 902 est

148 915 303 963 recusantem
317 909 399 960 bellare
413 908 518 958 niumm
529 910 587 969 est.)

180 983 314 1047 Respondeo
324 981 453 1043 dieeudurn,
465 979 526 1044 qudd
536 981 565 1032 ad
579 982 622 1032 boc
634 980 695 1044 qudd
707 981 802 1044 aliquod
820 983 909 1034 bellum
921 986 946 1035 sit

145 1056 242 1120 justum,
261 1054 305 1105 tria
321 1053 472 1116 requiruntur.
487 1051 563 1103 Primb
576 1051 668 1116 quidem
680 1053 806 1104 auotoritas
819 1055 945 1120 principis,

148 1128 214 1191 eujus
226 1126 330 1175 mundato
350 1124 432 1174 bellum
452 1126 488 1174 est
507 1125 639 1186 gerendum.
654 1124 707 1174 Nou
723 1123 785 1174 euim
799 1127 905 1189 pertinet
923 1130 945 1176 ad

148 1195 388 1262 personumprirutam
404 1193 488 1244 bellum
508 1207 611 1258 morere,
626 1193 679 1258 quia
697 1199 774 1258 potest
785 1196 827 1261 jus
841 1199 943 1248 suumin

146 1268 232 1332 judicio
254 1265 376 1330 superioris
395 1266 517 1330 prosequi;
537 1265 642 1316 similiter
659 1264 729 1316 etiam
745 1267 802 1330 quoia
823 1281 946 1320 ounruwe

148 1337 323 1400 multitudinem,
337 1338 397 1401 quod
408 1337 432 1386 iu
442 1336 508 1388 bellis
517 1340 608 1400 oportet
620 1336 678 1398 deri,
691 1351 738 1387 uon
746 1338 850 1402 pertinet
865 1341 895 1390 ad
905 1341 945 1403 pn'·

147 1413 223 1460 samm
238 1421 368 1472 personum.
388 1408 445 1460 Cium
463 1411 539 1458 uuum
555 1421 610 1458 eura
625 1409 756 1473 reipublluu
775 1411 905 1462 commissa
920 1412 945 1460 sit

148 1479 302 1545 principibus,
316 1481 343 1531 ud
355 1493 395 1530 eos
409 1479 508 1544 pertinet
520 1479 681 1542 rempublicam
693 1479 809 1542 eivitatis,
824 1483 862 1533 uel
874 1482 944 1548 regni,

149 1565 189 1602 seu
204 1551 327 1617 provincie
346 1551 389 1601 sihi
412 1547 509 1601 subditis
529 1550 597 1606 tueri.
615 1551 645 1601 nt
665 1550 725 1602 sicud
742 1550 806 1603 lioitb
824 1553 947 1604 detendunt

149 1638 199 1676 eum
213 1623 323 1676 materiali
337 1622 411 1686 gladio
423 1625 503 1674 eontra
518 1621 641 1672 interiores
659 1621 752 1686 quidem
765 1625 946 1686 perturbatores,

148 1698 202 1750 dnm
212 1696 367 1748 mulelaotnres
378 1693 489 1758 puniunt,
497 1691 621 1744 seeundum
629 1692 686 1744 illud
694 1694 807 1758 spostoli,
816 1695 854 1746 ud
866 1699 945 1750 llum„
982 1658 984 1749 i

149 1770 215 1820 illll:
232 1769 301 1819 «lton
311 1766 360 1817 sine
374 1778 443 1816 causa
456 1765 556 1829 gladium
567 1769 658 1828 portat;
671 1765 849 1816 ministereuim
861 1767 905 1819 liei
914 1772 946 1819 est
982 1774 984 1849 l

149 1841 232 1890 uindex
250 1839 274 1888 in
289 1839 345 1888 irum
358 1835 382 1888 ei
394 1836 434 1900 qui
451 1835 510 1886 ruald
525 1837 589 1900 agit;
606 1854 621 1884 u
635 1836 670 1887 ita
686 1838 755 1888 etium
769 1837 848 1900 gladio
866 1839 946 1890 bodico
982 1852 984 1905 l

149 1912 176 1960 ad
195 1923 234 1960 eos
249 1910 346 1974 pertinet
365 1908 529 1972 rempublicam
548 1908 606 1958 tueri
627 1909 656 1958 rb
671 1908 821 1960 exurunbns
836 1910 945 1960 hostibus.
982 1914 984 1949 ³

150 1982 213 2032 Unde
232 1984 256 2031 et
272 1979 412 2044 principibus
426 1978 508 2030 dicitur
528 1979 554 2028 iu
573 1979 671 2030 Pomm.
691 1979 806 2030 lxxxi:
824 1998 841 2028 u
861 1981 946 2046 Eripite

149 2065 280 2118 pauperem,
292 2055 315 2104 et
325 2065 421 2116 egenum
434 2052 462 2101 de
474 2063 543 2100 manu
553 2051 679 2114 peccatoris
687 2051 790 2102 liberate.
800 2068 815 2099 u
825 2053 894 2103 Unde
906 2057 947 2102 du
982 2074 983 2097 t

148 2124 251 2188 gostinus
273 2124 346 2183 dicit,
361 2127 455 2174 contro
478 2123 603 2172 Faustum
616 2122 674 2185 (lib.
696 2122 780 2184 xxiii,
796 2135 849 2186 cap.
870 2128 902 2174 7³
915 2125 944 2186 ):
982 2130 983 2137 ’

150 2195 233 2246 «Ordo
246 2194 357 2246 naturalis
369 2193 498 2244 mortalium
511 2193 563 2256 ptri
574 2193 757 2244 amomum
766 2194 812 2242 hbe
822 2193 912 2257 poscit,
925 2197 945 2241 ut

148 2265 288 2331 suscipiendi
308 2266 362 2316 belli
376 2265 497 2318 anemritus
518 2269 587 2328 alque
600 2263 720 2315 eonsilium
738 2275 812 2328 penes
830 2264 946 2329 mineipeu

148 2339 186 2390 sit.
197 2355 211 2386 o
225 2337 329 2390 Secundi
341 2337 461 2402 requiritur
471 2337 625 2401 semiusta,
639 2340 665 2387 nt
675 2335 761 2387 sileat
771 2335 805 2386 illi
814 2337 857 2400 qui
870 2337 947 2403 impu-
982 2354 983 2421 p

148 2413 244 2474 guantur
258 2413 348 2474 propter
361 2410 459 2473 aliquam
472 2409 581 2472 eulpam,
595 2408 791 2472 impugnationem
806 2415 944 2462 monentur.
982 2424 983 2473 l

148 2483 211 2532 Unde
233 2481 372 2546 Augustinus
388 2482 445 2532 dioit
464 2481 488 2530 iu
507 2480 548 2531 lib.
568 2481 678 2531 Lxxxlll
698 2483 838 2542 Quotation.
865 2484 946 2547 (super
982 2526 983 2531 ,

148 2556 234 2612 loeue,
248 2570 287 2619 qn.
307 2554 377 2618 lo):
401 2553 492 2603 ulusta
511 2553 572 2602 bella
588 2554 663 2604 solent
680 2553 788 2614 diffiniri,
800 2566 852 2616 quei
875 2553 947 2603 nbis-

148 2631 230 2677 cuutur
240 2625 348 2692 iujurias,
358 2626 377 2676 si
389 2638 445 2690 geue
455 2627 491 2675 uel
504 2625 585 2674 duitas
595 2625 714 2688 plectenda
723 2628 771 2687 est,
781 2637 833 2688 qua
844 2625 886 2674 vel
899 2624 946 2672 riu-

149 2699 223 2749 dieare
233 2697 357 2762 neglexerit
368 2699 427 2761 quod
440 2697 453 2748 'a
467 2698 516 2748 suis
529 2691 727 2760 improbitatum
740 2699 789 2758 est,
803 2695 841 2744 rel
854 2695 947 2748 reddere

151 2772 211 2836 qood
225 2784 267 2836 per
283 2769 390 2834 injuriam
404 2770 504 2820 ablatum
518 2772 561 2820 est.
576 2784 591 2814 u
604 2765 681 2818 'lertid
693 2766 816 2832 requisitur
828 2769 854 2816 ut
869 2765 902 2817 sit
914 2763 947 2814 in-

151 2843 221 2896 tentio
234 2842 367 2895 mianton
385 2844 461 2906 mota,
474 2853 520 2904 qua
535 2839 623 2892 milmet
635 2837 759 2891 iutoudltur
771 2837 809 2892 uel
821 2841 848 2890 ut
859 2837 947 2892 bonnm
