1992 3317
4 144 5 171 ³
301 184 332 221 nn
348 183 436 222 osunen
452 184 605 224 cnsmrrrss.
807 167 852 228 'tte

47 262 191 328 portionetnr
200 263 224 311 et
234 259 323 324 objecto
336 264 360 312 et
373 261 457 324 egenti.
470 262 515 327 §ed
525 276 554 313 en
565 264 654 327 objecto
663 262 731 315 babet
742 266 850 331 speciem,

46 348 76 386 ex
85 335 171 384 virtute
180 334 258 383 eutem
273 331 360 395 egentis
372 332 442 383 babet
455 334 546 384 modum
557 347 603 385 sure
614 334 752 386 intensionis
768 352 774 385 :
790 338 851 389 sicut

47 410 125 458 motus
135 405 205 455 babet
217 403 315 467 speciem
328 416 357 453 ex
367 403 463 455 termino
472 406 500 455 ad
509 418 577 468 quem
586 409 635 467 est,
645 408 685 457 sed
696 407 849 459 intensionem

46 476 176 529 velocitatis
189 474 259 525 tebet
277 488 307 525 ex
322 474 469 538 dispositione
483 477 573 527 mobilis
586 480 609 527 et
628 478 711 528 virtute
727 481 850 531 moventis.

48 550 86 599 Sic
100 561 156 611 ergo
169 547 263 598 dilectio
281 546 381 611 speciem
398 546 466 596 habet
485 560 514 597 ex
527 548 629 612 objecto,
642 550 682 599 sed
701 549 851 602 intensionem

47 622 120 671 babet
137 633 167 671 ex
180 622 246 683 purte
260 617 334 682 ipsius
348 617 471 681 diligentis.
484 618 603 682 Objeetum
622 623 698 670 antem
711 621 852 673 charitative

48 690 182 743 dilectionis
193 690 255 741 lieus
271 693 324 749 est;
339 690 407 740 bomo
421 694 497 741 sutem
509 689 606 753 diligens
616 694 652 741 est
665 692 709 756 (t).
724 694 853 745 Diversites

49 776 102 827 ergo
119 762 318 825 dilectionisque
337 763 373 813 est
391 762 516 812 secondom
534 763 680 826 charitatem,
693 769 803 827 qnantum
823 766 851 819 ed

50 836 151 899 speciem
156 871 165 900 ,
175 836 212 883 cst
222 833 359 883 attendendo
368 833 392 882 in
402 833 513 898 proximis
523 832 643 897 diligendis
653 838 777 887 secundum
789 852 851 889 com-

49 907 191 970 parutionem
203 904 232 955 ed
245 904 316 955 ileum
329 920 335 954 :
349 908 375 955 ut
389 905 475 955 scilicet
491 905 513 955 ei
525 905 566 968 pri
577 908 613 955 est
627 905 678 955 Deo
692 907 851 971 propinquior,

50 978 125 1043 moins
139 978 226 1029 bonnm
246 988 275 1027 en
290 975 400 1027 charitate
418 977 533 1039 velimus3
547 977 601 1040 qnia
617 977 671 1028 lieet
690 978 775 1029 bonnm
792 982 851 1044 quod

49 1050 156 1102 omnibns
176 1048 228 1099 vult
244 1046 460 1119 oberitemneilioet
477 1048 594 1099 beatitudo
612 1058 711 1112 aetcma,
731 1050 762 1099 sit
780 1063 851 1100 unum

2 1154 3 1157 =
49 1122 174 1173 menendum
186 1132 225 1182 se,
236 1120 307 1171 babet
316 1122 395 1170 temen
409 1120 511 1171 diversos
519 1120 602 1183 gratim
614 1121 738 1171 secundnm
749 1119 852 1172 diversas

1 1212 2 1261 3
49 1192 197 1245 beatitudinis
210 1191 403 1256 participationes.
418 1192 447 1241 Et
458 1192 504 1243 hoc
516 1194 545 1242 od
559 1192 691 1243 charitatem
703 1192 810 1258 pertinet,
825 1197 852 1244 ut

1 1286 3 1329 p
50 1266 103 1315 velit
110 1264 226 1329 justitium
238 1262 279 1314 ltsi
288 1263 387 1325 serram,
400 1265 525 1315 metendum
536 1276 605 1329 qnam
613 1265 720 1317 meliores
726 1266 852 1331 persectiirs

1 1352 2 1409 t
49 1336 213 1389 beatitudinem
229 1334 375 1399 participant.
385 1336 414 1384 ltt
426 1336 469 1386 boc
479 1336 580 1400 pertinet
589 1337 619 1387 ud
633 1338 734 1401 speciem
748 1338 852 1390 dilectio

51 1410 93 1461 nis.
105 1410 166 1459 Sunt
179 1406 242 1458 euim
255 1406 350 1458 diverse
369 1406 496 1457 dilectionis
510 1408 599 1472 speeies
614 1410 740 1459 merendum
760 1410 850 1461 diverso

1 1444 7 1525 Ῐ
51 1481 108 1531 bonu
117 1488 171 1545 gnte
184 1482 290 1543 optamus
303 1478 340 1528 bis
352 1490 409 1541 quos
422 1478 546 1542 diligimus.
558 1479 603 1529 Sed
614 1478 713 1529 intensio
722 1480 851 1532 dilectionis

51 1556 84 1603 est
97 1551 237 1603 attendenda
251 1563 293 1614 per
304 1549 494 1615 comparationem
506 1551 534 1599 ed
547 1548 622 1613 ipsum
635 1550 751 1601 bominem
765 1550 804 1614 qui
815 1553 851 1602 di-

51 1623 106 1685 lim't.
127 1624 158 1672 Et
172 1622 296 1673 secundum
311 1622 367 1683 hoc,
382 1620 434 1671 illos
443 1619 483 1683 qui
499 1624 554 1670 suut
564 1619 608 1670 sibi
622 1620 805 1685 propinquiores,
815 1621 852 1671 iu-

51 1694 145 1745 tensiori
166 1692 249 1743 ellectu
264 1690 338 1755 diligit
351 1693 419 1743 homo
437 1692 465 1742 ed
482 1691 539 1741 illud
554 1691 638 1741 bonnm
659 1690 688 1739 ad
699 1691 761 1753 guod
774 1704 853 1743 omnes

51 1766 137 1831 diligit,
151 1763 220 1828 quim
238 1764 345 1815 meliores
365 1764 394 1814 ed
412 1763 488 1827 meins
503 1763 596 1813 bonum.
613 1761 741 1812 Estetiam
759 1761 792 1811 ibi
808 1763 851 1813 elin

51 1837 178 1888 dideremin
199 1835 345 1887 attendenda.
370 1836 428 1885 llum
448 1833 520 1898 aliqui
538 1832 636 1898 pmximi
654 1835 708 1883 sunt
731 1832 852 1897 propinqui

51 1909 115 1961 nobis
126 1908 254 1959 secundnm
264 1907 389 1959 naturalem
401 1905 514 1969 originem
527 1904 541 1955 t
553 1917 599 1968 qua
611 1904 725 1956 discedere
736 1917 783 1954 non
796 1917 851 1969 pos-

51 1983 115 2043 sunt,
129 1978 320 2043 guarmundum
334 1991 384 2028 cem
396 1976 484 2027 suntid
499 1976 560 2040 qnod
569 1979 636 2038 sont3
649 1976 689 2026 sed
699 1975 788 2026 bonitas
806 1977 852 2026 rir-

53 2051 107 2101 tutis
123 2049 249 2101 secundum
265 2062 331 2113 qnam
346 2049 417 2113 aliqui
429 2047 612 2112 appropinquent
625 2049 688 2110 ileo,
703 2050 778 2111 potest
787 2060 852 2098 acce-

52 2124 105 2173 dere
114 2126 140 2175 et
152 2122 272 2182 recedere,
282 2121 359 2184 sugeri
370 2123 394 2171 et
404 2119 489 2183 minui,
502 2123 529 2169 ut
538 2132 568 2171 ex
574 2119 643 2182 suprt
652 2119 720 2169 dictis
726 2118 831 2183 patettt)
845 2135 851 2167 ·.

54 2200 75 2245 ct
86 2195 140 2245 ideo
153 2196 253 2258 possunt
263 2206 292 2242 ex
302 2193 411 2243 cbaritnte
425 2193 484 2243 velle
497 2190 558 2255 quod
570 2190 614 2241 iste
627 2190 666 2254 qui
677 2194 714 2241 est
723 2190 781 2239 mitri
794 2203 852 2241 con-

52 2266 144 2329 junctus
151 2304 159 2327 ,
167 2265 200 2315 sit
208 2265 289 2315 melior
299 2264 343 2314 alio
348 2300 356 2327 ‚
367 2267 390 2314 et
401 2262 434 2314 sio
446 2264 474 2313 ud
486 2262 596 2325 maiorem
604 2260 750 2313 beatitudinis
758 2262 853 2325 gradum

54 2335 170 2399 pervenire
182 2334 263 2400 possit.
274 2336 317 2385 list
330 2338 405 2387 antem
416 2338 439 2385 et
453 2334 511 2384 alius
522 2334 603 2387 modus
615 2346 660 2396 qno
668 2332 725 2396 plus
737 2331 853 2396 diligimus

55 2420 82 2457 ex
94 2408 207 2458 charitate
224 2406 296 2469 magis
310 2406 376 2457 nobis
389 2405 537 2471 conjunctos,
548 2405 600 2469 quia
613 2404 715 2469 pluribus
728 2404 802 2456 modis
814 2416 854 2454 eos

86 2525 119 2590 (1)
135 2528 189 2573 Sive
207 2528 230 2572 is
243 2528 287 2583 pot
304 2526 397 2583 diligit.
412 2526 459 2571 Nec
478 2526 547 2571 aliurn
566 2526 598 2570 ob
616 2534 710 2570 cunmm
725 2534 766 2578 pro
784 2522 855 2567 celeri

57 2587 188 2652 (prompto)
204 2592 327 2647 usurpetur
338 2588 375 2634 rel
384 2588 504 2645 diligens,
518 2588 562 2633 nisi
576 2587 630 2644 gnie
645 2586 775 2632 dilectionis
785 2597 853 2642 ergo

55 2658 157 2701 mentum
172 2657 208 2697 est
224 2651 331 2696 celeritas
345 2650 381 2696 rel
392 2650 546 2707 promptitudo
559 2649 668 2695 leniendi.

87 2721 118 2784 β)
135 2724 180 2769 Ubi
194 2722 332 2779 dictumest,
343 2733 382 2778 qu.
396 2718 435 2777 il,
445 2725 488 2765 ert.
501 2720 543 2779 td,
552 2732 622 2777 posse
636 2719 709 2765 minui
718 2719 854 2763 oburitetem

56 2798 102 2831 non
118 2798 160 2843 per
173 2796 199 2831 se
210 2796 237 2831 ec
251 2783 351 2841 directe,
370 2783 410 2829 sed
425 2782 534 2828 indirecte
545 2795 572 2827 no
585 2795 627 2839 per
639 2782 745 2828 accidens
758 2785 853 2839 propter

56 2848 230 2907 dispositionem
245 2846 274 2893 ud
284 2847 345 2893 illius
356 2846 541 2904 corruptionem,
551 2844 588 2891 rel
599 2851 693 2903 propter
703 2844 855 2889 intermissio-

58 2924 110 2961 nem
123 2910 227 2961 exercitii
238 2911 304 2971 ejusp
319 2914 344 2959 et
353 2914 396 2960 ert.
409 2910 452 2971 tl,
467 2920 536 2971 posse
547 2908 611 2961 item
621 2908 696 2959 emitti
706 2907 822 2956 totaliter.
