1992 3317
395 104 426 142 ua
442 102 542 143 elusio.

70 179 173 246 peccatis
183 177 306 243 preteritis
316 177 414 242 uestris,
426 180 464 230 uel
474 179 544 231 etiam
553 179 664 245 alierum,
674 180 699 232 iu
708 97 870 248 quaatunpget

70 265 97 302 ea
107 249 246 332 impedimur
256 247 452 331 llparticipatiuue
466 250 537 302 diviui
546 251 609 302 huni.

69 323 137 446 stc
150 323 244 456 “itt
254 320 732 456 psalteterium
744 326 869 447 ‘llll‘

70 479 124 518 uem
140 431 164 516 {a
173 477 288 524 amorem,
299 467 376 515 tamen
384 406 453 529 ὴυὲιθιε
467 464 520 517 vila
530 466 622 518 miseria
634 408 871 532 mpmpfdffledg

68 535 245 602 participatione
261 534 334 586 diuini
349 535 418 600 boni,
432 537 506 602 qualis
519 538 563 589 erit
578 538 698 604 lupatria.
712 540 744 589 lit
757 538 810 590 idea
822 540 872 591 hec

71 609 144 660 etiam
161 605 255 658 tristitia
268 621 312 672 qua
325 606 377 672 quis
395 607 457 672 luget
470 609 497 660 de
511 608 617 662 dilatione
630 610 721 676 morie,
734 610 832 676 pertinet
842 610 872 662 ad
896 606 903 621 ‘

70 677 263 745 impedimentum
277 678 453 750 participationis
464 680 538 732 diuini
546 681 608 734 bosi.

370 860 528 914 anulcultls
540 856 582 912 lll.

106 987 193 1034 vta-iem
203 957 328 1053 spirituale
336 987 465 1044 peceatum,
475 985 539 1044 qued
547 998 577 1032 ea
591 985 708 1032 ctoritate
723 989 846 1041 σαωιιιαν,

322 1049 396 1107 poerit
409 1049 436 1094 ire
453 1049 519 1094 nodia
532 1049 634 1106 impleri.
857 1085 860 1090 .

107 1178 142 1230 td
153 1177 245 1228 tertium
260 1176 294 1228 sic
302 1175 439 1241 proceditur.
452 1174 545 1228 Videtur
557 1174 618 1239 quid
631 1174 748 1240 spirituale
756 1173 874 1238 gaudium,

73 1251 137 1316 quod
151 1263 181 1300 ex
191 1247 300 1300 charitate
309 1250 422 1310 causatur,
431 1260 477 1298 uon
486 1246 560 1312 pessit
570 1247 594 1298 iu
603 1247 669 1296 uehis
679 1245 776 1311 impleri.
785 1245 873 1304 ouante

74 1321 140 1375 euim
152 1321 227 1388 aradus
240 1319 348 1382 gaudium
361 1319 388 1369 de
401 1318 581 1382 certaremus,
593 1317 656 1369 tautll
669 1317 776 1383 gaudium
788 1317 839 1382 ejus
851 1318 877 1368 iu

75 1394 146 1448 uobis
160 1391 232 1456 magis
247 1391 361 1458 impletur.
378 1391 422 1442 Sed
437 1403 551 1454 uunquam
567 1403 688 1455 pessumus
703 1392 790 1440 tautum
808 1391 836 1440 de
848 1402 876 1440 ec

76 1463 191 1532 gaudere,
200 1467 309 1528 quantum
316 1461 409 1527 mgnum
417 1466 452 1514 eet
460 1465 486 1512 ut
495 1463 523 1512 dc
531 1463 577 1513 ileo
585 1462 716 1529 gaudeatur3
725 1459 779 1525 quia
787 1474 877 1526 semper

75 1537 170 1590 bonitas
179 1535 237 1600 ejus,
249 1547 300 1598 que
309 1537 344 1584 est
353 1533 442 1584 inlicita
450 1572 456 1596 ,
465 1531 554 1585 excedit
566 1532 672 1598 gaudium
682 1535 803 1594 creature,
815 1531 876 1595 quod

77 1613 115 1662 est
129 1607 227 1658 linitum.
245 1607 305 1671 Ergo
316 1605 420 1668 gaudium
432 1603 460 1654 de
474 1605 520 1656 lieo
533 1617 648 1666 nunquam
661 1607 737 1667 potest
746 1601 845 1666 impleri.

110 1685 135 1732 2.
155 1681 279 1739 Praeterea,
297 1673 353 1728 illud
376 1677 436 1742 quod
457 1678 493 1727 est
511 1675 646 1740 impletum,
664 1687 711 1724 uon
730 1676 807 1737 potest
826 1686 879 1724 esee

79 1752 165 1817 majus.
185 1747 338 1812 Sedgaudium
352 1749 420 1800 etiam
436 1747 552 1798 bealorum
565 1748 642 1810 petest
660 1756 711 1794 esse
723 1743 810 1807 majus,
825 1741 880 1806 quia

79 1822 188 1889 gaudium
203 1820 271 1872 unius
281 1821 317 1870 est
328 1814 402 1884 majus
413 1817 481 1882 quim
494 1815 596 1870 alterius.
606 1816 666 1879 Ergo
679 1812 786 1879 gaudium
796 1813 879 1865 dellec

79 1908 128 1947 uon
137 1897 211 1961 potest
225 1893 250 1944 in
262 1895 365 1944 creatura
377 1888 475 1954 impleri.

114 1970 137 2015 3.
153 1963 282 2027 Praeterea,
297 1963 355 2014 nihil
372 1961 432 2012 aliud
451 1959 541 2012 uidetur
558 1972 607 2010 esee
625 1955 802 2022 comprehensi,
813 1954 882 2019 quim

81 2035 218 2102 cognitionis
236 2033 361 2100 plenitude.
378 2033 421 2084 Sed
434 2033 494 2084 sicut
508 2031 544 2082 vie
556 2028 709 2094 cognescitiua
723 2030 833 2093 creatura
847 2030 882 2077 eet

82 2107 147 2162 tulta
156 2146 162 2173 ‚
171 2108 203 2160 ita
215 2111 238 2159 et
249 2105 285 2157 ris
300 2103 424 2171 appetitiva
434 2103 545 2170 ejusdem.
555 2101 610 2154 Cim
621 2114 674 2164 ergo
684 2102 743 2151 licus
752 2097 882 2162 noupcesit

83 2181 113 2232 ub
123 2181 198 2246 aliqua
210 2182 313 2231 creatura
327 2177 503 2242 comprehendi,
516 2176 605 2225 uidetur
618 2172 679 2239 qudd
692 2183 739 2222 auu
750 2169 823 2235 pessit
836 2169 882 2220 ali-

84 2253 151 2318 cujus
166 2254 277 2304 creature
291 2250 397 2314 gaudium
412 2249 439 2300 de
450 2249 496 2299 llec
510 2243 608 2311 impleri.

115 2325 158 2377 Sed
168 2328 247 2376 centra
260 2326 310 2384 est,
323 2324 382 2387 quod
391 2321 502 2373 [lominus
515 2318 632 2384 discipulis
646 2315 716 2379 dicit,
727 2317 810 2370 loca„
825 2313 883 2364 XV:

87 2414 102 2448 a
117 2401 146 2452 Ut
159 2396 267 2464 gaudium
282 2408 358 2446 meum
371 2394 396 2445 iu
412 2392 476 2445 uobis
494 2392 541 2457 sit,
555 2396 579 2442 et
594 2390 704 2455 gaudium
722 2390 822 2438 uestrum
841 2386 884 2436 iru-

74 2471 173 2537 ¹pleatur
186 2471 255 2536 tlt.»
829 2521 835 2532 x

118 2543 281 2608 (concussio.
289 2564 319 2578 -
328 2538 449 2604 spirituale
468 2537 590 2602 gaudium,
601 2534 661 2600 qued
675 2533 700 2584 iu
712 2532 778 2584 uehis
791 2545 821 2583 ex
831 2531 886 2581 cua-

121 2649 154 2713 (l)
168 2654 199 2698 Et
207 2651 303 2708 quidem
313 2649 464 2707 sumemus,
479 2648 558 2694 Tract.
567 2646 687 2692 lxxxiii.
697 2644 723 2689 iu
732 2643 817 2701 Jeep,
828 2653 885 2698 gau-

90 2715 154 2760 dium
168 2713 224 2759 illud
240 2715 461 2770 interpretaturque
479 2711 544 2756 beati
559 2709 629 2755 laturi
647 2719 738 2759 sumus
751 2710 776 2750 et
788 2703 888 2761 quadiu

88 2777 315 2900 ffeefflrraaceutium
325 2776 456 2835 incusatur,
471 2773 512 2821 sed
522 2774 546 2818 ia
555 2767 829 2830 premieresrrperalum
842 2766 887 2872 iuu-
