1992 3317
371 101 402 137 DE
418 101 552 140 flolllcrolo.

361 266 518 317 anniculos
530 267 558 315 V.

223 387 310 433 viriam
320 389 390 434 liceat
399 390 474 434 alicui
483 390 587 438 aemam
595 390 705 446 mmm.

96 515 129 567 lo
149 515 255 579 quintum
267 515 300 565 sio
319 514 446 578 proceditur
457 515 503 580 (l).
522 516 615 567 Videtur
630 517 691 580 quod
706 516 773 569 alicui
793 518 862 570 lineat

64 587 167 651 seipsum
175 586 287 638 occidere.
298 585 448 636 llomieioium
462 586 525 637 enim
537 591 573 638 est
581 591 708 651 peecatum,
717 587 742 638 in
750 593 861 652 quantum

61 655 159 720 justitia
176 655 335 708 contrariatur.
350 655 395 708 Sed
416 657 491 708 nullus
508 661 584 720 potest
601 657 645 707 sihi
663 658 710 722 ipsi
725 659 861 724 injustitiam

63 729 153 789 lacere,
166 728 306 791 utprobatur
319 727 371 776 inV
383 728 681 794 montemmaranum
693 731 769 782 nulus
782 735 861 794 ponuat

63 799 188 850 molendo
210 797 318 862 seipsum.

94 875 119 919 2.
138 870 265 929 praterea,
280 869 382 920 occidere
397 870 554 923 malefactores¹
567 870 621 921 lieet
633 870 727 935 habenti
748 872 860 936 publicam

62 943 209 1004 potestatem.
222 941 265 994 Sed
277 940 411 1004 quandoque
421 941 460 992 ille
471 940 510 1004 qui
521 941 589 992 hahet
597 941 712 1006 publicam
722 947 860 1005 munuum

62 1016 97 1062 est
111 1011 253 1061 malefactor.
267 1011 327 1074 Ergo
339 1011 393 1060 licet
403 1011 426 1062 ei
439 1011 542 1061 occidere
553 1011 662 1076 seipsum.

93 1089 118 1133 3.
132 1086 259 1146 Praeterea,
274 1082 362 1132 licitum
372 1086 407 1132 est
419 1081 479 1147 quod
493 1083 575 1146 aliquis
589 1083 715 1146 spontanee
728 1084 804 1134 minus
817 1098 860 1148 pu-

61 1154 158 1205 rienlnm
168 1154 256 1214 subeat,
267 1157 292 1203 ut
300 1153 509 1218 majusperinulum
517 1153 584 1215 uitet,
591 1155 650 1204 siem
658 1152 745 1208 licitum
753 1159 790 1205 est
798 1154 860 1220 quod

62 1223 279 1288 annuntiantum
292 1225 336 1288 ipsi
350 1228 452 1287 amputet
467 1224 593 1274 membrum
605 1225 732 1290 putidum,
746 1228 775 1275 ut
785 1228 861 1275 totum

62 1311 145 1360 eorpus
163 1296 271 1346 salvetur.
291 1295 335 1347 Sed
356 1297 490 1360 quandoque
512 1296 594 1360 aliquis
612 1311 653 1362 per
669 1296 806 1348 oeeisiomm
826 1297 862 1348 sui

61 1367 137 1431 ipsius
149 1367 209 1430 uitat
223 1372 297 1427 majas
313 1367 411 1425 mmum,
424 1367 513 1418 seilicet
524 1367 631 1418 miseram
648 1369 719 1418 uitam
733 1369 769 1418 nel
786 1368 860 1432 turpi-

61 1439 166 1488 tudinem
183 1437 280 1502 alieujus
291 1439 386 1502 peccati.
401 1439 461 1500 Ergo
478 1438 531 1489 linet
549 1438 616 1491 alieni
632 1439 736 1489 occidere
749 1439 861 1502 seipsum.

92 1514 115 1560 t.
131 1511 258 1566 Protarea,
270 1511 366 1560 Samson
376 1509 475 1573 seipsum
485 1509 754 1578 interfeolt‚utlnnbetnr
763 1509 860 1565 suntin,

59 1582 119 1644 llVl,
128 1581 169 1644 qni
176 1585 252 1632 tamen
261 1579 500 1631 nonnumeraturinter
508 1584 607 1642 mono,
616 1585 641 1631 nt
652 1584 714 1644 patet
723 1581 813 1640 ileon„
820 1581 860 1630 lll.

60 1653 120 1715 Ergo
131 1651 221 1703 linitum
235 1655 271 1702 est
287 1651 355 1702 alieni
367 1651 473 1702 occidere
488 1650 598 1714 seipsum.

91 1726 114 1772 5.
130 1726 254 1786 Praeterea,
267 1724 288 1776 ll
302 1721 492 1784 Mactao.‚ll1V‚
507 1721 589 1772 dieitur
596 1721 656 1785 quod
670 1722 753 1772 Rarius
768 1721 860 1785 quidem

62 1795 165 1858 seipsum
177 1793 292 1845 interfecit
298 1830 306 1856 ,
319 1810 333 1844 «
349 1793 436 1856 eligens
452 1793 557 1844 nobiliter
570 1792 628 1842 mori
638 1792 714 1856 potilm
723 1792 791 1855 quam
804 1793 858 1843 sub·

58 1865 121 1916 alitus
129 1865 179 1916 lieri
191 1863 363 1929 peecatoribus,
373 1868 396 1916 et
407 1869 485 1928 contra
496 1865 582 1914 natales
592 1876 647 1914 suos
654 1863 754 1927 indignis
765 1863 860 1928 injuriis

58 1937 103 2000 agi.
122 1953 137 1984 n
155 1937 202 1988 Sel
218 1936 276 1986 nihil
291 1937 352 2000 quod
372 1936 520 1990 nobilitarat
537 1942 562 1987 et
577 1935 678 2000 fortiter,
691 1940 730 1987 est
743 1935 857 1986 illinitum.

57 2009 115 2072 Ergo
136 2007 239 2059 oecidere
257 2007 356 2072 seipsum
374 2021 420 2058 non
432 2011 468 2058 est
475 2007 589 2058 illicitum.

89 2080 136 2130 Sed
149 2082 231 2130 uonna
247 2083 297 2140 ost,
312 2079 371 2142 qnod
385 2080 524 2142 lugnnstinns
537 2079 626 2129 diuitin
638 2080 648 2128 l
660 2079 698 2129 De
712 2080 790 2130 civit.
807 2080 857 2128 Dei

60 2153 122 2214 (cap.
135 2149 182 2213 ao)
197 2165 202 2200 :
216 2151 318 2200 «Restat
329 2153 354 2198 nt
364 2151 391 2200 de
400 2149 492 2201 homine
505 2149 659 2214 intelligamus
672 2149 727 2200 illud
738 2150 799 2213 quot
808 2149 856 2200 dio-

58 2226 105 2272 tnrn
116 2225 170 2272 est:
186 2222 243 2272 Non
255 2219 348 2272 maiales
362 2222 470 2284 altarnm;
482 2233 535 2283 ergo
542 2224 628 2283 neote3
641 2234 716 2284 neque
726 2220 787 2272 enim
795 2221 858 2273 aliua

56 2292 123 2354 qnlm
138 2291 257 2343 hominem
270 2290 365 2352 ntulit,
379 2291 419 2354 qui
431 2292 530 2356 seipsum
542 2291 657 2341 omitit.»

88 2363 251 2427 (Concnnsro.
264 2387 294 2406 -ψ
306 2362 412 2426 seipsum
428 2363 547 2426 occidere,
566 2361 620 2412 elam
636 2363 667 2413 sit
682 2367 760 2413 eontra
779 2363 821 2413 Ilei
834 2367 858 2413 et

56 2436 130 2484 sulae
144 2433 244 2503 proximi
256 2433 399 2497 charitatem,
415 2434 477 2484 nullo
494 2435 561 2484 modo
573 2433 680 2498 uniquam
691 2434 769 2498 licet.)

89 2605 121 2668 (t)
140 2608 173 2652 De
191 2605 229 2652 his
247 2607 318 2652 etiam
332 2606 414 2665 snpra,
430 2617 470 2662 qu.
490 2605 538 2665 59,
552 2610 597 2652 art.
620 2605 644 2663 3,
659 2606 688 2651 ad
704 2605 732 2659 23
748 2610 772 2651 et
789 2605 859 2660 intra,

56 2681 96 2724 qn.
109 2668 168 2728 124,
181 2675 225 2714 art.
238 2669 261 2725 Ξ,
274 2670 303 2714 ad
323 2669 350 2722 ἲς
364 2673 390 2714 ut
403 2673 427 2713 et
439 2670 480 2714 lll.
495 2675 566 2727 part,
578 2681 619 2726 qn.
630 2669 676 2726 t'l,
690 2674 734 2714 art.
747 2667 771 2725 o,
786 2667 816 2712 all
825 2667 854 2717 3;

55 2739 78 2776 el
92 2734 137 2789 lv,
152 2731 231 2781 Sunt„
246 2732 300 2778 dist.
312 2729 352 2788 lo,
367 2743 407 2788 qu.
423 2729 448 2786 5,
463 2737 509 2778 ert.
522 2731 546 2792 3,
561 2731 736 2789 quaestionati,
751 2730 780 2776 ad
790 2731 818 2783 63
835 2737 859 2774 et

56 2795 87 2838 nd
101 2791 193 2844 Hebr„
208 2796 239 2840 ill
246 2827 252 2854 ‚
268 2794 321 2840 leot.
332 2795 357 2854 7,
371 2795 416 2840 ool.
431 2793 454 2839 1.
