1992 3317
159 143 203 188 oto
282 153 533 200 suessonensium,
549 153 640 197 oonsr.
658 155 724 205 nmv,
739 155 796 191 sna.
812 156 830 191 ι.

458 320 618 372 uuuicULus
633 322 653 370 l.

228 443 311 488 Ulrdm
321 443 423 488 occidere
439 457 590 503 quocumque
604 445 710 490 viventia
718 446 752 490 ait
765 445 891 491 illicitum.

188 569 222 618 lld
232 568 327 633 primum
337 569 371 620 sir.
382 571 512 634 proceditur
525 570 571 636 (1).
588 571 682 621 Vrdotur
697 570 759 634 qubd
773 571 880 623 ouuidoro
893 584 947 635 ona·

158 653 251 704 cumque
263 640 365 691 viventia
375 643 407 692 sit
417 642 528 693 illicitum.
538 641 598 692 Dicit
613 642 674 692 onim
688 641 811 706 Apostolus
824 643 861 692 aul
875 645 944 695 llom..

157 712 206 762 lllll
218 726 224 760 ι
241 711 308 771 «Qui
323 712 460 764 ordinationi
476 714 519 764 liei
530 711 655 774 resistunt,
668 713 714 777 ipsi
727 712 772 763 sibi
787 713 945 764 damnationem

157 782 282 846 acquirunt.
298 799 312 830 u
326 783 372 834 Sed
382 798 422 848 por
435 785 600 835 ordinationem
617 784 700 835 didon
713 784 868 847 prouidentia
884 783 946 834 onnia
970 790 971 795 ’

156 853 257 904 viuoulia
267 859 435 920 conservantur,
447 858 574 907 seeundum
583 855 640 904 illud
654 854 752 904 Psnlm.
766 856 856 907 cxlvi
871 871 905 906 :u
913 852 945 912 dui

156 923 260 988 producit
269 925 294 974 in
302 927 417 978 montibus
426 927 523 987 stonum,
532 931 556 978 ot
565 927 604 978 dut
611 925 723 989 jumentis
731 939 810 976 oscam
821 926 943 990 ipsorum.»

158 995 216 1058 ldrgo
226 997 360 1048 mortificare
374 1011 521 1062 quacumque
537 997 655 1058 viventia,
668 996 759 1047 videtur
777 1009 829 1048 omo
841 997 943 1048 illicitum

187 1074 213 1120 a.
226 1069 352 1132 Pratorea,
368 1068 517 1120 homicidium
533 1073 569 1120 ost
585 1073 702 1134 pensatum
719 1081 749 1119 ox
767 1079 797 1118 oo
811 1067 873 1131 quod
889 1069 945 1118 bono

157 1139 258 1203 privatur
275 1140 330 1192 uita.
345 1141 390 1192 Sed
405 1141 453 1192 vita
466 1141 594 1191 communis
607 1144 644 1191 ost
658 1139 764 1190 omuibus
783 1139 918 1190 animalibus
927 1142 943 1187 et

156 1211 248 1274 plantis.
264 1211 322 1276 Ergo
341 1213 422 1263 eadem
432 1212 520 1263 radone
536 1213 626 1263 uidetur
645 1225 699 1263 esso
715 1213 837 1276 odoratum
853 1211 943 1262 occidero

156 1281 222 1332 bruta
234 1281 340 1333 animdia
352 1287 376 1333 et
391 1284 488 1347 plantas:

188 1355 211 1400 d.
225 1352 345 1414 Protendo,
353 1354 378 1403 iu
387 1355 438 1418 logo
449 1355 528 1406 diuina
537 1367 585 1404 uon
593 1352 756 1405 determinatur
765 1353 877 1417 specialis
886 1364 941 1417 pout

156 1422 202 1474 uisi
211 1436 253 1486 pro
264 1427 367 1487 peccato.
382 1425 427 1476 Sad
438 1425 551 1477 ousidmu
562 1426 644 1476 bosom
657 1425 696 1474 vol
705 1437 774 1474 ovem
785 1424 881 1474 alterius
889 1463 895 1483 ‚
904 1428 940 1472 su·

156 1495 227 1546 luitur
239 1508 306 1560 poeua
319 1496 654 1560 dourniuutuiulegudiviuu‚
666 1500 691 1545 ut
701 1498 765 1559 patet
773 1495 940 1557 usumin·
970 1542 971 1559 i

156 1567 214 1630 Ergo
224 1567 307 1618 occisio
316 1567 434 1618 brutorum
445 1567 577 1618 animalium
590 1570 627 1617 ost
636 1569 764 1632 poooatnm.
970 1564 971 1585 ³

187 1640 233 1690 Sed
248 1642 326 1690 eontra
337 1642 386 1700 ost,
397 1639 457 1703 qubd
477 1638 617 1702 Augustinus
632 1638 688 1689 dioit
700 1637 727 1687 iu
739 1640 751 1687 l
765 1639 803 1688 De
814 1638 891 1688 civit.
902 1636 939 1686 bei

160 1710 225 1775 (cap.
242 1713 292 1772 ab)
308 1725 314 1760 ι
330 1727 344 1758 u
363 1710 419 1762 cum
436 1711 559 1774 uudimns3
573 1725 622 1760 nou
637 1709 749 1765 occidor,
764 1723 813 1760 non
830 1709 938 1774 audoinus

157 1783 201 1832 boo
216 1782 299 1832 dictum
310 1794 360 1832 ossa
370 1781 397 1832 de
407 1781 507 1845 lunulis,
520 1781 657 1846 quianullus
669 1780 704 1830 eis
712 1785 748 1831 ost
757 1793 856 1844 sonsus3
869 1792 907 1829 noo
915 1777 937 1824 do

155 1852 320 1904 irrationalibus
334 1853 484 1915 animalibus,
500 1853 551 1917 quia
568 1853 630 1902 nulla
647 1852 714 1903 nobis
726 1854 814 1903 rationo
828 1850 936 1903 sodanln
969 1872 971 1875 ·

157 1925 237 1974 Restat
247 1938 300 1986 orgo
313 1929 339 1975 ut
352 1924 503 1988 intslimmus
516 1925 545 1974 do
563 1923 655 1974 domiuo
670 1924 732 1987 quod
742 1923 831 1974 (ιιιὶιιιιι
842 1926 892 1982 ost,
902 1933 939 1968 uon

156 1995 288 2044 occides.»

188 2065 197 2128 (
208 2066 425 2118 Coucnusuo.-ldt
437 2067 528 2131 plautas
541 2067 570 2117 ad
582 2065 715 2118 aninalium
726 2080 795 2117 nsum
805 2070 830 2117 et
842 2065 890 2130 ipsu
902 2061 938 2112 ιιι-
968 2110 970 2121 .

156 2135 224 2186 malia
236 2137 265 2186 ad
276 2137 375 2188 hominis
388 2138 589 2200 sustentationem,
599 2137 648 2188 vitd
658 2137 748 2202 privare
760 2136 847 2200 lioot.)

187 2206 321 2269 Rospoudoo
331 2207 460 2270 dicendum,
468 2208 529 2272 qudd
542 2207 618 2258 nullus
627 2210 706 2271 pounb
717 2220 747 2256 ex
756 2207 802 2257 lroo
811 2206 873 2269 qubd
880 2203 939 2254 udor

155 2288 179 2326 uo
193 2275 268 2338 aliqua
285 2276 314 2328 ad
326 2278 370 2328 boo
385 2278 414 2328 ad
423 2280 484 2342 qnod
497 2283 540 2330 ost.
557 2280 583 2329 ln
598 2291 673 2330 rorum
686 2280 762 2327 antem
775 2275 856 2328 ordino
867 2276 938 2338 iuuer-

155 2345 248 2396 iootiora
261 2351 314 2398 suut
327 2351 418 2412 proptor
431 2350 566 2413 perdendora
580 2365 587 2399 ε
604 2349 663 2400 sicud
678 2346 747 2398 otiam
760 2347 787 2398 in
800 2343 938 2409 gououuouis

156 2417 207 2479 via,
222 2421 302 2469 natura
318 2421 346 2470 ab
362 2419 504 2483 imperfectis
515 2422 544 2471 ad
557 2421 659 2484 porisma
673 2418 783 2484 prooedit.
797 2421 826 2470 ut
843 2418 894 2468 indo
910 2418 937 2463 eu

157 2487 216 2550 qudd
234 2489 292 2542 siout
307 2490 331 2540 iu
346 2491 490 2554 generatione
513 2491 612 2542 uouiuis
627 2491 690 2555 prius
711 2494 747 2540 ott
765 2485 939 2552 sivum-deinde

157 2560 249 2621 animal,
258 2561 337 2611 ultimo
352 2565 426 2611 autom
438 2563 506 2613 homo
517 2577 524 2612 :
537 2563 570 2612 ita
578 2563 647 2613 otiam
661 2573 689 2611 oa
698 2574 750 2625 qua
762 2565 852 2611 numm
862 2559 938 2607 uiuunt.

157 2635 182 2681 ut
196 2633 290 2697 planto,
304 2637 357 2684 sunt
370 2635 521 2684 communiter
532 2638 624 2699 proptor
641 2633 767 2695 animalia,
781 2631 858 2683 omnia
873 2632 937 2678 aulon

188 2799 221 2858 (ll
237 2804 268 2846 Ilo
279 2804 392 2849 bisetium
406 2809 425 2860 Ι,
436 2806 514 2856 Saul..
527 2808 582 2854 dist.
593 2807 632 2862 39,
645 2819 685 2864 qu.
695 2807 720 2861 Ξ,
733 2811 777 2851 art.
787 2806 815 2859 2;
828 2812 851 2850 ut
862 2804 938 2850 suurn

158 2861 289 2945 Geuutffiub.
301 2866 345 2922 111,
358 2878 410 2922 cap.
423 2865 476 2910 iifl.
