1992 3317
336 125 367 163 DE
383 124 563 166 RRSTHUTIOKE.

343 310 501 362 tumentes
518 311 558 361 lll.

64 435 145 481 [strdm
152 434 255 491 sufficiet
264 434 390 480 restituere
396 435 509 492 aiuaplam
519 435 582 491 quod
590 435 680 490 injuste
689 434 796 479 mnium
806 436 849 478 eet.

87 563 119 612 dd
136 560 225 612 tertium
240 561 272 612 sie
296 560 424 625 proeeditur
434 561 478 624 (1).
493 561 588 611 Videtur
603 559 663 624 qudd
681 573 728 612 nun
749 560 849 610 suliieiat

54 633 168 684 restituere
191 633 296 696 simplum
312 633 371 696 quud
388 631 473 696 injuste
493 632 592 682 ablatum
614 636 656 684 est.
678 632 763 682 Dicitur
785 631 848 682 euim

54 704 146 764 duod„
161 704 222 753 llllll
234 720 239 752 :
253 721 268 752 u
277 705 300 754 Si
315 703 367 766 quis
379 703 466 754 iuratus
484 702 552 752 luerit
569 704 651 754 bouem
666 708 705 754 aut
722 716 805 765 qvem,
822 705 846 753 et

53 775 156 825 qoeideril
166 775 202 824 uel
215 773 350 837 vendiderit,
361 775 461 838 quinque
470 774 541 826 noves
553 787 595 839 pro
608 787 653 824 uno
665 775 724 825 love
735 774 846 834 restituet,

49 850 76 895 et
89 849 182 909 quatuor
192 857 247 895 unes
262 858 302 910 pru
315 858 360 895 uua
377 858 429 896 oue.
439 863 453 894 »
469 847 515 897 sed
528 846 623 909 quilibet
639 848 728 894 tenetur
742 846 847 896 mandata

53 918 133 968 divine
147 916 202 980 legis
215 917 346 967 observare.
369 918 427 981 Ergo
446 918 485 967 ille
503 917 543 980 qui
561 917 657 977 iuratur,
673 920 764 966 tenetur
781 915 849 966 resti·

53 991 115 1039 tuere
127 987 288 1051 quadmplum,
300 989 338 1038 uel
354 988 508 1052 quintuplum.

83 1063 107 1107 s.
120 1059 244 1120 Praeterea,
259 1071 286 1108 ea
301 1075 315 1107 u
328 1073 378 1122 quae
391 1059 473 1123 scripta
489 1064 552 1124 sunt,
564 1059 594 1110 ad
609 1063 709 1109 uestram
724 1056 849 1108 doctrinam
892 1053 895 1058 ’
964 1118 967 1128 Α

52 1129 135 1193 scripta
156 1131 224 1191 suut,
239 1146 252 1176 u
268 1134 294 1180 ut
307 1130 388 1180 dieitur
403 1130 439 1180 ud
454 1132 534 1187 Rom„
552 1131 600 1180 llll.
621 1130 665 1179 sed
680 1136 769 1189 Luem,
788 1128 849 1190 lllll,

52 1202 157 1250 zacheus
172 1198 230 1252 dixit
248 1202 280 1255 ad
299 1201 420 1253 [luminum
437 1218 442 1252 :
465 1219 478 1249 u
497 1202 521 1253 Si
534 1215 602 1266 quem
619 1199 766 1261 defraudavi,
781 1198 850 1249 reddo

51 1272 233 1336 quadruplum.»
250 1275 307 1336 llige
321 1275 388 1324 humo
409 1273 476 1324 debet
500 1273 619 1324 restituere
639 1268 813 1334 multiplicatum
826 1268 850 1318 id

51 1345 110 1407 quod
130 1343 215 1408 injuste
229 1345 324 1409 aceepit.

83 1420 105 1464 3.
125 1416 249 1480 Praeterea,
265 1416 320 1466 uulli
341 1419 416 1481 potest
431 1415 495 1479 juste
512 1415 595 1465 auferri
612 1415 635 1464 id
658 1413 717 1476 qued
731 1413 784 1462 dare
803 1423 850 1460 uon

50 1487 125 1536 delet.
136 1487 182 1537 Sed
193 1487 264 1550 judex
277 1488 351 1538 aufert
358 1486 420 1552 juste
432 1487 460 1536 ab
469 1499 497 1537 eq
508 1486 547 1549 qui
562 1484 647 1534 iuratus
661 1488 705 1542 est,
720 1484 849 1546 plusquam

49 1557 136 1606 furatus
149 1563 193 1621 est,
208 1569 249 1621 pro
262 1558 365 1609 emenda.
378 1559 435 1621 llrgn
446 1559 515 1608 humo
527 1555 594 1605 delet
603 1555 660 1604 illud
673 1554 771 1615 saluere,
781 1556 805 1602 et
818 1551 850 1600 ita

48 1642 94 1678 nun
108 1628 193 1680 suflicit
205 1631 298 1681 reddere
316 1630 431 1694 simplum.

79 1701 125 1751 Sed
136 1705 216 1751 enutra
227 1704 276 1761 est,
290 1700 351 1767 qudd
364 1699 477 1751 restitutio
487 1697 573 1749 reducit
586 1696 614 1747 ad
628 1695 777 1760 equalitatem
788 1695 847 1757 quod

45 1771 192 1834 iuaequaliter
209 1772 308 1822 ablatum
327 1775 370 1822 est.
385 1771 430 1821 Sed
445 1769 528 1833 aliquis
548 1767 663 1818 reddendo
679 1765 739 1829 quod
760 1764 849 1828 aceepit

46 1842 170 1905 simplum,
186 1842 271 1892 reducit
291 1843 319 1892 ad
339 1840 499 1906 equalitatem.
516 1841 575 1903 Erga
592 1839 665 1888 sulum
679 1839 770 1888 tenetur
783 1834 850 1885 resti·

45 1916 110 1963 tuere
126 1916 215 1963 tautum
228 1916 336 1976 quantum
355 1913 452 1976 aceepit.

80 1983 244 2046 (conatusne.
260 2010 290 2021 -
310 1986 368 2034 lule
386 1982 470 2047 judicis
487 1979 713 2042 condemnationem,
728 1990 776 2028 uon
798 1975 850 2041 plus
953 1997 955 1999 ·

44 2066 115 2116 quam
130 2053 184 2116 quis
199 2057 305 2117 aceepit,
322 2054 440 2104 restituere
453 2058 558 2115 leuetur,
573 2052 613 2101 sed
630 2064 660 2101 ex
673 2050 739 2113 eulpa
757 2048 850 2112 injustae

44 2124 185 2188 ablationis,
200 2127 291 2175 tenetur
307 2125 431 2176 secuudum
440 2123 525 2186 judicis
533 2121 670 2173 senteutiam
684 2119 851 2171 restitutionem

42 2197 217 2333 racgzeshgndeo
231 2268 362 2328 dicendum,
377 2267 436 2332 qudd
447 2281 497 2318 eum
513 2265 594 2330 aliquis
608 2262 693 2328 iniuste
706 2261 790 2326 accipit
803 2273 851 2309 rem

41 2335 159 2402 alienam,
175 2338 219 2390 duo
228 2342 283 2391 sunt
293 2338 325 2389 inl
340 2338 502 2389 consideranda
515 2353 521 2386 :
533 2349 630 2401 quorum
644 2347 713 2383 uuum
726 2336 771 2394 est,
788 2331 849 2380 inae·

41 2410 146 2472 qualitas
161 2423 192 2461 en
205 2413 268 2474 parte
281 2409 315 2460 rel
324 2410 379 2474 lt),
394 2423 444 2473 quae
457 2409 591 2472 quaudoque
606 2410 644 2457 est·
655 2405 706 2455 sine
726 2401 849 2467 injustitia,

77 2517 111 2580 (ll
130 2522 165 2565 lle
176 2520 213 2565 llis
222 2520 291 2565 etiam
301 2517 322 2577 1,
335 2518 359 2577 Ξ,
369 2531 408 2575 qu.
421 2515 475 2573 105,
488 2522 531 2561 art.
543 2515 567 2574 8,
581 2515 610 2560 ad
620 2515 643 2569 9;
653 2520 679 2560 ut
689 2520 713 2559 et
723 2511 851 2570 lV,Sent.r

40 2580 97 2627 dist.
111 2582 153 2646 ¹5·
171 2595 212 2639 qu.
227 2581 250 2641 l,
265 2588 308 2629 art.
322 2579 346 2638 5,
361 2581 496 2639 questique.
513 2579 538 2636 2,
553 2578 583 2622 ad
596 2579 619 2622 5.

75 2652 111 2713 (ἓ)
120 2657 176 2700 Hou
187 2658 223 2700 est
236 2658 262 2698 nt
273 2651 327 2710 plus
335 2652 421 2697 habeat
437 2660 497 2694 unns
515 2649 583 2704 quarn
593 2649 660 2707 alter,
669 2648 718 2693 siue
731 2657 789 2689 nnus
802 2654 852 2687 rem

39 2717 143 2762 alterins
158 2717 275 2771 detineam
291 2714 437 2772 quantumuis
451 2717 534 2768 praeter
546 2711 692 2767 iniustitiam,
703 2713 729 2753 nt
740 2708 763 2752 in
772 2719 851 2751 erem·

37 2780 78 2883 glo
91 2781 161 2836 qnod
177 2779 323 2837 subiungitur
332 2779 361 2823 de
370 2776 456 2823 mutuis
467 2807 474 2835 ,
486 2780 511 2822 et
523 2775 548 2820 in
558 2786 587 2820 eu
598 2774 660 2833 qnod
667 2771 720 2819 addi
732 2775 810 2829 potest
822 2769 851 2815 de

54 2843 172 2900 epositis.
