1992 3317
142 219 173 258 DE
189 219 319 260 insusurra
335 220 360 260 tu
375 219 477 260 Iunrcrrs
492 222 524 260 EX
540 221 614 260 PARTE
630 221 750 262 advocas.
800 212 846 259 945

348 379 510 430 surreptus
523 381 540 430 Ι,

76 505 160 550 lltrrim
177 504 304 550 advocatos
327 508 435 550 tenentur
450 510 561 562 preclare
577 503 820 563 petrocoriumcnurcs

375 582 513 626 pauperum.

79 697 110 746 dd
121 695 221 760 primum
235 695 268 745 sic
280 696 418 760 proceditur.
432 695 525 747 Videtur
534 695 594 759 qubd
606 698 730 747 advocatus
742 701 846 749 teneatur

50 770 153 829 praestare
171 767 320 830 patrocinium
336 781 409 818 causa
425 765 559 832 pauperum.
573 768 658 818 Dicitur
673 769 733 819 enim
749 769 843 825 deod..

50 839 118 890 IIIIIII
133 852 166 888 :n
179 837 204 888 Si
215 839 299 889 videris
309 841 398 890 asinum
414 839 514 890 odientis
524 843 547 891 te
558 841 637 904 jacere
653 840 695 890 sub
705 854 790 903 onere,
801 855 847 892 uon

50 909 209 973 pertransibis,
223 911 261 960 sed
273 909 402 962 sublevabis
414 923 464 960 cum
479 924 515 961 eo.
527 927 541 958 a
555 912 600 962 Sed
615 923 660 961 non
672 910 748 961 minus
759 912 847 976 pericn-

50 978 94 1029 lum
106 980 214 1033 Imminet
230 981 338 1046 pauperi,
353 983 373 1032 si
385 983 436 1046 ejus
447 995 514 1032 causa
527 985 606 1032 contra
622 981 734 1046 justitiam
751 983 847 1048 opppri-

50 1055 134 1115 matur,
152 1051 251 1116 quamsi
264 1053 314 1118 ejus
331 1053 409 1104 asinus
423 1055 500 1117 jaceat
512 1054 639 1104 suburere.
651 1053 711 1115 Ergo
724 1054 848 1104 advocatus

50 1125 137 1176 tenetur
150 1129 257 1188 prestare
269 1123 419 1188 patrocIninm
429 1139 504 1176 causae
522 1137 657 1190 pauperum.

77 1199 102 1246 a.
116 1197 239 1258 Praeterea,
255 1197 373 1259 Gregorius
387 1197 440 1246 dicit
457 1197 481 1246 in
495 1198 591 1262 quadam
601 1195 698 1246 IIcmilia
708 1195 758 1262 (Iit
778 1214 792 1243 n
802 1198 848 1248 Ila·

48 1265 102 1316 bens
119 1266 275 1332 intellectum,
290 1271 353 1318 curet
370 1269 464 1320 omnino
476 1281 505 1318 ne
519 1271 606 1329 taceat,
621 1269 708 1318 babens
724 1281 799 1318 rerum
812 1270 847 1318 ai-

50 1339 181 1402 luendam,
198 1337 376 1390 amisericordia
395 1354 440 1392 non
461 1345 587 1406 torpescat,
601 1341 687 1391 habens
710 1343 782 1390 artem
805 1355 848 1405 qua

49 1409 142 1474 regitur,
162 1425 230 1461 usum
246 1410 309 1460 illius
322 1425 375 1460 cum
391 1412 495 1476 proximo
509 1412 631 1476 perdatur,
644 1411 730 1461 babens
743 1411 850 1475 loquendi

49 1482 123 1534 locam
136 1484 198 1547 apud
211 1482 303 1533 divitem
313 1522 319 1545 ,
330 1497 371 1547 pro
384 1483 521 1548 pauperibus
537 1483 671 1532 intercedat.
686 1482 775 1532 Talenti
788 1484 848 1534 enim

49 1553 139 1605 nomine
153 1553 247 1604 cuilibet
258 1553 398 1618 reputabitur
411 1555 470 1616 quod
485 1554 523 1603 rel
538 1551 657 1602 minimum
669 1553 764 1615 accepit.
782 1555 850 1604 »Sed

48 1625 157 1676 talentum
177 1623 322 1674 commIssum
338 1637 385 1675 non
407 1625 562 1683 abscondere,
578 1624 617 1672 sed
638 1622 735 1674 fideliter
756 1623 850 1687 dispen-

49 1709 104 1760 sare,
121 1695 221 1762 quilibet
231 1699 329 1756 tenetur,
347 1697 406 1758 quod
417 1697 480 1760 patet
496 1707 600 1759 expoena
616 1694 677 1744 servi
691 1694 850 1747 abscondentis

46 1769 176 1828 talentum,
194 1767 296 1827 Infodit,
313 1767 382 1818 IIIIII.
399 1769 456 1832 Ergo
470 1768 594 1817 advocatus
605 1769 696 1817 tenetur
709 1779 750 1830 pro
761 1767 848 1832 ponpe-

48 1840 107 1892 ribus
122 1841 196 1905 quui.
221 1859 225 1865 ·

78 1917 100 1963 3.
117 1915 245 1974 Praeterea,
261 1913 399 1974 praeceptum
423 1911 450 1960 de
472 1909 631 1961 misericordia
656 1908 762 1973 operibus
779 1908 850 1958 adim·

47 1983 152 2046 plenIIs,
166 1981 218 2032 cim
238 1981 269 2032 sit
283 1981 457 2043 affirmadvum,
474 1981 558 2045 obligat
572 1994 613 2044 pro
631 1982 681 2030 Ioco
695 1985 719 2030 et
731 1985 848 2044 temporc;
933 1997 936 2002 ·

48 2056 106 2118 quod
125 2057 162 2106 est
176 2051 274 2102 manimd
295 2053 319 2102 in
333 2053 478 2104 necessitate.
493 2053 537 2105 Sed
555 2056 646 2118 tempus
659 2051 799 2103 necessitatis
813 2050 849 2102 ui-

46 2127 110 2178 detur
125 2139 194 2189 esse,
210 2125 299 2188 quando
314 2124 411 2189 alicujus
429 2125 538 2189 pauperis
555 2137 622 2176 causa
636 2123 778 2189 opprimitur.
791 2123 850 2188 Ergo

47 2197 70 2248 in
86 2197 128 2248 lali
145 2211 201 2248 casu
213 2195 303 2246 videtur
320 2195 380 2260 qudd
397 2196 519 2247 advocatus
535 2199 638 2246 teneatur
653 2195 789 2259 pauperibus
806 2208 851 2258 pa-

47 2269 171 2319 trocinium
183 2271 301 2330 prestare.

77 2341 124 2392 Sed
137 2344 240 2402 contra:
254 2351 298 2388 nor
312 2337 386 2390 miuor
400 2338 525 2390 necessitas
538 2344 573 2390 est
583 2337 707 2401 indigentis
721 2337 771 2388 cibo
784 2352 852 2401 quarn

47 2409 175 2476 indigentis
187 2397 305 2461 aduocato.
317 2411 361 2460 Sed
370 2410 408 2460 ille
420 2425 460 2474 qur
453 2411 538 2462 babet
548 2414 684 2478 potestatem
696 2408 793 2468 cibandi,
806 2422 852 2458 uon

46 2495 141 2549 semper
154 2484 245 2532 tenetur
258 2495 380 2546 pauperem
394 2481 478 2532 cibare.
489 2483 548 2546 Ergo
567 2495 610 2532 nec
628 2481 753 2530 advocatus
764 2493 853 2543 semper

45 2561 141 2608 tenetur
156 2567 232 2604 causae
250 2567 374 2618 pauperum
385 2545 536 2622 patrocinium
552 2557 667 2635 prestare
843 2592 846 2597 .

78 2629 298 2696 (concrusma-
266 2624 353 2674 -Ubi
366 2636 490 2689 pauperum
505 2627 580 2676 causis
596 2626 661 2676 aliter
678 2623 793 2674 subrenIri
806 2636 853 2674 non

44 2705 139 2766 protest,
155 2702 264 2748 tenentur
279 2697 380 2747 advocati
395 2710 472 2746 eorum
486 2697 603 2761 suscipere
615 2709 710 2759 caussas,
722 2699 744 2745 et
757 2694 804 2746 illis
815 2709 853 2758 pa·

76 2819 114 2883 (1)
131 2818 229 2867 Scilicet
244 2820 276 2864 IX
289 2831 358 2878 super
369 2821 474 2876 Itcoop.
487 2817 567 2864 versus
586 2817 668 2874 anem,
682 2817 807 2862 occasiorm
817 2819 855 2861 ta·

44 2889 169 2935 batorum
181 2893 232 2939 qum
249 2881 381 2932 multimode
395 2881 584 2939 aperiebantur
601 2881 724 2929 &subura
737 2879 857 2934 dinuntnrr·

43 2952 84 2997 ubi
97 2945 178 3009 paulo
192 2943 280 3004 pleniris
291 2945 359 3003 quam
373 2941 412 2992 blo
425 2949 449 2992 et
458 2941 509 2992 alid
519 2945 587 2992 seme.
623 2993 627 3001 ,
