1992 3317
204 174 235 211 nn
253 173 404 211 nnusrnnrnr
423 174 445 209 m
463 174 572 210 crismon
589 174 708 211 sancrou.
814 165 858 210 277

63 251 228 315 «desperatio,
245 250 409 313 presumptio,
429 250 609 312 impoenitentia,
623 250 759 312 obsliualio‚
783 250 859 313 impo-

62 324 132 385 gnalio
143 322 253 373 ueritatis
266 320 363 382 agnita,
381 324 405 369 el
417 319 542 369 invidentia
556 321 659 371 fraterna
672 322 763 385 gratim,
778 338 792 368 a
803 335 860 385 qnae

62 394 142 457 species
153 393 222 457 ponit
232 392 366 455 accipietes,
377 391 476 450 b3‚dist.
485 391 525 441 lib.
536 393 564 441 ll.
576 394 685 441 Santoni.
700 394 787 456 Negare
795 392 859 443 enirn

63 465 155 515 diuinam
163 463 281 528 justitiam
293 462 331 512 vel
344 462 534 524 misericordiam,
546 464 574 513 ad
585 464 740 513 infidelitatem
749 464 857 527 pertinet.

63 537 104 585 Seii
118 549 157 598 per
169 532 357 599 desperationem
370 532 454 595 alionis
465 532 538 596 rejicit
549 534 650 583 divinam
668 535 857 595 misericordiam,

65 620 102 667 per
111 605 312 670 presumptionem
324 608 399 653 aulem
409 603 509 653 diuinam
517 605 637 668 justitiam.
648 607 707 668 Ergo
717 608 860 670 unumquod-

66 690 107 737 que
121 690 195 727 eorum
216 675 295 740 potios
315 678 351 724 est
369 674 456 738 species
472 673 626 739 infidelitatis,
644 690 712 739 qnam
726 678 815 741 peccati
834 679 860 726 in

66 749 166 812 Spirilnm
181 751 300 799 sanctum.

92 825 113 869 a.
127 822 252 881 Prolem,
263 818 432 882 impoenitentia
444 818 533 869 videtur
546 819 660 882 respicere
673 824 791 882 peccatum
800 836 859 885 pre-

63 892 163 953 teritum,
174 889 298 941 obstinatio
312 893 388 939 anem
407 894 527 953 peccalum
539 890 648 938 futurum.
663 891 708 939 Sed
720 892 860 953 preteritum

64 961 100 1010 uel
113 960 209 1010 laturam
227 960 442 1011 nundinersiticanl
459 958 558 1024 speciem
572 960 665 1008 virtutis
681 962 718 1010 vel
737 961 802 1025 ritii3
819 976 861 1013 se-

61 1031 158 1080 condum
168 1031 227 1081 enim
243 1030 351 1081 eamdem
365 1031 433 1080 lide·
443 1069 449 1091 ‚
460 1044 505 1095 qna
516 1031 629 1081 credimus
642 1030 757 1081 chouno
771 1039 859 1093 natum,

62 1102 146 1165 antiqui
156 1103 304 1153 credinemnt
312 1115 364 1151 eum
372 1101 510 1170 nascitmum
520 1102 563 1165 tl).
575 1103 635 1165 Ergc
643 1102 766 1153 obstinatio
780 1107 803 1152 et
816 1104 860 1155 im·

61 1174 192 1235 penitentia
203 1186 251 1226 non
269 1173 354 1223 debant
369 1172 424 1236 poni
438 1173 487 1223 due
501 1174 589 1236 species
605 1173 696 1237 peccati
708 1174 734 1223 in
752 1172 860 1236 Spiritum

61 1248 168 1295 sanmnm.

89 1321 111 1365 a.
123 1318 254 1375 Praeterea,
271 1332 286 1363 (ι
300 1314 370 1378 gratia
383 1317 408 1364 ct
422 1314 506 1365 ventas
517 1329 560 1380 per
572 1316 650 1366 lason
662 1318 790 1367 Cnnrsrorr
801 1316 860 1365 lacta

61 1395 105 1448 est,
116 1403 130 1437 a
142 1390 170 1437 nt
181 1387 282 1437 habetur
293 1388 375 1441 loon..
390 1385 408 1433 l.
427 1385 486 1447 Ergo
497 1386 588 1435 videtum
595 1387 655 1449 quod
664 1387 807 1451 impngrmtio
815 1401 861 1436 ve-

61 1458 129 1508 ritalis
142 1458 246 1520 agnita,
261 1459 285 1505 et
299 1455 425 1505 invidentia
437 1456 541 1505 lramrne
557 1458 636 1519 gratim
647 1458 719 1520 mapa
734 1459 864 1521 pertineant

61 1532 85 1578 ad
100 1528 267 1593 blasphemiam
282 1526 414 1589 manium,
426 1539 493 1590 qnam
505 1528 533 1577 ad
542 1528 706 1591 blasphemiam
717 1530 742 1577 in
750 1529 862 1593 Spiritum

61 1605 174 1649 sanctum.

94 1673 117 1719 l.
135 1670 261 1732 Praeterea,
279 1671 408 1720 Bernartius
427 1669 481 1720 dicit
494 1671 519 1719 in
532 1671 573 1720 lib.
589 1670 625 1718 De
638 1670 824 1733 diopemotiooe
838 1674 864 1718 et

57 1743 193 1805 prompto,
203 1740 263 1803 qnod
276 1756 291 1787 o
302 1742 364 1793 nolle
376 1740 467 1792 obedire
481 1746 516 1792 cst
528 1742 634 1791 resistere
644 1740 740 1804 Spiritui
748 1743 836 1790 sancto.
849 1758 862 1786 a

58 1812 134 1862 Glossa
144 1814 215 1863 etlam
230 1811 287 1862 dicit
303 1812 526 1873 beoa‘t.‚llll‚oubd
537 1811 668 1861 «simulata
679 1808 818 1875 paenitentia
827 1816 863 1860 est

11 1934 12 1937 ,
59 1883 198 1947 blasphemia
213 1882 314 1945 Spiritus
331 1882 413 1935 sancti.
430 1883 558 1933 »Schisma
574 1882 643 1932 etiam
662 1882 753 1932 ridetur
774 1882 862 1933 directe

58 1956 140 2019 opponi
153 1955 254 2021 Spiritui
268 1959 364 2015 sancto,
379 1966 423 2017 per-
434 1968 503 2018 quem
518 1954 619 2005 Ecclesia
635 1954 731 2003 unitur:
747 1959 771 2004 et
785 1953 817 2003 ita
828 1954 864 2003 vi·

58 2027 120 2075 letor
133 2026 199 2091 qnod
213 2038 261 2076 non
273 2026 415 2077 sufficienter
429 2028 545 2077 lradantnr
562 2026 652 2089 species
669 2026 758 2090 peccati
773 2026 797 2073 in
811 2026 864 2088 Spi-

58 2095 123 2146 ritum
133 2100 253 2148 sanctum.
536 2155 538 2157 v

87 2168 131 2217 Sed
144 2170 295 2228 anabaust,
315 2169 375 2231 qnod
388 2168 526 2229 auguralibus
544 2167 599 2217 dicit
611 2168 634 2216 io
653 2168 694 2220 lib.
709 2167 746 2217 De
758 2166 810 2230 fide
826 2168 862 2218 od

61 2238 163 2289 Petrum
182 2240 256 2303 (cap.
272 2238 319 2301 3),
334 2238 395 2301 qood
411 2256 425 2287 o
438 2238 470 2289 illi
488 2238 527 2301 ouri
541 2238 662 2301 desperarit
679 2240 708 2289 de
725 2237 866 2298 indulgentia

62 2316 218 2371 pomulorum,
236 2309 274 2359 vel
289 2310 329 2373 qui
343 2310 395 2361 sino
408 2310 495 2363 meblis
508 2311 537 2360 de
557 2310 713 2361 misericordia
724 2310 764 2360 liei
780 2323 868 2373 precn-

61 2385 134 2443 rnont,
155 2385 257 2447 peccant
278 2380 302 2431 io
322 2380 433 2445 Spiritum
456 2387 569 2433 sanctum.
592 2398 605 2429 a
624 2383 653 2431 Et
668 2381 692 2431 in
714 2380 868 2431 Eocba'ra'dio

63 2454 119 2514 (cap.
134 2454 185 2516 aa),
197 2452 264 2513 dicit,
275 2451 336 2516 qnbd
348 2468 363 2499 «
372 2452 412 2515 qui
421 2453 447 2521 in
455 2452 609 2503 obstinatione
620 2453 703 2504 mentis
715 2452 775 2503 aliern
786 2451 871 2501 ebulit

60 2525 201 2585 extremum,
216 2536 271 2575 rens
285 2526 320 2577 est
334 2523 421 2587 perculi
435 2525 459 2575 in
471 2524 580 2587 Spiritum
595 2528 737 2575 sanctum.»
753 2524 781 2572 El
793 2523 819 2572 in
828 2522 868 2573 bb.

62 2594 95 2640 lle
111 2594 200 2645 Verbis
213 2594 322 2644 Domini
335 2593 421 2657 (serm.
436 2596 497 2657 11),
514 2595 586 2656 mett,
600 2594 667 2659 qnod
677 2613 693 2643 o
706 2592 873 2657 impoenitentia

11 2800 12 2805 =
95 2754 127 2817 (¹)
143 2756 458 2817 metamaucensium,
473 2760 552 2803 Tract.
572 2758 640 2815 XLV,
665 2757 705 2802 obl
717 2757 825 2810 antiquos
842 2754 874 2796 ait

11 2816 12 2845 ³
62 2819 98 2889 or'c
109 2820 139 2864 ὄπ
153 2834 208 2866 eram
224 2820 517 2870 medidisacecnturmm,
531 2820 648 2876 quomodo
657 2830 705 2864 vaun
718 2821 748 2861 iac
762 2828 817 2860 eum
830 2814 873 2868 qut

65 2894 120 2933 lam
133 2886 207 2929 reoli.

752 2968 780 3014 8*
