1992 3317
153 97 185 134 nn
199 94 382 138 ammonemus
398 97 424 135 ur
439 97 512 136 nes.
528 99 559 138 rr
573 98 671 140 mr.
683 99 798 142 mmrms.
829 92 876 141 oet

377 281 537 334 indictitiis
550 284 569 334 1.

70 410 164 457 Utrr'em
177 410 243 454 Inito
257 409 345 466 aliquis
357 409 431 465 possit
440 409 602 455 modoserens
614 411 692 467 olm
705 412 778 468 qums
786 414 875 462 solent.

101 538 137 588 td
156 537 256 600 primum
277 537 311 587 sio
323 536 506 602 proeeditnrfl).
520 537 616 588 Videtur
635 537 695 602 qudd
712 539 795 604 aliquis
812 541 875 592 nuto

66 607 145 674 possit
157 608 257 658 vendere
273 621 321 660 rem
329 607 402 672 pluris
414 607 483 672 quim
496 609 581 660 ratem.
590 611 693 661 dentem
705 611 768 661 enim
778 611 803 662 in
813 626 875 664 oom-

66 679 239 744 mutationibus
258 680 364 730 humeae
378 677 433 730 vite
452 679 577 732 meandum
597 681 660 746 leges
672 681 753 734 eirites
766 685 873 734 determi-
961 678 965 684 ’

67 755 151 802 netur.
169 750 215 802 Sed
228 750 354 802 semmam
369 765 409 804 eas
421 752 509 802 tiditum
521 755 559 804 est
572 754 671 817 emptori
684 757 709 805 et
721 754 834 806 rendiIori
849 758 876 805 ut

65 837 94 874 se
111 821 214 872 inuicem
228 821 355 887 decipiant3
369 824 429 886 quod
443 824 536 888 quidem
549 823 587 886 tit,
601 823 626 874 in
639 828 751 888 quantum
768 826 874 878 venditor

67 895 125 960 plus
137 893 217 944 vendit
228 893 356 958 remquam
369 895 456 959 valeat,
470 899 558 960 emptor
575 900 651 947 autem
664 895 742 946 minis
751 896 820 961 quam
835 910 874 946 ra·

65 969 125 1018 leat.
138 966 200 1028 Ergo
213 965 302 1016 IIoitum
316 970 352 1018 est
364 965 425 1030 quod
438 967 617 1030 anounveudat
626 981 675 1018 rem
685 967 737 1031 plus
748 968 816 1032 qnam
830 983 873 1020 ua-

67 1041 127 1092 Ieat.
282 1075 288 1088 .
461 1057 464 1064 ·

102 1115 129 1160 Ξ.
143 1111 271 1172 Praeterea,
284 1109 339 1160 illud
354 1111 413 1174 quod
424 1113 460 1160 est
469 1110 576 1162 omnious
585 1124 714 1172 oommnne,
724 1111 875 1164 videturesse

66 1181 191 1244 naturaie,
204 1183 229 1232 et
237 1193 284 1232 non
297 1194 347 1232 esse
359 1193 484 1245 peceatum.
500 1183 558 1245 Sed,
566 1181 626 1234 sieut
639 1184 780 1246 Augustinus
793 1184 873 1247 retert,

66 1255 112 1308 XII
128 1255 167 1304 De
182 1252 249 1302 Trio.
261 1253 321 1316 (esp.
332 1254 366 1316 2),
374 1254 459 1304 dietum
472 1254 591 1318 eujusdam
603 1254 667 1304 IIimi
677 1253 720 1304 Iuit
729 1254 758 1305 ab
768 1254 875 1307 omnem

68 1329 213 1391 acceptum:
229 1325 295 1374 «Viti
310 1325 380 1377 vultis
397 1330 521 1388 emere,et
532 1325 585 1376 eard
598 1327 713 1389 uendere3
726 1342 741 1374 a
755 1326 795 1376 cni
806 1327 875 1378 etiam

67 1399 186 1450 consonat
200 1397 262 1460 quod
278 1396 359 1448 dieitur
373 1398 501 1456 provere„
516 1399 558 1449 xx
574 1414 581 1447 r
597 1415 612 1447 s
629 1398 713 1449 Italum
725 1401 776 1461 est,
790 1398 875 1449 malum

68 1474 119 1531 est,
135 1467 191 1519 dicit
205 1468 279 1518 omnis
289 1473 387 1532 emptam
401 1473 425 1519 et
443 1468 496 1520 edm
508 1470 641 1531 recesserit,
660 1469 776 1532 gloriatur.
787 1486 802 1518 n
815 1472 875 1534 Ergo

67 1539 162 1592 licitum
177 1542 214 1590 est
226 1539 312 1603 aliquid
325 1539 398 1590 carius
411 1540 525 1603 vendere,
538 1544 564 1590 et
575 1538 646 1590 nitido
662 1551 738 1590 emere
749 1539 818 1602 qn'am
831 1553 873 1590 ra·

67 1615 127 1666 teat.

104 1667 129 1736 θ’.
147 1685 276 1748 Preterea,
289 1697 337 1736 non
346 1685 436 1736 uidetur
452 1696 503 1734 esse
517 1682 638 1745 itIieimm,
649 1682 671 1732 si
684 1695 715 1732 ex
725 1681 875 1737 dorvernens

68 1763 156 1823 agatur
168 1756 192 1806 id
201 1756 262 1820 quod
275 1755 324 1808 fieri
335 1757 402 1807 debet
414 1755 529 1808 eudendo
539 1753 672 1805 donnatis.
683 1753 875 1813 Sed,seeundirm

68 1830 238 1893 Philosophum
251 1827 277 1878 in
288 1829 339 1880 VIII
353 1831 447 1885 neoto„
461 1828 487 1878 in
500 1825 600 1877 anteitis
617 1825 681 1875 utilis
695 1826 874 1888 recompensatio

69 1902 123 1954 deri
137 1901 206 1952 debet
223 1899 348 1950 seeundum
363 1900 483 1951 utiIItatem
497 1911 566 1962 quam
583 1900 721 1948 consecutus
735 1900 771 1947 est
782 1896 821 1948 itte
835 1898 875 1961 qui

70 1971 213 2025 beneficium
226 1971 340 2036 suseeoit3
355 1984 406 2035 que
424 1971 517 2035 quidem
528 1969 663 2033 quandoque
675 1967 766 2018 aroedit
774 1968 873 2020 valorem
973 1972 974 2009 3

70 2045 106 2097 rei
116 2047 186 2107 datae,
199 2042 258 2094 sieut
268 2043 380 2107 mutingit
392 2043 444 2094 cium
458 2040 541 2105 adquin
553 2039 651 2089 multdm
658 2051 684 2089 re
694 2038 769 2102 atiquo
779 2039 874 2104 indiget,
973 2050 975 2109 ς

70 2118 112 2168 vet
125 2115 155 2166 ed
167 2113 295 2180 perieulum
307 2115 454 2174 evitandum,
468 2113 506 2162 ret
521 2088 553 2161 ad
563 2110 654 2175 aliquod
666 2111 810 2162 commodum
820 2125 876 2163 eon·

71 2186 225 2252 sequendum.
242 2186 301 2249 Idrgo
315 2185 368 2236 Itoet
383 2185 409 2235 in
424 2187 542 2234 conuentu
562 2181 684 2247 emptionis
696 2185 722 2233 et
738 2182 877 2234 venditionis

71 2257 159 2324 siquid
170 2258 224 2308 dare
234 2270 276 2322 pro
289 2255 368 2318 majori
378 2255 450 2321 pretio
462 2255 531 2320 qudm
543 2257 626 2308 ualeat.
972 2256 975 2299 i

106 2329 155 2380 Sed
168 2332 246 2381 contra
261 2331 313 2391 est,
329 2329 391 2392 quod
406 2328 487 2379 dieitur
501 2330 603 2385 Mattio„
617 2329 676 2379 VII:
693 2344 707 2375 a
719 2327 801 2378 Omnia
813 2339 877 2390 que«
969 2320 972 2331 '

73 2415 175 2466 eumque
193 2400 263 2450 vultis
275 2403 301 2450 ut
313 2399 399 2450 tament
413 2400 478 2452 vohis
490 2401 608 2463 homines,
622 2403 646 2452 et
658 2412 700 2450 vos
712 2398 782 2449 tacite
795 2396 850 2448 iltis
859 2412 874 2444 o

73 2476 121 2528 Sed
129 2473 208 2526 nullm
217 2473 266 2523 vult
279 2472 323 2524 sibi
333 2485 383 2524 rem
394 2472 461 2524 vendi
472 2473 549 2523 earids
556 2472 625 2536 qaam
635 2471 717 2523 ualeat.
730 2471 788 2534 Ergo
800 2469 876 2519 nuilus

73 2547 145 2598 debet
157 2544 223 2596 alieri
232 2544 335 2595 rendere
343 2555 391 2594 rem
401 2542 477 2593 oaride
488 2543 556 2606 mam
569 2547 653 2594 satsat.

109 2617 272 2683 (Concussae.
283 2641 313 2654 -
322 2615 455 2678 Quanquam
469 2626 545 2666 emere
555 2614 673 2682 quippiam
680 2612 748 2663 vilius
758 2611 826 2677 quoru
836 2625 877 2663 ua-

109 2770 144 2836 (1)
162 2771 244 2882 {tettae
254 2774 324 2820 etiam
338 2768 537 2830 1v‚seot.,dtsr.
556 2767 596 2828 25,
610 2780 650 2826 qu.
663 2766 692 2828 3,
707 2773 750 2813 nrt.
762 2767 786 2828 t,
801 2781 877 2826 qums·

74 2839 152 2885 tinne.
188 2847 202 2882 e
240 2867 247 2882 .
