1992 3317
140 107 186 167 att
258 122 512 178 commendatori,
527 121 620 172 coner.
637 98 692 180 tur,
707 121 763 166 ann.
781 123 818 176 rr.

140 205 261 258 ntdictnm
274 209 310 256 est
325 205 375 268 (art.
388 208 416 266 tl,
431 202 458 254 ad
470 204 506 266 tl.
518 203 562 257 Sed
571 203 658 254 invidia
672 207 707 257 est
716 203 802 256 uitium
813 203 931 264 dishnclum

142 276 264 328 tluxnria.
279 277 339 340 Ergo
351 274 460 340 predicta
472 273 530 326 ritia
543 287 589 327 non
601 275 704 327 oriuntur
719 290 748 327 en
758 275 856 328 luxuria.

173 353 198 399 a.
212 349 338 410 Pteleum,
352 347 416 404 doc,
429 347 454 409 l,
475 347 574 398 dicitur:
591 345 653 397 «Vir
673 349 756 414 duplex
769 349 848 401 animo
863 347 935 402 incon

142 423 205 472 smne
220 423 257 470 art
273 419 299 467 in
316 417 421 469 omnihus
436 415 479 468 uiis
494 418 550 468 suis.
561 435 575 465 »
591 413 635 469 Sed
653 419 774 484 duplicitas
791 433 837 470 non
853 419 934 472 uidetur

142 493 171 544 ad
187 489 300 542 luxuriam
315 487 441 556 pertinere,
462 490 502 540 sed
526 491 598 554 magis
621 489 649 542 ad
667 489 826 555 dolositatem,
844 507 893 556 quae
906 497 936 544 est

142 562 188 614 illia
202 562 315 625 aranda,
329 561 453 614 eacnndhm
464 562 609 628 drepanium,
622 561 695 616 XXXI
707 561 802 614 moror.
813 561 872 628 Ergo
885 579 937 629 pra-

143 633 268 686 dicentia
280 645 328 685 non
343 633 446 685 oriuntur
462 646 491 684 ex
501 633 603 685 lurida.

175 710 199 756 e.
213 706 333 773 praterea,
348 705 456 774 prodicta
466 703 522 756 vitia
536 706 651 769 pertinent
665 706 692 759 ad
712 705 829 761 delectum
842 707 938 760 rationis.

143 777 187 827 Sed
201 775 258 826 ritia
269 775 395 842 spiritualia
403 775 564 842 propinquiora
575 777 628 827 sunt
640 775 726 828 radoni
734 775 803 841 quim
822 775 881 830 ritia
892 793 940 830 car-

142 847 211 901 naha.
233 847 293 911 Ergo
314 847 420 912 praedicta
434 845 489 896 uitia
507 847 579 911 magis
598 847 701 901 oriuntur
714 862 742 899 ex
759 845 823 900 uitiis
839 847 939 914 spiritua·

142 918 211 981 lilius,
225 919 293 982 quim
306 931 335 968 ex
345 918 409 969 vitiis
418 919 555 970 carnalibus.

102 1050 104 1055 Ι
175 992 219 1042 Sed
230 993 309 1041 contra
319 993 353 1041 cat
361 1028 368 1054 ,
377 987 437 1054 qnid
450 987 579 1056 Gregorius,
587 989 658 1043 xxxi
669 989 810 1042 moratium
824 990 872 1060 (l),
880 994 939 1060 pouit

143 1063 252 1128 praedicta
270 1062 325 1112 vitia
342 1075 371 1112 cx
388 1063 476 1113 luxuria
496 1062 560 1114 oriri.

180 1136 337 1198 (chamoam.
345 1161 377 1171 -
388 1131 554 1198 Praedpitatio,
566 1133 755 1202 inconsideratio,
772 1133 940 1198 inconstantia,

145 1217 175 1256 ex
187 1206 238 1268 ipso
249 1205 346 1255 luxurie
356 1203 415 1254 ritio
428 1204 541 1256 eduntur.
553 1207 559 1268 l

176 1277 311 1340 Respondco
323 1276 456 1339 dicendum,
475 1275 537 1340 dudd
560 1275 620 1328 sicut
636 1273 790 1343 Philosophus
808 1275 865 1328 dicit
882 1281 905 1330 in
916 1274 940 1330 l'l

144 1348 239 1405 Ettric,
255 1347 402 1399 «delectatio
415 1346 513 1398 manime
524 1347 833 1412 cotmmpitaeatimationem
852 1349 940 1416 prudeu-

144 1417 220 1484 tla3u
235 1423 258 1470 et
275 1419 391 1484 praecipue
405 1416 524 1470 delectatio
536 1433 586 1483 qua
598 1423 635 1472 est
649 1419 867 1486 incruentaque
878 1428 940 1474 totam

91 1521 96 1532 ·
145 1490 245 1542 mimam
259 1491 377 1553 absordet,
389 1494 413 1541 et
427 1490 497 1540 trahit
508 1490 535 1540 ad
546 1489 676 1542 sensibilem
689 1489 876 1545 delectationem.
891 1495 941 1545 Per-

145 1563 214 1614 fectio
228 1567 303 1614 aulem
312 1560 438 1627 prudentiae
454 1559 608 1626 etcujuslihet
617 1560 778 1616 intellectualis
788 1563 883 1616 uirtutis
895 1580 941 1617 con·

145 1629 573 1693 sistitinahstractioneasensibilitas.
582 1627 942 1701 Unde,ciumpreedictavitlapcu

146 1705 235 1757 tineanl
242 1707 269 1757 ad
277 1706 389 1757 delectum
395 1704 521 1769 prudentiae
526 1707 549 1754 et
557 1703 651 1754 rationis
657 1702 771 1772 practica,
779 1705 839 1759 sicut
846 1709 942 1759 hahituu

147 1781 183 1828 est
194 1778 245 1841 (art.
257 1780 304 1829 aet
313 1781 355 1827 art.
366 1777 399 1838 hl,
410 1775 513 1839 sequitur
522 1773 580 1840 qudd
590 1788 619 1824 ex
629 1773 716 1824 luxuria
727 1773 828 1830 maximi
837 1777 942 1831 oriantur.

179 1849 212 1899 ld
225 1849 323 1913 primum
337 1860 391 1912 ergo
401 1845 535 1910 dicendum,
545 1845 605 1909 quod
615 1843 702 1896 inuidia
714 1849 738 1896 ct
750 1845 785 1899 ira
799 1853 898 1900 causant
914 1851 942 1900 iu-

148 1920 310 1982 censtantiam,
329 1911 480 1984 pertrahendo
503 1917 614 1968 rationem
635 1915 663 1967 ad
692 1916 768 1980 aliud3
787 1920 833 1970 sed
845 1940 847 1945 ·
859 1919 943 1970 luxuria

148 1995 225 2041 causat
235 1990 427 2053 inconstantiam,
439 1989 537 2041 totalitm
551 1988 703 2054 extinguendo
716 1988 828 2052 judicium
843 1993 942 2044 rationis

149 2062 213 2112 llnde
224 2061 374 2125 Philosophus
384 2061 439 2112 dicit
449 2061 473 2110 in
486 2061 516 2110 Vl
531 2061 626 2120 aarum,
643 2058 704 2124 qudd
720 2061 895 2114 «incontinens
913 2065 944 2112 ira

149 2127 214 2183 audit
220 2132 312 2196 quidem
323 2135 451 2197 rationem,
465 2134 505 2184 sed
522 2146 569 2184 non
583 2129 701 2197 perfecti,
715 2131 863 2186 incontinens
875 2139 945 2186 auten

149 2204 337 2268 concupiscenda
349 2204 449 2255 totaliter
458 2214 509 2256 eam
518 2213 564 2254 non
575 2203 644 2254 audit.
655 2217 669 2250 »

180 2275 214 2325 ld
231 2278 354 2327 secundum
373 2277 507 2336 dicendum,
522 2275 583 2340 qudd
595 2275 667 2330 etiam
683 2274 803 2340 duplicitas
826 2277 902 2329 animi
918 2283 946 2327 est

149 2345 255 2410 quiddam
267 2360 409 2412 consequeus
420 2349 447 2399 ad
457 2348 580 2411 lrrrnriam,
593 2344 652 2398 sicut
665 2352 688 2401 ct
698 2342 868 2414 inconstantia,
884 2355 945 2416 prout

149 2418 268 2481 duplicitas
279 2419 348 2470 animi
362 2421 469 2484 importat
479 2419 646 2472 vertibilitatem
655 2419 727 2469 animi
734 2419 762 2470 ad
773 2418 875 2472 diversa.
888 2423 945 2473 Unde

149 2493 173 2539 et
184 2489 336 2542 Terentinsin
350 2493 471 2542 Eunucho
485 2491 542 2547 dicit
551 2492 618 2556 (cap.
630 2495 642 2541 1
652 2491 672 2556 l,
687 2490 748 2555 quod
763 2492 811 2542 oin
824 2507 905 2546 aruorc
920 2497 947 2542 est

149 2561 246 2643 bellum,
269 2567 293 2615 et
304 2575 383 2614 rursus
396 2572 458 2628 pax,
472 2567 495 2614 ct
508 2562 638 2615 inducia.»
700 2625 702 2632 Ι

183 2725 218 2794 (l)
234 2729 295 2776 Loco
308 2725 412 2788 proximi
425 2717 594 2794 indicato,‘uhi
612 2731 645 2779 nic
662 2703 715 2780 altr
731 2726 893 2782 nemra
909 2743 945 2777 cn

150 2793 210 2837 citer
238 2790 338 2844 mentia,
361 2794 569 2848 inconsideratio,
595 2797 776 2856 inconstantia,
795 2799 944 2856 proripio·

69 2910 77 2922 ἱ
150 2856 200 2906 tio,
213 2858 256 2900 etc.
