1992 3317
154 91 199 140 530
252 98 360 140 secunus
375 97 508 147 meduna,
525 93 618 142 eunsr.
635 96 717 146 mu,
732 97 788 135 nr.
805 95 850 137 vra.
875 121 890 135 .

149 179 206 230 libro
222 180 257 229 De
267 177 348 228 verbis
362 177 464 228 Domini
479 176 527 239 (ubi
540 174 615 240 supra)
629 191 635 224 :
653 192 667 223 u
681 174 738 224 Illud
750 174 843 225 terbum
855 173 953 224 Domini

150 251 240 317 quidam
253 248 313 302 nard
329 249 487 312 intelligendu,
498 247 590 311 rapiunt
603 259 640 296 res
654 246 751 307 alienas,
764 248 787 296 et
800 245 885 309 aliquid
898 245 954 295 inde

150 321 288 387 pauperibus
309 320 447 383 largiuntur,
463 323 486 369 et
502 322 584 382 putant
596 330 620 368 se
638 318 712 367 faeere
732 317 791 380 quud
807 320 953 381 preceptum

150 397 193 444 est.
208 392 337 442 intellectus
347 392 390 442 iste
407 391 552 454 corrigendus
565 393 608 440 est.
623 389 693 440 »Sed
708 401 788 438 ornnes
799 388 886 439 divitia
899 389 950 437 ini-

150 463 260 528 quitatis
278 461 391 526 dicuntur,
407 465 433 512 ut
445 462 529 512 dieitur
542 462 567 510 in
578 461 635 511 libro
653 461 690 509 De
701 464 788 526 quaest.
802 459 950 524 Ennnqelii;

150 535 203 598 quiin
212 545 259 584 uun
270 537 323 584 suut
335 527 419 585 divitiae
433 533 517 596 iniquae
531 532 576 583 uisi
586 532 681 596 iniquis,
692 531 765 596 quiin
775 534 810 582 eis
820 546 884 596 suern
898 544 954 581 eou-

151 605 255 656 stituuut.
275 605 317 656 Vel
336 607 459 656 secuudum
480 604 634 668 Ambrosium,
659 603 793 666 «iniquum
821 618 953 655 mammona

152 677 221 742 dixit,
233 677 285 740 quia
297 676 364 728 variis
375 677 504 728 divitiarum
513 676 625 726 illecebris
635 678 806 730 nostrusteuut
816 674 928 739 affeetus3
938 693 953 721 a

151 749 189 798 vel
203 749 257 812 quia
268 765 281 797 n
294 749 318 799 iu
332 748 433 814 pluribus
444 746 646 813 praedecessoribus
655 747 737 811 quihus
750 746 886 810 patrimonio
895 761 954 797 sue-

152 819 226 882 cedis,
245 821 325 885 aliquis
339 821 460 885 reperitur,
470 821 511 885 qui
522 818 606 883 injuste
618 819 737 884 usurpauit
747 817 835 881 aliena,
848 817 953 881 quamuis

152 895 177 940 tu
190 892 293 957 nescias,
309 910 324 940 u
341 897 366 942 ut
379 891 476 942 Basilius
495 890 560 941 dicit.
575 890 631 952 Vel,
648 902 727 940 omnes
742 887 828 939 divitie
846 889 954 938 dicuntur

154 964 318 1027 iniquitatis,
329 963 352 1014 id
366 968 418 1025 est,
432 961 634 1026 inoeqwlitatis;
644 961 698 1025 quia
711 974 757 1012 uon
772 959 890 1023 equaliter
900 965 954 1011 suut

152 1036 257 1086 omnihus
270 1035 409 1099 distribute,
419 1049 465 1086 uun
480 1038 562 1097 egente
579 1032 661 1084 etalio
678 1032 887 1097 superabundante.

185 1108 352 1157 adserendum
365 1107 498 1167 dicendum,
509 1105 569 1170 qudd
579 1105 607 1154 de
621 1103 731 1167 acquisitu
744 1116 785 1168 per
798 1101 954 1152 meretricium

151 1179 200 1242 janu
213 1179 296 1228 dictum
308 1182 343 1229 est
355 1177 451 1241 qualiter
465 1177 608 1241 eleemosyna
619 1175 668 1226 fieri
680 1177 762 1240 pessit.
774 1177 825 1226 Nun
838 1180 919 1226 autem
930 1177 954 1225 fit

154 1251 183 1300 de
194 1263 221 1300 eu
232 1249 365 1299 sacrificium
375 1249 411 1298 vel
423 1248 507 1300 oblatio
516 1250 545 1298 ad
556 1249 639 1312 uitare,
649 1250 697 1298 turn
707 1251 799 1312 prepter
810 1248 953 1308 scandatum,

154 1323 203 1370 ium
216 1324 307 1385 propter
318 1333 432 1372 sacrorum
447 1319 608 1370 reuerentiam.
623 1321 654 1370 De
669 1334 697 1371 eu
710 1319 778 1370 etiarn
790 1319 852 1381 quaed
863 1322 900 1369 est
913 1332 954 1384 per

154 1390 273 1442 simoniam
287 1393 436 1457 adquisitum,
451 1396 528 1456 petest
539 1391 588 1442 fieri
610 1392 772 1455 eleemesyna3
790 1390 845 1453 quie
859 1403 906 1441 nou
920 1393 954 1440 est

156 1463 255 1514 debitum
274 1465 296 1515 ei
309 1464 348 1530 qui
366 1464 441 1528 dedit,
460 1464 501 1514 sed
517 1467 617 1514 meretur
629 1463 684 1512 illud
705 1464 818 1512 amittere.
834 1462 903 1512 Circa
917 1461 954 1510 illa

156 1536 211 1587 vend
222 1551 272 1601 que
287 1551 327 1602 per
341 1536 401 1587 aleas
412 1537 575 1600 acquiruntur,
585 1535 675 1585 uidetur
685 1547 735 1584 esse
749 1532 834 1596 aliquid
850 1532 954 1582 illicitum
989 1583 991 1591 ,

156 1619 185 1658 ex
204 1608 281 1660 divino
297 1610 363 1673 jure,
379 1608 463 1658 seilicet
477 1607 538 1672 qudd
552 1605 633 1671 aliquis
644 1606 743 1658 lueretur
759 1604 835 1654 abhis
848 1605 889 1668 qui
908 1619 955 1654 reuu

157 1691 222 1730 suurn
234 1681 332 1732 alienare
349 1694 393 1732 neu
406 1684 517 1744 possunt3
529 1678 589 1728 sicut
604 1680 656 1726 suut
672 1677 771 1742 minores
788 1680 812 1726 et
821 1676 919 1740 furiosi,
934 1681 956 1727 et

157 1752 302 1818 huJusmodi;
314 1757 337 1804 et
345 1751 404 1816 qudd
416 1751 496 1816 aliquis
506 1751 580 1801 trahat
589 1749 659 1800 alium
668 1747 828 1813 excupiditate
840 1749 953 1812 lucrandi,

158 1827 185 1876 ad
195 1826 281 1889 ludunt,
290 1830 314 1876 et
327 1825 387 1890 qudd
396 1821 586 1874 fraudulenterab
596 1834 623 1871 eu
631 1821 743 1872 lucretur:
757 1823 780 1870 et
787 1819 810 1870 iu
817 1818 857 1869 his
866 1820 955 1870 casibus

158 1899 249 1947 tenetur
263 1897 291 1946 ad
301 1895 482 1957 restitutionem
494 1898 518 1944 et
527 1893 560 1944 sie
569 1893 596 1942 de
606 1904 635 1942 eo
648 1905 692 1942 unu
701 1893 777 1955 petest
787 1891 955 1956 eleemosynam

157 1967 241 2018 faeere.
259 1967 348 2032 Aliquid
367 1972 444 2017 autern
463 1967 617 2017 videturesse
633 1962 727 2014 ulterius
742 1961 848 2012 illicitum
861 1976 892 2014 ex
906 1964 955 2028 jure

156 2038 254 2102 positivo
268 2039 330 2088 civili
338 2076 346 2102 ,
362 2039 421 2102 quod
435 2037 540 2103 prohibet
557 2035 716 2086 uniuersaliter
733 2035 776 2084 tale
795 2033 896 2083 lucrum.
914 2035 955 2085 Sed

157 2110 210 2175 quia
222 2110 261 2174 jus
275 2109 341 2160 civile
352 2124 396 2160 neu
415 2110 498 2173 ubligat
513 2120 605 2169 omues,
615 2108 655 2158 sed
673 2119 712 2157 ees
726 2106 786 2157 sulus
803 2106 845 2168 qni
856 2109 912 2157 suut
922 2107 955 2156 his

155 2179 243 2244 legibus
255 2180 366 2246 subjecti,
379 2181 495 2232 etiterum
511 2194 550 2245 per
563 2178 741 2230 dissuetudinem
754 2177 857 2241 abuegari
871 2181 952 2243 potest
988 2200 989 2215 r

155 2252 206 2304 ideu
216 2254 276 2317 apud
290 2255 341 2304 ilios
352 2254 391 2318 qui
402 2258 456 2305 sunt
468 2252 597 2318 hujusmodi
614 2251 703 2315 legibus
716 2249 834 2311 obstricti,'
848 2253 954 2302 tenentur
988 2234 989 2315 t

154 2324 311 2377 uniuersaliter
328 2327 355 2377 ad
369 2326 551 2386 restitutionem,
566 2323 606 2388 qui
621 2324 745 2382 lucrantur,
761 2320 808 2371 nisi
822 2320 884 2372 ferte
899 2337 954 2373 eou-

155 2397 223 2447 traria
235 2401 375 2450 cousuetudo
387 2398 520 2464 praevaleat,
532 2401 570 2447 aut
581 2395 626 2446 uisi
641 2395 723 2460 aliquis
734 2395 833 2444 lucratus
845 2394 876 2444 sit
890 2397 918 2445 ab
929 2408 954 2444 eu

154 2468 194 2533 qui
203 2469 271 2520 traxit
282 2483 332 2520 euru
348 2472 374 2521 ad
385 2471 463 2520 ludum
476 2486 482 2520 ι
493 2469 519 2518 iu
532 2481 576 2533 quo
590 2482 644 2518 nasu
658 2481 703 2518 uun
716 2467 805 2518 tenetur
818 2465 952 2526 restituere,

155 2542 209 2605 quia
223 2542 261 2592 ille
273 2543 311 2606 qui
323 2541 412 2604 amisit,
423 2556 468 2593 uuu
480 2545 515 2592 est
524 2541 607 2604 dignus
616 2539 730 2604 recipere3
746 2551 788 2588 uec
800 2541 878 2602 potest
892 2537 952 2589 licite

154 2613 251 2665 retinere
267 2613 306 2664 tali
323 2614 374 2678 jure
388 2613 487 2680 positive
501 2615 595 2664 durante
613 2612 693 2662 :uude
708 2610 774 2660 debet
790 2609 818 2661 de
837 2610 884 2660 hue
897 2611 952 2663 elee

154 2698 272 2749 musyuam
290 2686 364 2737 facere
379 2686 401 2734 iu
416 2688 459 2738 hoe
471 2698 525 2736 casu
536 2685 582 2749 (t).

188 2819 220 2886 (1)
230 2824 266 2872 Ad
277 2824 336 2872 hane
344 2823 519 2884 respendunenr
530 2823 621 2877 spectat
631 2820 692 2877 quod
704 2820 835 2882 Gregorius,
844 2818 920 2869 (lausi
930 2819 950 2878 1,
