1992 3317
312 170 343 219 niu
358 180 488 219 nmium
504 180 564 221 nonu
581 184 653 221 rrum.
839 174 884 223 itti

77 258 218 309 voluntatem
234 257 343 309 credendi
355 270 384 308 eu
401 272 453 321 quur
467 261 521 309 suut
538 260 588 311 tidei
603 273 630 311 ex
645 261 693 311 sola
706 258 839 311 auctoritate
850 261 885 311 di·
981 256 982 297 ἱ

78 330 144 395 rina,
156 329 250 381 etiamsi
264 330 348 379 hubent
359 329 474 380 rationem
486 330 687 382 demonstrativam
707 333 734 384 ad
749 331 833 396 aliquid
848 346 887 383 en·

77 416 140 463 rum,
161 401 219 465 putd
238 402 268 451 ud
284 402 330 451 hoe
349 400 412 465 quod
433 404 471 451 est
488 403 567 452 Deum
585 418 649 466 esse,
666 416 712 455 uon
730 408 824 467 propter
843 406 887 455 hou
981 418 982 439 ³

80 473 164 523 totlitur
178 473 216 524 ret
229 472 367 522 diminuitur
381 473 489 523 meritum
500 472 560 525 fidei.

109 546 142 594 td
157 545 289 595 seeundum
301 544 438 606 dieendum,
454 544 514 607 qudd
528 546 627 597 rationes
640 559 691 609 que
706 544 847 599 inducuntur
859 550 886 600 ad

82 617 235 666 anctoritatem
246 615 301 665 iidei
308 654 315 677 ,
323 628 371 665 non
382 618 436 665 sunt
446 616 663 681 demonstrationes,
672 631 723 682 que
737 616 762 667 in
773 618 886 669 visionem

81 686 244 751 intelligibitem
260 686 403 737 intellectum
418 688 543 738 humanum
557 690 662 740 reducere
677 692 789 752 possunt:
804 694 827 740 et
835 691 887 743 ideo
981 734 982 745 2

81 773 124 809 uon
142 760 252 809 desinunt
271 772 323 808 esse
341 773 389 807 uon
409 760 571 823 apparentia.
588 760 633 810 Sed
646 764 765 812 removent
787 762 887 825 impedi·

81 834 156 881 mento
176 829 247 895 fidei,
267 830 411 879 ostendendo
430 841 477 879 non
492 842 544 879 esse
559 829 699 893 impossibile
720 832 780 894 quod
800 831 824 881 iu
844 832 886 883 ride

82 903 232 965 proponitur:
248 902 311 951 unde
326 914 368 965 per
385 901 443 951 totus
460 901 557 952 rationes
570 914 617 950 mm
637 900 767 951 diminuitur
779 903 886 953 meritum
981 922 982 925 ¹

84 973 136 1022 fidei
153 986 194 1023 neu
206 972 265 1023 ratio
279 972 353 1034 tidei3
367 972 408 1022 sed
427 971 528 1022 rationes
543 971 728 1023 demonstrativus
744 973 842 1025 inducte
858 974 888 1025 ud

85 1056 111 1094 ea
128 1059 176 1107 qno
190 1050 246 1095 sunt
260 1044 317 1093 tidei
331 1044 487 1107 mesembria,
502 1056 548 1096 nou
568 1046 644 1093 tannen
661 1043 690 1092 ud
706 1042 826 1104 articulos,
845 1045 888 1095 etsi

83 1117 207 1169 diminuant
221 1118 340 1169 rationem
354 1117 421 1178 fidei,
436 1114 490 1178 quia
504 1116 591 1166 factumi
604 1130 655 1167 esse
669 1129 781 1180 apperens
793 1116 815 1165 id
827 1118 887 1180 quod

82 1190 222 1254 proponitur,
247 1202 296 1239 non
318 1192 397 1238 tomen
418 1187 547 1238 diminuunt
564 1187 675 1241 rationem
694 1186 824 1248 eharitatis,
846 1201 887 1251 peu

83 1275 146 1324 qmm
158 1263 270 1312 rotuntas
279 1265 317 1310 est
329 1261 438 1322 prompta
448 1258 477 1307 ud
487 1272 515 1308 eu
528 1259 674 1321 eredendum,
693 1257 783 1309 etiamsi
794 1271 888 1323 appare-

86 1336 131 1382 rent
147 1350 153 1383 :
175 1337 199 1383 et
213 1334 268 1383 ideo
284 1344 332 1381 nnn
346 1329 483 1381 diminuitur
498 1330 555 1381 rutio
568 1330 651 1381 meriti.

116 1405 145 1454 dd
154 1404 251 1455 tertium
264 1401 472 1465 dicendum,qudd
482 1414 509 1452 eu
523 1415 573 1465 quae
584 1406 711 1467 repugnant
723 1402 788 1465 fidei,
800 1401 850 1453 sive
863 1402 887 1452 in

88 1476 264 1527 consideratione
287 1472 404 1533 horninur,
422 1471 472 1522 sire
494 1472 518 1521 in
542 1473 648 1524 exteriori
670 1474 843 1537 perseeutione,
864 1474 888 1523 in

84 1551 167 1600 tautum
183 1549 273 1611 augent
287 1544 397 1595 meritum
411 1543 465 1592 fidei
481 1543 506 1594 in
523 1547 630 1609 quantum
643 1544 768 1595 ostenditur
781 1545 888 1597 voluntas

80 1618 152 1681 magis
161 1621 271 1683 prompta
282 1619 306 1666 et
321 1615 387 1666 firme
401 1613 497 1663 infide:
510 1621 533 1665 et
545 1614 596 1669 ideo
608 1614 678 1665 etiam
692 1618 802 1678 martyres
814 1619 889 1675 majus

81 1690 133 1739 fidei
145 1690 252 1740 meritum
263 1688 413 1749 habuerunt,
426 1699 473 1736 nun
485 1688 618 1739 recedentes
629 1685 642 1735 i
653 1686 696 1749 tide
709 1690 801 1750 propter
814 1700 889 1750 perse-

80 1761 197 1824 cutiones3
212 1764 237 1811 et
255 1760 326 1811 etiam
342 1757 460 1822 sapientes
476 1758 551 1821 majus
564 1757 648 1807 hubent
660 1756 766 1807 meritum
778 1756 830 1808 fidei
843 1772 888 1810 nou

80 1833 210 1882 resedentes
222 1831 238 1881 d
251 1831 307 1881 fide
319 1832 417 1893 propter
430 1828 529 1879 rationes
545 1827 731 1892 philosophorum
749 1828 785 1877 vei
798 1830 889 1882 traereti-

81 1915 158 1952 corum
179 1908 259 1954 eontra
274 1901 345 1951 tidem
364 1899 478 1949 inductus.
496 1900 540 1950 Sed
559 1912 586 1949 ee
600 1913 651 1963 qoae
665 1899 802 1953 conveniunt
820 1900 888 1961 fidei,

57 1990 62 2001 ¹
81 1987 127 2024 non
139 1987 230 2039 semper
247 1972 383 2025 diminuunt
398 1970 601 2035 promptitudinem
614 1970 736 2021 voluntatis
751 1972 779 2023 ad
795 1973 889 2023 creden·

82 2044 135 2093 dum
150 2061 155 2093 ι
172 2048 196 2095 et
210 2044 262 2095 ideo
277 2057 326 2096 non
339 2056 432 2107 semper
444 2041 579 2093 diminuunt
592 2041 697 2095 meritum
708 2041 768 2093 fidei.

441 2226 542 2245 ΙΙΙ-.-

357 2380 531 2451 dimissio
549 2380 605 2447 III.

137 2530 170 2575 De
185 2528 310 2574 exteriori
324 2530 383 2573 ueto
400 2525 473 2583 fidei,
490 2526 519 2571 itt
536 2524 597 2571 duos
611 2527 728 2573 articulos
746 2528 834 2574 diuiso.

118 2678 202 2760 deinde
216 2675 409 2740 considerandum
429 2677 464 2726 est
482 2676 511 2727 de
531 2674 637 2726 exteriori
651 2675 703 2726 fidei
717 2679 782 2739 autu,
797 2676 837 2740 qui
853 2678 891 2725 est

88 2749 219 2873 coffinus
235 2823 280 2872 hoe
296 2822 431 2886 qummntur
442 2820 505 2869 duo:
520 2822 546 2871 1⁰
561 2817 640 2870 Utrirm
659 2816 771 2869 euniessio
785 2816 815 2865 sit
828 2818 892 2863 uetus

88 2892 149 2943 fidei.
163 2897 190 2943 2⁰
205 2892 290 2946 Uirium
302 2890 418 2945 eontessiu
433 2889 487 2950 fidei
500 2890 530 2943 sit
540 2887 713 2945 recessuris-ud
722 2886 829 2939 utinum.
