1992 3317
129 141 177 192 'iti
247 149 356 190 ancum
371 148 498 200 amun,
515 147 609 194 ounsr.
626 148 681 200 nur,
698 146 755 186 arr.
775 145 811 186 rr.
862 185 868 192 ,

160 229 194 280 ld
213 228 338 280 secundum
350 225 485 286 dicendum,
501 224 560 288 quod
576 223 616 275 ila
631 224 738 275 dicuntur
757 223 809 275 lieri
829 221 932 287 lomere,

130 313 182 366 qun
196 299 282 349 rationo
296 310 341 348 nou
354 299 472 360 reguntur.
484 295 550 356 Quod
561 295 654 359 quidem
665 299 742 360 potest
751 295 884 361 contingere
894 298 934 348 du·

130 371 220 436 pliciter
239 379 308 418 :uuo
323 368 390 418 modo
403 381 433 418 er
445 367 532 431 impetu
545 367 670 418 uoluntatis
688 364 726 416 vol
741 365 873 431 passionis;
892 368 934 420 ulio

130 441 198 492 modo
211 453 240 490 er
251 440 382 502 contemptu
394 439 476 500 reputo
485 437 618 502 dirigentia,
629 441 652 488 et
664 438 708 487 hoc
721 437 815 501 proprio
828 438 936 503 importat

129 511 245 565 temeritas
256 525 262 560 :
277 511 339 560 unde
350 508 441 560 videtur
452 523 481 560 er
490 519 518 559 ea
527 506 602 560 radico
615 507 726 573 superbie
737 509 873 572 provenire,
883 525 935 574 qna

130 581 317 645 mtupitrunesse
330 581 413 644 regule
424 580 513 630 aliern.
531 579 682 644 Prnoipitatio
695 583 772 630 aulem
783 593 810 631 se
818 580 892 631 habet
908 582 935 630 ad

131 658 276 716 utrumqne:
300 652 362 702 undo
386 651 501 702 temeritas
523 652 566 701 snb
588 651 767 716 precipitatione
787 652 933 716 continetur,

131 723 234 788 quanvis
248 722 397 787 praecipitatio
410 722 482 786 magis
493 723 600 786 respiciat
610 721 719 787 primurn.

163 795 196 845 ld
214 795 305 845 tertium
318 795 453 855 dicendum,
467 793 528 857 quod
543 793 567 842 in
584 792 732 857 inquisitione
751 792 847 844 consilii
865 795 936 844 molta

130 865 272 932 particularia
287 869 339 916 suut
349 865 512 916 consideranda
524 880 530 914 ε
543 866 627 916 ntideo
641 865 795 930 Philosophus
804 865 862 916 dicit
872 866 897 916 in
906 867 934 916 Vl

131 937 215 988 Etiic.
228 953 237 987 :
251 939 365 1000 «oportet
376 936 492 988 consiliari
505 935 577 987 tardo.
588 951 604 983 u
616 937 680 987 Unde
693 935 846 1000 praecipitatio
860 937 935 988 direc-

132 1008 178 1060 tiis
196 1008 318 1074 opponitur
335 1007 466 1059 rectitudini
481 1007 586 1070 consilii,
603 1007 671 1070 quim
685 1006 782 1058 tarditas
805 1009 933 1073 superflua,

133 1095 184 1146 qne
198 1082 267 1133 lebet
278 1082 399 1146 quandam
413 1079 585 1132 similitudinum
600 1077 657 1130 recti
669 1078 769 1130 consilii.

430 1259 588 1312 inuentus
600 1259 638 1310 li.

135 1385 221 1431 Utricm
234 1384 418 1430 inconsideratio
430 1385 463 1431 sit
477 1386 576 1493 ερῖσῖιῖἑο
583 1388 709 1442 peccatum
717 1385 763 1430 otti
773 1384 934 1444 impendentia

457 1461 501 1492 oon
512 1461 540 1494 err
570 1461 602 1494 m.

165 1575 198 1625 ld
208 1576 313 1639 quartum
326 1575 359 1625 sio
371 1574 505 1638 *prroceditur
515 1574 559 1640 (l).
575 1574 669 1626 Videtur
687 1575 746 1640 qudi
758 1575 934 1628 inconsideratio

133 1657 179 1698 non
200 1646 231 1697 sit
249 1648 367 1710 moenium
379 1646 477 1710 sponna
497 1646 540 1696 sub
553 1645 706 1710 imprudentia
723 1650 869 1699 contentum.
890 1650 934 1698 Len

133 1718 195 1768 eninr
206 1717 323 1768 divinanti
333 1717 421 1767 nullum
434 1719 553 1780 peccaturo
567 1729 609 1768 nos
625 1717 727 1782 inducit,
740 1718 867 1770 secundnm
881 1719 933 1770 illud

134 1789 229 1840 Psolm.
246 1791 332 1840 livill:
346 1789 415 1838 ulcr
424 1787 515 1838 Domini
527 1788 723 1856 immaculatam).
732 1790 847 1840 »inducit
859 1793 934 1840 auten

134 1861 163 1911 nd
178 1874 224 1912 noo
239 1859 437 1919 considerandum,
451 1857 576 1909 secundior
590 1859 646 1910 iliud
660 1861 764 1918 liciti„
779 1859 817 1912 X:
835 1861 934 1911 «nolito

133 1932 233 1994 cogitare
249 1930 374 1994 quomodo,
390 1933 430 1981 ant
443 1929 498 1994 quid
512 1929 671 1994 loquamini.»
685 1931 744 1996 Ergo
756 1931 934 1982 inconsideratio

134 2005 366 2066 nonestpeocatunr.
614 2013 617 2020 ⁴

165 2078 190 2122 Ξ.
204 2075 315 2122 orateur
323 2111 330 2135 ,
339 2073 475 2136 quicumque
485 2071 626 2136 consiliatur,
631 2072 721 2138 oportet
730 2072 790 2136 quod
800 2073 873 2124 nauita
882 2086 934 2125 cou-

134 2144 225 2194 sidcret.
248 2143 293 2193 Sed
309 2157 350 2208 per
368 2145 482 2194 deiecmrn
501 2143 592 2195 consilii
608 2148 644 2194 ost
666 2141 835 2207 praecipitatio,
852 2148 875 2195 et
896 2157 933 2209 per

133 2227 275 2277 consequeus
286 2226 316 2264 cx
333 2215 424 2266 deiectu
441 2215 643 2267 ronn'dorationis:
658 2227 712 2280 ergo
728 2216 880 2281 praecipitatio
894 2217 933 2266 sub

133 2284 337 2336 inconsideratione
355 2286 492 2338 continetur.
507 2287 557 2340 Nou
575 2299 630 2351 crgo
642 2286 820 2338 innoosideratio
833 2291 872 2338 est
884 2299 932 2352 spe

133 2357 191 2409 ciale
205 2359 333 2422 peccatum.
498 2375 500 2378 ⁴

166 2433 189 2478 t.
210 2431 339 2493 Proteroa,
354 2431 475 2497 prudentia
491 2431 596 2484 consistit
614 2432 638 2482 io
655 2429 740 2484 aenou
758 2429 856 2480 rationis
871 2441 931 2496 prac-

134 2499 200 2565 tice,
210 2500 250 2566 qui
266 2504 319 2554 sunt
330 2520 345 2553 o
360 2502 488 2569 concilim,
502 2503 604 2569 judicara
617 2503 645 2556 de
657 2499 800 2566 consiliatis,
814 2504 838 2553 et
850 2501 929 2570 preci·

168 2654 200 2716 (t)
215 2653 250 2702 lte
259 2657 296 2702 his
311 2656 383 2703 cuam
397 2667 438 2716 qu.
451 2655 490 2718 lt,
503 2657 531 2704 do
544 2657 615 2718 maio,
628 2661 672 2706 art.
682 2655 706 2702 t.

166 2724 202 2788 (i)
217 2728 284 2784 Sive,
296 2731 323 2771 ut
333 2729 470 2776 Ambrosius
485 2728 561 2777 etalii
577 2730 649 2778 etiam
658 2729 815 2790 leprnt'jnxta
834 2737 928 2788 grecum

135 2785 247 2856 ᾶμωμος,
262 2789 503 2848 comprehenditis,-
519 2791 574 2848 quia
586 2792 643 2840 nihii
656 2791 760 2852 precipit
770 2788 816 2838 nini
837 2793 927 2848 bonurn,

136 2869 178 2903 ooo
188 2859 259 2906 ulium
269 2871 364 2920 proteus
373 2861 459 2912 rodum
468 2865 595 2928 permittit,
607 2870 652 2912 oto.
676 2889 679 2897 ·
723 2891 726 2896 ·
755 2887 759 2892 ·
