1992 3317
128 151 173 198 808
241 159 349 199 mensim
365 159 493 206 securem,
511 131 605 201 onum.
622 156 696 204 urm,
713 155 771 193 ser.
789 159 812 194 x.

128 237 195 287 nibus
212 235 340 301 speciebus.
354 234 398 284 Sed
414 235 488 284 virtus
505 232 597 284 moralis
618 232 642 281 iu
661 233 683 282 ll
699 233 799 293 tertie,
819 233 883 298 (cap.
901 237 924 291 t,

126 309 185 358 rell
198 309 217 371 )‚
232 307 340 357 dilllnitur
353 319 426 357 essee
437 305 529 356 habitus
542 305 652 355 electivus
663 305 687 354 in
699 304 823 356 medietate
831 305 925 355 existens

126 379 273 430 determinata
284 379 371 428 ratione
384 379 458 441 quoad
468 391 517 428 uos.
535 393 549 424 c
562 376 622 440 Ergo
635 381 659 426 et
671 377 765 440 justitia
779 380 816 426 est
825 376 924 426 medium

128 451 252 504 rationis,
265 452 287 500 et
299 462 344 500 non
361 451 409 498 rei.

158 527 182 570 2.
200 521 321 583 Praeterea,
341 520 367 569 in
384 517 422 570 lris
441 531 492 584 que
515 517 649 583 simpliciter
670 522 725 567 sunt
741 517 818 580 bona,
830 533 877 570 nou
895 523 927 568 est

126 591 226 656 accipere
239 591 400 656 superfluum
413 595 437 641 et
451 592 626 646 diminutum,
641 592 666 640 et
677 601 720 652 per
730 601 876 654 consequeus
890 604 927 639 uec

126 662 225 713 medium
233 700 241 726 ,
255 663 314 713 sicut
331 665 394 727 patet
413 663 441 712 de
462 661 600 724 virtutibus,
613 666 640 711 ut
658 660 742 710 dicitur
765 661 790 709 in
803 663 823 712 ll
837 663 928 723 Etdr'e„
966 676 968 731 3

127 734 193 798 (cap.
206 739 236 796 6,
250 735 288 783 vel
302 733 345 797 7).
364 733 408 784 Sed
430 732 518 798 justitia
536 737 572 782 est
586 731 649 782 eirca
667 731 804 795 simpliciter
817 732 880 782 bona
890 772 896 794 ‚
908 735 929 780 ut
966 738 968 743 '

126 803 206 854 dicitur
223 805 247 854 in
260 803 280 853 v
291 804 387 865 Μία,
405 804 475 870 (cap.
495 811 509 854 1
526 806 545 866 t.
565 803 624 866 Ergo
638 803 661 852 in
671 801 764 866 justitia
776 815 824 854 nou
835 807 874 854 est
885 816 927 853 me·
966 806 968 865 l

126 875 188 924 dium
204 875 246 926 rei.
272 923 275 932 ,
966 880 968 929 i

158 951 181 996 3.
196 947 318 1008 Praeterea,
331 947 357 997 in
377 945 427 996 aliis
446 945 568 996 videntne
586 946 639 996 ideo
658 944 743 995 dicitur
756 957 809 996 esse
828 946 924 996 medium

127 1019 233 1069 rationis
245 1023 268 1069 et
282 1031 326 1068 non
342 1019 381 1067 rei
389 1055 395 1073 ‚
411 1017 464 1082 quia
484 1017 634 1069 diversimode
651 1017 763 1080 accipitur
777 1031 822 1081 per
840 1031 926 1080 compa-

126 1089 236 1141 rationem
249 1091 277 1140 ad
290 1090 390 1140 diversas
403 1101 528 1152 personam
537 1088 591 1152 quia
604 1105 619 1136 u
630 1087 692 1150 quod
708 1087 750 1137 uui
767 1092 805 1138 est
817 1090 927 1149 mulum,

127 1161 192 1212 alteri
209 1164 244 1210 est
260 1173 353 1225 parum,
372 1177 386 1208 »
406 1163 431 1208 ut
449 1159 531 1210 dieitur
548 1159 608 1208 inll
629 1158 711 1208 elate.
732 1158 778 1208 sed
801 1160 849 1210 doc
868 1161 927 1210 edan

127 1233 259 1282 observatur
276 1233 300 1282 in
314 1231 418 1295 justitia;
437 1244 483 1281 uon
502 1231 565 1281 enim
587 1229 665 1282 eadem
686 1243 756 1295 pena
778 1232 879 1294 punitur
894 1231 927 1294 qni

127 1303 226 1366 percutit
243 1303 366 1366 principem
373 1340 382 1366 ,
400 1307 423 1353 et
435 1302 475 1366 qui
486 1305 586 1366 percutlt
596 1301 707 1368 privatam
720 1314 859 1364 personam.
877 1304 926 1364 Ergo

127 1373 195 1425 eliam
207 1373 297 1436 justitia
311 1386 357 1424 non
373 1374 442 1424 habet
458 1374 559 1424 medium
571 1374 619 1437 rei,
630 1375 669 1423 sed
685 1372 787 1422 medium
807 1374 924 1424 rationis.

155 1444 201 1495 Sed
223 1449 301 1494 contre
320 1447 367 1507 est,
385 1445 445 1509 qudd
458 1445 611 1509 Philosophus
624 1445 649 1494 in
664 1443 685 1493 ll
702 1444 799 1500 Elicio„
820 1447 889 1510 (cap.
908 1449 926 1501 o,

128 1517 165 1568 vel
177 1515 218 1581 7),
229 1517 328 1582 assignat
342 1517 440 1567 medium
448 1517 546 1582 justitia
556 1518 680 1567 secundum
693 1515 926 1582 proportionalitatem

128 1589 333 1644 arr'ttmetieom,
350 1589 410 1651 quod
424 1592 459 1639 est
469 1588 568 1638 medium
582 1589 628 1637 rei.

161 1663 320 1723 (Consumto.
334 1687 364 1698 -
377 1659 433 1710 Cim
446 1659 539 1724 justitia
549 1665 652 1710 versetur
662 1660 722 1711 circa
737 1660 868 1712 exteriores
879 1674 926 1724 ope·

128 1733 228 1783 rationes
242 1736 265 1782 et
277 1747 326 1796 res,
344 1731 442 1782 medium
457 1731 480 1781 in
494 1744 522 1780 ea
536 1733 572 1780 est
591 1731 690 1782 medium
703 1731 752 1793 rei,
767 1733 896 1782 consistens
907 1731 927 1779 in

128 1805 225 1870 quadam
243 1801 393 1868 proportionis
412 1801 540 1864 equadtate
560 1798 592 1851 rei
611 1801 730 1852 exterioris
747 1802 776 1851 ad
794 1804 926 1854 exteriorem

129 1874 281 1940 personam.)

159 1947 294 2009 despondeo
312 1945 445 2007 dicendum,
459 1945 521 2008 quod
532 1944 592 1995 sicut
605 1943 673 2010 suprd
685 1945 779 2005 dictum,
792 1950 831 1996 est
845 1946 893 2012 (l,
905 1947 924 2001 t,

128 2031 167 2080 qu.
186 2021 230 2076 59,
247 2017 289 2064 art.
312 2019 334 2078 l,
349 2021 372 2066 et
390 2029 429 2080 qn.
448 2020 496 2078 60,
512 2021 555 2065 art.
574 2016 626 2080 2),
643 2016 693 2066 alie
715 2015 814 2066 rutulos
840 2016 927 2069 morales

130 2085 287 2152 principaliter
307 2087 433 2138 consistunt
448 2087 507 2136 cirea
530 2088 662 2153 passiones3
683 2101 779 2151 quarum
801 2086 928 2138 rectificatio

129 2171 175 2208 non
190 2157 313 2206 attenditur
326 2157 371 2210 nisi
387 2159 511 2208 secundum
526 2156 715 2222 compunctionem
726 2158 755 2208 ad
768 2159 846 2222 ipsum
860 2157 926 2209 uomi-

129 2243 195 2289 nem,
211 2229 276 2292 cujus
293 2234 347 2280 sunt
360 2229 491 2294 passiones,
506 2232 632 2282 secuudum
647 2230 734 2281 scilicet
745 2232 807 2293 quod
824 2231 926 2281 irascitur

128 2306 152 2352 ct
167 2301 306 2364 concupiscit
317 2307 384 2366 prout
400 2303 466 2352 delict
477 2303 602 2354 secuudum
618 2303 719 2353 diuersas
733 2302 924 2353 circumstantias.

128 2373 157 2424 Et
169 2373 221 2423 ideo
234 2371 332 2423 medium
343 2374 423 2424 talium
436 2373 601 2425 virtutemnon
613 2373 858 2438 accipitursecundum
871 2385 920 2438 pro

129 2445 255 2510 portionem
267 2445 335 2495 unius
345 2445 379 2496 rei
392 2446 420 2495 ad
435 2446 542 2510 alteram,
558 2447 599 2498 sed
613 2440 685 2497 solum
698 2447 822 2496 secuudum
835 2458 923 2509 compe

129 2515 238 2567 rationem
252 2517 280 2566 ad
294 2517 370 2580 ipsum
382 2517 519 2568 dulnosum.
527 2518 558 2568 tlt
571 2518 663 2582 propter
672 2517 717 2567 hoe
728 2517 754 2566 iu
766 2518 824 2580 ipsis
835 2521 870 2568 est
878 2527 922 2564 me

131 2588 192 2638 diurn
206 2588 280 2654 ¹solum
294 2589 418 2640 secundum
434 2589 546 2640 retmuem
558 2591 632 2654 quoad
644 2601 695 2640 nos.
711 2588 758 2640 Sed
766 2589 862 2640 mcmria
876 2587 923 2649 jus-

130 2744 184 2788 dist.
199 2741 237 2801 33,
251 2755 291 2798 qu.
302 2741 325 2800 1,
337 2748 380 2789 ert.
392 2741 415 2801 3,
427 2743 563 2798 quaestlnuc.
572 2743 598 2798 23
612 2748 637 2788 ut
646 2745 720 2800 eth,
730 2743 809 2794 Sese,
822 2743 874 2788 dist.
883 2737 919 2791 25.

131 2805 204 2911 {1¹⁰}qu
219 2811 263 2910 3ἱέ
275 2804 287 2849 1
289 2805 454 2910 horrescimus.
466 2804 493 2861 Ξ,
510 2811 534 2851 et
547 2820 587 2865 qu.
598 2806 622 2865 l,
633 2807 663 2852 de
678 2807 767 2867 virtut,
780 2812 824 2854 ert.
842 2804 879 2863 tt,
894 2800 918 2846 dli

154 2897 160 2924 i
209 2900 216 2925 i
267 2897 273 2925 i
321 2898 327 2910 ⁸
