1992 3317
151 92 197 148 utu
276 102 385 146 seeum
399 99 529 156 sumnum
544 99 632 151 eume.
648 105 696 155 su,
714 102 771 144 aar.
786 103 825 144 rr.

82 181 90 192 ’
150 182 314 248 inreeipieute,
322 184 363 234 sed
371 182 547 234 sieutindaute.
559 183 607 234 iios
616 187 693 234 auem
705 184 772 234 modo
782 183 948 235 nomiomantur

150 255 198 306 Deo
211 255 284 306 saneti
297 253 322 303 in
338 254 411 317 patria
422 255 483 305 siem
493 253 606 318 recipiens
615 252 731 306 induenti.

440 431 600 484 sandonus
615 433 653 485 tv,

153 558 238 604 domm
245 555 332 614 quintu
341 557 538 668 boontudoboqum
548 561 582 602 est
590 557 803 666 {immm'
814 559 948 616 respondeat

493 635 526 666 uo
533 634 598 667 consu
609 635 636 666 u.

175 747 216 820 ‘dd
233 751 338 812 quartum
350 751 383 798 sie
394 748 524 812 praeditur
533 748 578 812 (1).
593 747 689 798 Videtur
706 746 769 811 quod
783 749 869 812 quinta
884 749 949 800 beati·

151 820 216 881 tudo,
230 833 281 882 puae
294 823 330 870 est
343 820 371 870 de
387 819 550 882 misericordia,
567 833 614 870 non
626 819 764 882 respondeat
778 821 841 870 dono
857 819 947 870 oousitii.

151 892 235 941 Omnes
244 892 305 942 euim
316 891 468 942 beatitudines
479 895 533 944 suut
542 891 636 956 qudem
644 895 708 940 aetus
718 892 841 956 uirtutum,
853 895 879 942 ut
889 890 948 955 sopri

150 961 297 1014 babitumest
311 962 350 1027 (t,
362 967 386 1026 d,
401 977 440 1026 qu.
450 967 474 1023 9,
490 965 534 1012 art.
549 961 587 1024 t).
602 961 647 1012 Sed
659 974 700 1025 per
714 961 842 1012 eonsilium
863 963 889 1014 in
906 976 947 1012 on·

152 1033 221 1085 nibus
232 1034 340 1085 uirtutum
350 1034 435 1084 actibus
449 1031 574 1095 dirigimur.
589 1033 647 1096 Ergo
661 1031 758 1085 oonsilio
773 1046 823 1089 mou
834 1033 948 1100 respondet

151 1106 225 1170 magis
237 1106 317 1169 quinta
328 1105 443 1156 beatitudo
454 1104 522 1167 quim
533 1104 587 1156 alia.

183 1181 207 1226 t.
222 1179 332 1228 Praeterea
339 1214 347 1240 ,
362 1180 476 1240 praesepta
486 1176 569 1226 dantur
585 1175 663 1226 debis
678 1189 731 1238 qua
745 1179 802 1226 suut
813 1177 844 1228 de
859 1175 948 1229 duossi-

150 1250 198 1297 tate
216 1247 311 1310 salutis,
324 1247 444 1299 eonsilium
459 1251 536 1298 autem
551 1248 616 1299 datur
629 1247 657 1298 de
675 1248 713 1298 tuis
728 1261 781 1312 qus
796 1262 846 1300 nou
862 1254 914 1300 sant
926 1249 947 1295 de

151 1317 286 1368 necessitate
300 1317 380 1370 salutis
390 1319 432 1380 (2).
449 1317 603 1368 Misericordia
624 1320 700 1368 autem
714 1323 751 1368 est
771 1321 801 1370 de
820 1320 948 1372 necessitate

150 1387 242 1450 salutis,
258 1387 381 1439 secundirm
399 1389 455 1439 iilud
468 1391 534 1444 duc„
548 1389 589 1443 112,
602 1405 616 1437 u
630 1388 744 1439 tudieium
758 1389 810 1442 siue
828 1391 947 1442 misericor·

152 1459 188 1510 dia
205 1459 239 1510 iili
252 1460 291 1525 qui
302 1473 347 1512 nou
363 1459 422 1511 iacit
433 1459 618 1513 misericordiam.
634 1477 648 1507 rr
664 1461 792 1524 Paupertas
813 1466 893 1514 autem
912 1473 948 1510 rou

90 1579 94 1584 .
152 1534 188 1582 est
201 1532 229 1583 de
242 1532 376 1583 necessitate
393 1532 486 1594 mtuds,
503 1531 543 1582 sed
558 1531 656 1595 pertinet
668 1531 696 1587 ad
709 1533 882 1595 perfectionem
897 1534 948 1588 vitu,

152 1608 178 1654 ut
190 1608 254 1668 patet
264 1603 367 1664 notit,
377 1603 427 1653 xix
439 1602 483 1669 (e).
498 1603 558 1666 Ergo
570 1603 629 1652 douo
640 1602 731 1655 consilii
740 1602 817 1666 magis
831 1604 948 1668 respondet

152 1675 266 1727 beatitudo
277 1674 425 1739 paupertatis,
437 1672 506 1738 quim
516 1671 632 1724 beatitudo
649 1672 821 1726 misericordia.

185 1751 208 1796 3.
223 1748 350 1808 Preterea,
363 1745 450 1795 fruetus
460 1747 629 1808 consequuntur
639 1745 670 1794 ad
686 1744 859 1810 beatitudines,
870 1745 950 1810 impor-

153 1821 202 1867 tant
216 1818 278 1868 euim
296 1814 470 1868 delectationem
482 1815 603 1879 quamdam
623 1813 782 1878 spiritualem,
803 1831 856 1880 que
878 1828 952 1867 conse·

140 1888 229 1950 ‚quitur
242 1889 354 1952 periectos
364 1890 428 1938 aetus
440 1887 558 1937 uirtutum.
571 1887 617 1939 sed
630 1885 690 1936 inter
700 1886 788 1938 tructus
802 1901 851 1940 uon
864 1889 951 1953 ponitur
971 1883 972 1945 i

154 1957 237 2021 aliquid
251 1959 391 2022 respondens
405 1958 466 2009 douo
482 1956 589 2021 eonsiiii,
604 1960 630 2008 ut
647 1961 710 2022 patet
731 1955 832 2017 Gulae,
846 1959 875 2010 V.
899 1961 950 2020 Ergo

154 2028 223 2078 etiam
239 2027 355 2079 beatitudo
368 2026 527 2080 misericordiae
543 2041 589 2079 non
600 2029 720 2094 respondet
734 2027 794 2090 dono
807 2030 910 2082 oonsitii.

185 2099 230 2148 Sed
244 2102 373 2164 combussi,
384 2101 444 2166 quod
458 2099 598 2163 Augustinus
607 2098 662 2150 dioit
676 2098 700 2148 in
710 2097 751 2149 tib.
763 2101 802 2150 De
812 2115 893 2151 seren.
908 2103 949 2150 ito-

154 2171 221 2219 mr'm'
234 2170 261 2218 in
272 2174 376 2220 moute:
395 2171 549 2236 «Consilium
564 2171 671 2222 convenit
685 2169 885 2236 misericordibus,
905 2171 949 2236 quia

154 2239 247 2290 unicum
259 2241 383 2292 remedium
399 2245 433 2292 est
448 2242 476 2293 de
486 2241 560 2295 mods
570 2241 636 2292 maiis
648 2241 713 2304 erui,
725 2239 841 2293 dmbtere
852 2243 919 2305 aliis,
932 2243 950 2289 et
971 2289 972 2310 χ

154 2311 216 2363 date.
226 2328 241 2359 rr
845 2322 863 2336 ‘
971 2339 972 2402 p

187 2437 222 2501 (1)
237 2439 270 2485 ue
285 2439 679 2500 disertam1‚s‚qu.tte,arr.a‚
693 2439 722 2486 aa
738 2437 768 2496 a;
785 2441 948 2502 simoen,
971 2427 972 2454 ¹

154 2501 207 2549 urst.
220 2501 264 2561 at,
279 2516 318 2560 qu.
331 2504 343 2548 r
354 2537 360 2563 ,
372 2510 417 2549 ers.
429 2503 458 2556 s;
473 2509 496 2549 o
510 2504 533 2548 rn
551 2503 646 2554 nourr„
657 2505 699 2564 ru,
714 2504 760 2548 eur.
772 2503 811 2548 ro.
971 2467 972 2522 ¹

189 2571 221 2636 (Ξ)
238 2575 269 2621 Ut
282 2586 310 2620 ex
320 2575 425 2632 prodesse
439 2573 464 2633 i,
476 2574 500 2633 ἢ,
513 2587 554 2632 qu.
566 2571 619 2633 tos,
636 2581 680 2620 art.
690 2573 714 2627 4,
727 2575 869 2632 explicatum
878 2581 921 2622 est.

186 2646 218 2708 (3)
231 2647 275 2692 Utri
287 2647 352 2691 diviti
363 2646 455 2693 emidam
465 2646 606 2692 adolescenti
617 2645 744 2705 postulanti
756 2647 811 2703 quid
821 2648 898 2694 adhue
909 2642 946 2691 sibi

154 2716 207 2765 post
220 2715 333 2766 praecepta
349 2709 441 2752 deesset
456 2721 508 2765 quar
524 2719 550 2754 so
563 2708 656 2754 dieebat
672 2709 819 2768 impiouisse,
834 2708 945 2767 respondit

154 2771 271 2826 christus,
283 2779 343 2814 vera
360 2768 389 2812 21
402 2785 408 2812 ι
420 2769 497 2815 stota
508 2771 631 2829 perfeetum
647 2783 710 2821 ease,
724 2771 799 2823 eodo,
811 2771 889 2820 oeode
903 2780 945 2829 pue

154 2831 268 2887 dobant
281 2830 489 2891 dupaoporttor,
502 2835 524 2879 et
537 2834 596 2894 reret
605 2843 759 2893 sodomites.
