1992 3317
246 220 248 225 ,
292 170 471 216 llllfflffllt'l‘ss
488 173 616 218 sutum
629 176 667 219 SE·
832 175 879 225 ast

65 252 144 306 amnis
163 252 272 305 creatura
290 254 327 302 est
341 252 442 304 uenias.
455 253 559 307 charitas
577 257 653 308 auum
665 268 712 309 nen
723 260 759 310 εει
775 260 878 326 vanitas,

65 327 107 379 sed
127 325 206 389 magis
230 322 328 375 vanitati
345 327 469 388 repugnat,
491 328 515 375 et
537 328 574 376 εει
589 326 683 380 nunna
704 330 808 394 virtutis3
825 333 878 397 quia

68 398 171 451 annnam
183 394 288 447 heminis
300 395 330 446 ad
341 394 429 445 benum
445 394 561 447 inlinitum
576 399 688 463 perducit.
706 402 766 465 Euge
781 403 879 457 edantur

9 486 10 491 ¹
68 484 114 523 uun
132 470 173 522 est
186 466 277 530 diqrnd
293 469 396 519 creatum
406 466 431 516 iu
441 467 526 521 anima.
609 467 614 476 '

96 542 143 593 Sed
156 542 301 601 contracti,
313 538 374 602 qued
387 538 527 601 Augustinus
539 540 596 591 dicit
611 544 637 593 iu
648 544 687 593 lll.
706 545 744 595 De
756 546 875 600 doctrina

70 612 223 663 Christiana
237 610 307 675 (cap.
323 610 379 674 lo).
395 626 410 657 (ι
424 610 561 665 charitatem
580 627 637 664 recu
651 619 738 667 metum
759 619 830 669 ammi
848 622 877 671 ad

68 685 191 737 fruendum
206 684 256 733 llee
269 684 363 746 pmptcr
377 682 486 746 seipsum.
504 700 519 732 u
538 684 582 735 Sed
599 688 676 737 metus
690 688 761 739 animi
776 695 814 741 εει
831 692 877 742 ali·

70 755 123 819 quid
135 757 240 807 creatum
255 753 281 803 iu
298 752 383 809 anima,
399 754 458 819 llige
472 755 573 807 ultanus
588 759 624 810 est
637 758 723 822 utquid
738 764 840 812 creatum
851 763 876 815 in

70 841 154 881 muna.

104 901 304 960 (cmmum0.·-
312 897 416 951 Charitas
429 903 465 951 est
477 899 569 952 habitus
586 900 612 949 iu
624 899 700 951 anima
716 907 816 968 umatus,
830 920 875 970 que

71 974 143 1021 henne
154 972 277 1023 inclinatur
290 970 316 1021 iu
329 974 394 1021 actus
405 972 506 1025 emnium
525 972 639 1023 uirtutum
649 977 742 1037 prepter
754 976 840 1041 Beuum
851 983 877 1029 ut

71 1042 126 1093 illes
142 1042 249 1107 prompte
263 1045 288 1094 et
298 1041 397 1093 faciliter
408 1043 541 1108 operetur.)

99 1116 241 1179 llespendee
263 1112 398 1177 dicendum,
421 1114 481 1178 quud
510 1115 616 1180 llagistar
639 1118 796 1181 perscrutatur
817 1119 876 1169 lianc

70 1186 223 1251 questionem
234 1186 260 1235 in
270 1186 341 1236 xvll.
359 1185 414 1237 dist.
427 1185 495 1249 primi
513 1186 554 1237 tin.
573 1189 684 1239 Sentent.
696 1188 727 1239 nt
739 1187 804 1253 penit
816 1189 876 1252 qued

69 1259 167 1311 etentes
180 1271 231 1309 nen
249 1261 287 1308 εει
300 1257 387 1321 utquid
404 1261 505 1309 cremum
517 1258 640 1323 inanima,
651 1261 693 1312 sed
707 1264 744 1313 εει
760 1262 810 1327 ipsc
821 1261 875 1327 Spi-

68 1332 123 1383 ritus
135 1333 236 1383 aanctus
253 1332 354 1383 mentem
370 1327 510 1385 inhabitans,
528 1332 575 1381 Nes
587 1335 623 1383 est
640 1346 683 1383 sua
701 1332 799 1384 intentio
813 1332 875 1397 qudi

67 1402 109 1455 inte
125 1400 359 1455 metusdilectiuuis
372 1414 416 1465 que
431 1402 503 1453 ileum
521 1402 649 1466 diligimus,
661 1405 693 1455 sit
705 1405 757 1469 ipse
776 1405 875 1471 Sipritns

70 1478 180 1538 mucius3
196 1473 239 1524 sed
251 1472 312 1537 quid
327 1472 371 1523 iste
385 1476 460 1523 motus
475 1472 606 1524 dileetmnie
615 1479 651 1525 εει
664 1475 678 1524 t
691 1476 776 1540 Spiritu
785 1481 873 1541 musto,

69 1559 112 1597 nen
129 1544 251 1597 mediante
264 1543 340 1608 alique
360 1544 452 1607 habitu,
467 1544 527 1595 sieut
538 1545 555 1596 d
567 1545 654 1610 Spiritu
667 1551 747 1599 sanctu
763 1552 817 1597 suut
835 1548 874 1599 alii

67 1622 129 1669 actus
145 1615 249 1668 virtuosi
267 1615 419 1667 mediantibus
438 1616 552 1667 habitibus
565 1616 661 1667 aliarum
680 1616 801 1679 uirtutum,
818 1622 876 1683 puta

69 1689 146 1741 uenite
173 1686 232 1738 naci
250 1688 291 1737 aut
311 1686 362 1751 spei
378 1690 418 1737 aut
436 1686 534 1751 alicujus
552 1686 645 1739 nunus
661 1686 761 1737 virtutis.
782 1690 813 1737 iit
831 1690 875 1741 lluc

70 1760 159 1811 dicebat
175 1761 273 1825 propter
283 1757 441 1809 excellentiam
454 1746 584 1810 emutatis.
593 1758 639 1809 Sed
652 1758 673 1808 si
685 1757 738 1821 quie
747 1758 808 1811 recta
820 1772 875 1811 cen-

69 1833 169 1897 ciperet,
186 1834 235 1883 huc
252 1831 326 1895 magis
344 1830 456 1881 redundat
468 1830 493 1881 in
507 1830 624 1882 chadune
637 1828 806 1881 detrimentum.
823 1832 875 1883 lien

68 1905 127 1955 enim
145 1907 229 1956 mutus
242 1902 410 1957 manutium
427 1902 532 1966 precedit
544 1902 559 1953 d
570 1902 656 1967 Spiritu
673 1904 751 1953 sancte
767 1906 874 1961 merente

67 1979 192 2029 humanam
205 1979 322 2039 menum,
332 1974 396 2039 putu
413 1974 513 2025 hnmana
529 1988 595 2027 mene
613 1974 645 2026 uit
655 1977 718 2026 mete
729 1977 834 2040 tantuna,
850 1980 874 2027 et

68 2050 129 2103 nude
138 2046 392 2113 medesitprincipium
401 2046 471 2111 hujus
478 2046 783 2113 metue,sieutcuu1aliqued
790 2061 873 2113 cerpus

69 2124 174 2173 meretur
185 2120 216 2171 ab
228 2118 305 2183 adque
317 2116 423 2169 exterieri
436 2122 553 2173 merente.
564 2120 613 2170 ileu
625 2119 689 2171 euim
700 2124 737 2170 εει
748 2123 827 2171 centra
835 2132 873 2172 ra·

69 2192 155 2245 fiunem
178 2189 317 2255 voluntarii,
337 2188 404 2253 cujus
428 2193 518 2255 eportet
534 2190 673 2257 principium
688 2192 713 2243 in
733 2192 784 2257 ipse
805 2204 871 2256 esse,

70 2265 127 2317 sicut
139 2263 210 2329 supra
224 2263 310 2313 dictum
323 2264 359 2311 εει
368 2260 378 2327 l
388 2264 398 2311 t
409 2266 453 2325 ‚S,
463 2276 503 2326 qn.
516 2268 545 2327 6,
557 2265 602 2313 art.
616 2262 657 2327 l).
669 2264 733 2315 Unde
741 2265 873 2329 respueretur

70 2336 128 2401 quel
139 2336 240 2401 euicere
251 2346 300 2385 nen
313 2336 376 2387 esset
387 2334 555 2399 ammianum
564 2336 624 2399 qued
637 2335 739 2401 implicet
747 2337 873 2388 centradic-

71 2409 171 2469 tionem,
192 2420 245 2457 cum
265 2418 329 2459 amur
344 2406 374 2457 de
392 2406 428 2455 sui
445 2405 534 2459 ratione
549 2406 656 2472 importet
674 2406 733 2473 qued
752 2408 783 2459 sit
807 2411 873 2460 ectus

71 2480 205 2533 uoluntatis.
216 2478 326 2531 Similiter
333 2478 454 2533 etiamuen
462 2481 538 2545 petest
547 2479 601 2541 dici,
610 2480 671 2543 undd
680 2480 715 2531 sic
720 2484 812 2532 mereat
822 2480 873 2544 Spi-

70 2552 128 2604 ritus
141 2554 236 2605 sanctns
252 2551 394 2607 veluntatem
411 2553 440 2602 ad
459 2557 537 2603 actum
550 2551 673 2616 diligendi,
693 2552 753 2604 sient
770 2552 873 2603 movetur

70 2624 265 2687 instrumentum
276 2622 336 2687 quud
351 2622 393 2674 etsi
407 2623 438 2673 sit
449 2622 586 2689 principium
596 2626 674 2688 actus,
685 2636 733 2677 uon
745 2627 822 2674 tamen
836 2626 873 2674 εει

72 2696 98 2747 iu
113 2694 162 2761 ipse
179 2708 262 2760 agere,
277 2694 315 2745 rel
328 2708 375 2747 neu
388 2707 464 2759 agere.
480 2694 519 2745 Sic
532 2694 593 2745 enim
606 2693 673 2745 etiam
688 2695 804 2747 tolleretur
813 2694 872 2744 ratio

72 2767 209 2833 uoluntarii,
228 2769 252 2818 et
271 2766 427 2821 excluderetur
450 2765 613 2828 ratiemeriti,
631 2779 684 2817 cum
701 2768 779 2815 temen
802 2764 872 2827 supra

72 2840 120 2903 (l,
142 2845 175 2901 ι,
189 2852 229 2903 qu.
243 2840 303 2900 tut,
317 2840 362 2889 art.
376 2837 424 2903 ta)
437 2837 542 2891 habitum
553 2836 599 2900 sit,
613 2836 676 2903 qnid
690 2836 780 2887 niceae
792 2833 872 2883 chen-

72 2910 125 2971 tatis
133 2914 171 2966 est
181 2908 249 2964 radix
257 2908 368 2963 muendi.
379 2908 592 2975 Sedupentetqudd
601 2907 747 2966 merulentus
756 2904 874 2960 mereatur
