<?xml version="1.0" encoding="UTF-8"?>
<!DOCTYPE html PUBLIC "-//W3C//DTD XHTML 1.0 Transitional//EN"
    "http://www.w3.org/TR/xhtml1/DTD/xhtml1-transitional.dtd">
<html xmlns="http://www.w3.org/1999/xhtml" xml:lang="en" lang="en">
 <head>
  <title>
</title>
<meta http-equiv="Content-Type" content="text/html;charset=utf-8" />
  <meta name='ocr-system' content='tesseract 3.04.00' />
  <meta name='ocr-capabilities' content='ocr_page ocr_carea ocr_par ocr_line ocrx_word'/>
</head>
<body>
  <div class='ocr_page' id='page_1' title='image "./summatheologica03nicogoog_0341.png"; bbox 0 0 1992 3317; ppageno 0'>
   <div class='ocr_carea' id='block_1_1' title="bbox 121 138 797 202">
    <p class='ocr_par' dir='ltr' id='par_1_1' title="bbox 121 138 797 202">
     <span class='ocr_line' id='line_1_1' title="bbox 121 138 797 202; baseline 0.003 -15"><span class='ocrx_word' id='word_1_1' title='bbox 121 138 166 187; x_wconf 87' lang='lat' dir='ltr'><strong>eee</strong></span> <span class='ocrx_word' id='word_1_2' title='bbox 245 142 797 202; x_wconf 79' lang='lat' dir='ltr'><strong>snmrnnsmnuos‚nussr.m,ner.1r.</strong></span> 
     </span>
    </p>
   </div>
   <div class='ocr_carea' id='block_1_2' title="bbox 117 216 941 2440">
    <p class='ocr_par' dir='ltr' id='par_1_2' title="bbox 118 216 941 573">
     <span class='ocr_line' id='line_1_2' title="bbox 152 216 936 293; baseline 0.013 -16"><span class='ocrx_word' id='word_1_3' title='bbox 152 216 177 277; x_wconf 73' lang='grc' dir='ltr'><strong>ιζ</strong></span> <span class='ocrx_word' id='word_1_4' title='bbox 190 226 320 290; x_wconf 60' lang='lat' dir='ltr'><strong>mermes,</strong></span> <span class='ocrx_word' id='word_1_5' title='bbox 333 224 392 277; x_wconf 85' lang='lat' dir='ltr'><strong>donn</strong></span> <span class='ocrx_word' id='word_1_6' title='bbox 402 228 455 276; x_wconf 80' lang='lat' dir='ltr'><strong>suunt</strong></span> <span class='ocrx_word' id='word_1_7' title='bbox 467 226 602 291; x_wconf 72' lang='lat' dir='ltr'><strong>perfectiora</strong></span> <span class='ocrx_word' id='word_1_8' title='bbox 617 226 751 293; x_wconf 71' lang='lat' dir='ltr'><strong>uirtutihmg</strong></span> <span class='ocrx_word' id='word_1_9' title='bbox 765 231 853 283; x_wconf 81' lang='lat' dir='ltr'><strong>dentur</strong></span> <span class='ocrx_word' id='word_1_10' title='bbox 864 237 936 289; x_wconf 84' lang='lat' dir='ltr'><strong>enirn</strong></span> 
     </span>
     <span class='ocr_line' id='line_1_3' title="bbox 120 295 940 375; baseline 0.011 -26"><span class='ocrx_word' id='word_1_11' title='bbox 120 298 146 349; x_wconf 88' lang='lat' dir='ltr'><strong>in</strong></span> <span class='ocrx_word' id='word_1_12' title='bbox 159 296 297 363; x_wconf 79' lang='lat' dir='ltr'><strong>adjutorium</strong></span> <span class='ocrx_word' id='word_1_13' title='bbox 310 295 434 362; x_wconf 71' lang='lat' dir='ltr'><strong>vinetum,</strong></span> <span class='ocrx_word' id='word_1_14' title='bbox 448 300 474 349; x_wconf 92' lang='lat' dir='ltr'><strong>ut</strong></span> <span class='ocrx_word' id='word_1_15' title='bbox 487 299 607 363; x_wconf 76' lang='lat' dir='ltr'>Gregorius</span> <span class='ocrx_word' id='word_1_16' title='bbox 621 300 714 353; x_wconf 81' lang='lat' dir='ltr'><strong>lieitll.</strong></span> <span class='ocrx_word' id='word_1_17' title='bbox 726 303 871 357; x_wconf 80' lang='lat' dir='ltr'><strong>Aforolism</strong></span> <span class='ocrx_word' id='word_1_18' title='bbox 886 309 940 375; x_wconf 80' lang='lat' dir='ltr'><strong>(ut</strong></span> 
     </span>
     <span class='ocr_line' id='line_1_4' title="bbox 120 368 937 445; baseline 0.017 -27"><span class='ocrx_word' id='word_1_19' title='bbox 120 368 214 433; x_wconf 81' lang='lat' dir='ltr'><strong>snprl).</strong></span> <span class='ocrx_word' id='word_1_20' title='bbox 228 368 274 419; x_wconf 84' lang='lat' dir='ltr'><strong>Sed</strong></span> <span class='ocrx_word' id='word_1_21' title='bbox 292 380 345 432; x_wconf 86' lang='lat' dir='ltr'><strong>spes</strong></span> <span class='ocrx_word' id='word_1_22' title='bbox 370 372 405 420; x_wconf 87' lang='lat' dir='ltr'><strong>est</strong></span> <span class='ocrx_word' id='word_1_23' title='bbox 424 368 548 433; x_wconf 77' lang='lat' dir='ltr'><strong>perfectior</strong></span> <span class='ocrx_word' id='word_1_24' title='bbox 571 371 665 436; x_wconf 81' lang='lat' dir='ltr'><strong>timore3</strong></span> <span class='ocrx_word' id='word_1_25' title='bbox 686 372 740 436; x_wconf 81' lang='lat' dir='ltr'><strong>quia</strong></span> <span class='ocrx_word' id='word_1_26' title='bbox 756 386 812 439; x_wconf 88' lang='lat' dir='ltr'><strong>spes</strong></span> <span class='ocrx_word' id='word_1_27' title='bbox 830 381 937 445; x_wconf 78' lang='lat' dir='ltr'><strong>respicit</strong></span> 
     </span>
     <span class='ocr_line' id='line_1_5' title="bbox 118 437 941 509; baseline 0.019 -23"><span class='ocrx_word' id='word_1_28' title='bbox 118 438 218 501; x_wconf 84' lang='lat' dir='ltr'><strong>honum,</strong></span> <span class='ocrx_word' id='word_1_29' title='bbox 232 437 301 488; x_wconf 89' lang='lat' dir='ltr'><strong>timor</strong></span> <span class='ocrx_word' id='word_1_30' title='bbox 321 438 414 489; x_wconf 87' lang='lat' dir='ltr'><strong>melum.</strong></span> <span class='ocrx_word' id='word_1_31' title='bbox 432 439 489 491; x_wconf 74' lang='lat' dir='ltr'><strong>Cultu</strong></span> <span class='ocrx_word' id='word_1_32' title='bbox 508 454 565 504; x_wconf 86' lang='lat' dir='ltr'><strong>ergo</strong></span> <span class='ocrx_word' id='word_1_33' title='bbox 578 454 633 506; x_wconf 88' lang='lat' dir='ltr'><strong>spes</strong></span> <span class='ocrx_word' id='word_1_34' title='bbox 649 442 680 492; x_wconf 94' lang='lat' dir='ltr'><strong>sit</strong></span> <span class='ocrx_word' id='word_1_35' title='bbox 695 443 784 509; x_wconf 84' lang='lat' dir='ltr'><strong>uirtus,</strong></span> <span class='ocrx_word' id='word_1_36' title='bbox 798 459 848 499; x_wconf 93' lang='lat' dir='ltr'><strong>non</strong></span> <span class='ocrx_word' id='word_1_37' title='bbox 861 451 941 505; x_wconf 86' lang='lat' dir='ltr'><strong>debet</strong></span> 
     </span>
     <span class='ocr_line' id='line_1_6' title="bbox 121 508 481 573; baseline 0.008 -12"><span class='ocrx_word' id='word_1_38' title='bbox 121 510 167 561; x_wconf 85' lang='lat' dir='ltr'><strong>diei</strong></span> <span class='ocrx_word' id='word_1_39' title='bbox 180 508 240 573; x_wconf 81' lang='lat' dir='ltr'><strong>quen</strong></span> <span class='ocrx_word' id='word_1_40' title='bbox 253 510 323 561; x_wconf 91' lang='lat' dir='ltr'><strong>timor</strong></span> <span class='ocrx_word' id='word_1_41' title='bbox 343 510 372 561; x_wconf 84' lang='lat' dir='ltr'><strong>sit</strong></span> <span class='ocrx_word' id='word_1_42' title='bbox 387 510 481 564; x_wconf 89' lang='lat' dir='ltr'><strong>donum.</strong></span> 
     </span>
    </p>

    <p class='ocr_par' dir='ltr' id='par_1_3' title="bbox 121 582 937 720">
     <span class='ocr_line' id='line_1_7' title="bbox 151 582 937 650; baseline 0.011 -17"><span class='ocrx_word' id='word_1_43' title='bbox 151 582 198 633; x_wconf 81' lang='lat' dir='ltr'><strong>Sed</strong></span> <span class='ocrx_word' id='word_1_44' title='bbox 218 583 297 634; x_wconf 81' lang='lat' dir='ltr'><strong>contra</strong></span> <span class='ocrx_word' id='word_1_45' title='bbox 310 584 361 647; x_wconf 87' lang='lat' dir='ltr'><strong>est,</strong></span> <span class='ocrx_word' id='word_1_46' title='bbox 378 584 511 647; x_wconf 74' lang='lat' dir='ltr'><strong>puellm„</strong></span> <span class='ocrx_word' id='word_1_47' title='bbox 527 584 570 646; x_wconf 78' lang='lat' dir='ltr'><strong>Af,</strong></span> <span class='ocrx_word' id='word_1_48' title='bbox 585 583 654 637; x_wconf 79' lang='lat' dir='ltr'><strong>tinum</strong></span> <span class='ocrx_word' id='word_1_49' title='bbox 667 586 762 639; x_wconf 78' lang='lat' dir='ltr'><strong>Domini</strong></span> <span class='ocrx_word' id='word_1_50' title='bbox 778 598 937 650; x_wconf 73' lang='lat' dir='ltr'><strong>enumeratur</strong></span> 
     </span>
     <span class='ocr_line' id='line_1_8' title="bbox 121 653 620 720; baseline 0.006 -17"><span class='ocrx_word' id='word_1_51' title='bbox 121 653 181 708; x_wconf 87' lang='lat' dir='ltr'><strong>iuter</strong></span> <span class='ocrx_word' id='word_1_52' title='bbox 197 658 285 719; x_wconf 78' lang='lat' dir='ltr'>septem</span> <span class='ocrx_word' id='word_1_53' title='bbox 306 654 365 705; x_wconf 84' lang='lat' dir='ltr'><strong>done</strong></span> <span class='ocrx_word' id='word_1_54' title='bbox 380 654 481 720; x_wconf 87' lang='lat' dir='ltr'><strong>Spiritus</strong></span> <span class='ocrx_word' id='word_1_55' title='bbox 494 656 576 708; x_wconf 81' lang='lat' dir='ltr'><strong>saneti.</strong></span> <span class='ocrx_word' id='word_1_56' title='bbox 618 666 620 669; x_wconf 82' lang='lat'>·</span> 
     </span>
    </p>

    <p class='ocr_par' dir='ltr' id='par_1_4' title="bbox 120 726 939 936">
     <span class='ocr_line' id='line_1_9' title="bbox 156 726 936 793; baseline 0.015 -17"><span class='ocrx_word' id='word_1_57' title='bbox 156 726 315 789; x_wconf 81' lang='lat' dir='ltr'><strong>(concussio.</strong></span> <span class='ocrx_word' id='word_1_58' title='bbox 325 726 437 779; x_wconf 82' lang='lat' dir='ltr'><strong>-Timor</strong></span> <span class='ocrx_word' id='word_1_59' title='bbox 450 727 542 780; x_wconf 80' lang='lat' dir='ltr'><strong>Domini</strong></span> <span class='ocrx_word' id='word_1_60' title='bbox 552 727 594 778; x_wconf 82' lang='lat' dir='ltr'><strong>llei</strong></span> <span class='ocrx_word' id='word_1_61' title='bbox 604 731 680 780; x_wconf 80' lang='lat' dir='ltr'><strong>custus</strong></span> <span class='ocrx_word' id='word_1_62' title='bbox 697 731 733 783; x_wconf 85' lang='lat' dir='ltr'><strong>vel</strong></span> <span class='ocrx_word' id='word_1_63' title='bbox 746 731 822 783; x_wconf 77' lang='lat' dir='ltr'><strong>filialis</strong></span> <span class='ocrx_word' id='word_1_64' title='bbox 837 734 936 793; x_wconf 84' lang='lat' dir='ltr'><strong>donum</strong></span> 
     </span>
     <span class='ocr_line' id='line_1_10' title="bbox 120 798 939 872; baseline 0.012 -23"><span class='ocrx_word' id='word_1_65' title='bbox 120 800 155 849; x_wconf 85' lang='lat' dir='ltr'><strong>est</strong></span> <span class='ocrx_word' id='word_1_66' title='bbox 173 798 271 863; x_wconf 76' lang='lat' dir='ltr'><strong>Spiritus</strong></span> <span class='ocrx_word' id='word_1_67' title='bbox 285 799 372 863; x_wconf 79' lang='lat' dir='ltr'><strong>saneti,</strong></span> <span class='ocrx_word' id='word_1_68' title='bbox 388 812 433 864; x_wconf 86' lang='lat' dir='ltr'><strong>quo</strong></span> <span class='ocrx_word' id='word_1_69' title='bbox 451 813 494 851; x_wconf 92' lang='lat' dir='ltr'><strong>nos</strong></span> <span class='ocrx_word' id='word_1_70' title='bbox 512 800 642 853; x_wconf 80' lang='lat' dir='ltr'><strong>voluntarie</strong></span> <span class='ocrx_word' id='word_1_71' title='bbox 652 804 732 855; x_wconf 72' lang='lat' dir='ltr'><strong>neum</strong></span> <span class='ocrx_word' id='word_1_72' title='bbox 744 818 888 872; x_wconf 77' lang='lat' dir='ltr'><strong>reveremur,</strong></span> <span class='ocrx_word' id='word_1_73' title='bbox 908 818 939 865; x_wconf 77' lang='lat' dir='ltr'><strong>ot</strong></span> 
     </span>
     <span class='ocr_line' id='line_1_11' title="bbox 121 869 533 936; baseline 0.01 -19"><span class='ocrx_word' id='word_1_74' title='bbox 121 869 220 935; x_wconf 87' lang='lat' dir='ltr'><strong>nosipsi</strong></span> <span class='ocrx_word' id='word_1_75' title='bbox 240 870 366 922; x_wconf 81' lang='lat' dir='ltr'><strong>subducere</strong></span> <span class='ocrx_word' id='word_1_76' title='bbox 379 870 533 936; x_wconf 72' lang='lat' dir='ltr'><strong>refugimus.)</strong></span> 
     </span>
    </p>

    <p class='ocr_par' dir='ltr' id='par_1_5' title="bbox 117 942 938 2440">
     <span class='ocr_line' id='line_1_12' title="bbox 151 942 938 1021; baseline 0.017 -30"><span class='ocrx_word' id='word_1_77' title='bbox 151 942 287 1007; x_wconf 79' lang='lat' dir='ltr'><strong>Respoufeo</strong></span> <span class='ocrx_word' id='word_1_78' title='bbox 305 942 440 1008; x_wconf 71' lang='lat' dir='ltr'><strong>(lieentum,</strong></span> <span class='ocrx_word' id='word_1_79' title='bbox 455 942 516 1008; x_wconf 80' lang='lat' dir='ltr'><strong>quod</strong></span> <span class='ocrx_word' id='word_1_80' title='bbox 532 944 653 1009; x_wconf 78' lang='lat' dir='ltr'><strong>multiplex</strong></span> <span class='ocrx_word' id='word_1_81' title='bbox 666 948 701 997; x_wconf 89' lang='lat' dir='ltr'><strong>est</strong></span> <span class='ocrx_word' id='word_1_82' title='bbox 715 946 799 1013; x_wconf 88' lang='lat' dir='ltr'><strong>timor,</strong></span> <span class='ocrx_word' id='word_1_83' title='bbox 814 954 843 1001; x_wconf 90' lang='lat' dir='ltr'><strong>ut</strong></span> <span class='ocrx_word' id='word_1_84' title='bbox 859 958 938 1021; x_wconf 67' lang='lat' dir='ltr'><strong>suppl</strong></span> 
     </span>
     <span class='ocr_line' id='line_1_13' title="bbox 120 1010 938 1084; baseline 0.021 -21"><span class='ocrx_word' id='word_1_85' title='bbox 120 1010 205 1063; x_wconf 82' lang='lat' dir='ltr'><strong>dietum</strong></span> <span class='ocrx_word' id='word_1_86' title='bbox 223 1017 269 1063; x_wconf 82' lang='lat' dir='ltr'><strong>est</strong></span> <span class='ocrx_word' id='word_1_87' title='bbox 287 1014 365 1065; x_wconf 84' lang='lat' dir='ltr'><strong>Timor</strong></span> <span class='ocrx_word' id='word_1_88' title='bbox 387 1017 463 1065; x_wconf 86' lang='lat' dir='ltr'><strong>nutem</strong></span> <span class='ocrx_word' id='word_1_89' title='bbox 478 1016 606 1078; x_wconf 78' lang='lat' dir='ltr'><strong>numeneus,</strong></span> <span class='ocrx_word' id='word_1_90' title='bbox 618 1021 645 1067; x_wconf 92' lang='lat' dir='ltr'><strong>ut</strong></span> <span class='ocrx_word' id='word_1_91' title='bbox 662 1016 717 1067; x_wconf 87' lang='lat' dir='ltr'><strong>dieit</strong></span> <span class='ocrx_word' id='word_1_92' title='bbox 735 1020 881 1084; x_wconf 72' lang='lat' dir='ltr'><strong>Augustinus</strong></span> <span class='ocrx_word' id='word_1_93' title='bbox 908 1029 938 1080; x_wconf 91' lang='lat' dir='ltr'><strong>in</strong></span> 
     </span>
     <span class='ocr_line' id='line_1_14' title="bbox 120 1082 933 1166; baseline 0.02 -33"><span class='ocrx_word' id='word_1_94' title='bbox 120 1082 162 1135; x_wconf 88' lang='lat' dir='ltr'><strong>fib.</strong></span> <span class='ocrx_word' id='word_1_95' title='bbox 177 1086 214 1137; x_wconf 87' lang='lat' dir='ltr'><strong>De</strong></span> <span class='ocrx_word' id='word_1_96' title='bbox 225 1088 312 1152; x_wconf 77' lang='lat' dir='ltr'><strong>gratia</strong></span> <span class='ocrx_word' id='word_1_97' title='bbox 323 1088 349 1136; x_wconf 84' lang='lat' dir='ltr'><strong>et</strong></span> <span class='ocrx_word' id='word_1_98' title='bbox 360 1085 405 1137; x_wconf 79' lang='lat' dir='ltr'><strong>life.</strong></span> <span class='ocrx_word' id='word_1_99' title='bbox 424 1086 519 1137; x_wconf 77' lang='lat' dir='ltr'><strong>arbitr.</strong></span> <span class='ocrx_word' id='word_1_100' title='bbox 538 1089 598 1154; x_wconf 83' lang='lat' dir='ltr'><strong>(esp.</strong></span> <span class='ocrx_word' id='word_1_101' title='bbox 611 1089 662 1154; x_wconf 84' lang='lat' dir='ltr'><strong>le),</strong></span> <span class='ocrx_word' id='word_1_102' title='bbox 672 1097 765 1143; x_wconf 85' lang='lat' dir='ltr'><strong>nonest</strong></span> <span class='ocrx_word' id='word_1_103' title='bbox 774 1095 861 1148; x_wconf 83' lang='lat' dir='ltr'><strong>donum</strong></span> <span class='ocrx_word' id='word_1_104' title='bbox 871 1100 933 1166; x_wconf 79' lang='lat' dir='ltr'><strong>Dei,</strong></span> 
     </span>
     <span class='ocr_line' id='line_1_15' title="bbox 120 1156 935 1227; baseline 0.023 -22"><span class='ocrx_word' id='word_1_105' title='bbox 120 1156 166 1209; x_wconf 84' lang='lat' dir='ltr'><strong>hoe</strong></span> <span class='ocrx_word' id='word_1_106' title='bbox 177 1158 240 1209; x_wconf 89' lang='lat' dir='ltr'><strong>enim</strong></span> <span class='ocrx_word' id='word_1_107' title='bbox 253 1158 335 1208; x_wconf 90' lang='lat' dir='ltr'><strong>timore</strong></span> <span class='ocrx_word' id='word_1_108' title='bbox 347 1158 431 1210; x_wconf 85' lang='lat' dir='ltr'><strong>Petrus</strong></span> <span class='ocrx_word' id='word_1_109' title='bbox 444 1158 539 1223; x_wconf 78' lang='lat' dir='ltr'><strong>negauit</strong></span> <span class='ocrx_word' id='word_1_110' title='bbox 553 1161 687 1227; x_wconf 62' lang='lat' dir='ltr'><strong>chistum</strong></span> <span class='ocrx_word' id='word_1_111' title='bbox 703 1166 744 1216; x_wconf 84' lang='lat' dir='ltr'><strong>sed</strong></span> <span class='ocrx_word' id='word_1_112' title='bbox 761 1165 801 1218; x_wconf 90' lang='lat' dir='ltr'><strong>ille</strong></span> <span class='ocrx_word' id='word_1_113' title='bbox 814 1168 885 1222; x_wconf 89' lang='lat' dir='ltr'><strong>timor</strong></span> <span class='ocrx_word' id='word_1_114' title='bbox 900 1175 935 1227; x_wconf 86' lang='lat' dir='ltr'><strong>de</strong></span> 
     </span>
     <span class='ocr_line' id='line_1_16' title="bbox 120 1227 933 1308; baseline 0.022 -30"><span class='ocrx_word' id='word_1_115' title='bbox 120 1240 166 1293; x_wconf 85' lang='lat' dir='ltr'><strong>quo</strong></span> <span class='ocrx_word' id='word_1_116' title='bbox 183 1228 269 1279; x_wconf 89' lang='lat' dir='ltr'><strong>dietum</strong></span> <span class='ocrx_word' id='word_1_117' title='bbox 284 1230 332 1291; x_wconf 83' lang='lat' dir='ltr'><strong>est,</strong></span> <span class='ocrx_word' id='word_1_118' title='bbox 347 1243 361 1275; x_wconf 81' lang='lat' dir='ltr'><strong>u</strong></span> <span class='ocrx_word' id='word_1_119' title='bbox 375 1227 440 1279; x_wconf 89' lang='lat' dir='ltr'><strong>illum</strong></span> <span class='ocrx_word' id='word_1_120' title='bbox 453 1230 546 1294; x_wconf 86' lang='lat' dir='ltr'><strong>timete,</strong></span> <span class='ocrx_word' id='word_1_121' title='bbox 557 1233 597 1296; x_wconf 88' lang='lat' dir='ltr'><strong>qui</strong></span> <span class='ocrx_word' id='word_1_122' title='bbox 609 1236 687 1298; x_wconf 85' lang='lat' dir='ltr'><strong>potest</strong></span> <span class='ocrx_word' id='word_1_123' title='bbox 696 1235 795 1287; x_wconf 82' lang='lat' dir='ltr'><strong>enimam</strong></span> <span class='ocrx_word' id='word_1_124' title='bbox 807 1242 833 1291; x_wconf 90' lang='lat' dir='ltr'><strong>et</strong></span> <span class='ocrx_word' id='word_1_125' title='bbox 842 1255 933 1308; x_wconf 80' lang='lat' dir='ltr'><strong>eorpus</strong></span> 
     </span>
     <span class='ocr_line' id='line_1_17' title="bbox 120 1298 933 1369; baseline 0.025 -21"><span class='ocrx_word' id='word_1_126' title='bbox 120 1298 211 1349; x_wconf 86' lang='lat' dir='ltr'><strong>mittere</strong></span> <span class='ocrx_word' id='word_1_127' title='bbox 224 1298 249 1347; x_wconf 89' lang='lat' dir='ltr'><strong>in</strong></span> <span class='ocrx_word' id='word_1_128' title='bbox 264 1298 400 1361; x_wconf 81' lang='lat' dir='ltr'><strong>gehennam.</strong></span> <span class='ocrx_word' id='word_1_129' title='bbox 413 1316 428 1347; x_wconf 84' lang='lat' dir='ltr'><strong>o</strong></span> <span class='ocrx_word' id='word_1_130' title='bbox 441 1300 552 1353; x_wconf 87' lang='lat' dir='ltr'><strong>Similiter</strong></span> <span class='ocrx_word' id='word_1_131' title='bbox 565 1303 634 1354; x_wconf 86' lang='lat' dir='ltr'><strong>etium</strong></span> <span class='ocrx_word' id='word_1_132' title='bbox 644 1303 713 1357; x_wconf 86' lang='lat' dir='ltr'><strong>tinror</strong></span> <span class='ocrx_word' id='word_1_133' title='bbox 724 1309 814 1361; x_wconf 86' lang='lat' dir='ltr'><strong>seruilis</strong></span> <span class='ocrx_word' id='word_1_134' title='bbox 828 1326 876 1363; x_wconf 90' lang='lat' dir='ltr'><strong>non</strong></span> <span class='ocrx_word' id='word_1_135' title='bbox 891 1321 933 1369; x_wconf 81' lang='lat' dir='ltr'><strong>est</strong></span> 
     </span>
     <span class='ocr_line' id='line_1_18' title="bbox 121 1367 934 1451; baseline 0.025 -32"><span class='ocrx_word' id='word_1_136' title='bbox 121 1367 276 1421; x_wconf 85' lang='lat' dir='ltr'><strong>numerandus</strong></span> <span class='ocrx_word' id='word_1_137' title='bbox 288 1369 348 1423; x_wconf 89' lang='lat' dir='ltr'><strong>inter</strong></span> <span class='ocrx_word' id='word_1_138' title='bbox 360 1374 448 1435; x_wconf 81' lang='lat' dir='ltr'><strong>septem</strong></span> <span class='ocrx_word' id='word_1_139' title='bbox 459 1372 519 1425; x_wconf 85' lang='lat' dir='ltr'><strong>done</strong></span> <span class='ocrx_word' id='word_1_140' title='bbox 527 1374 626 1439; x_wconf 88' lang='lat' dir='ltr'><strong>Spiritus</strong></span> <span class='ocrx_word' id='word_1_141' title='bbox 638 1378 724 1441; x_wconf 84' lang='lat' dir='ltr'><strong>saneti,</strong></span> <span class='ocrx_word' id='word_1_142' title='bbox 736 1380 792 1431; x_wconf 88' lang='lat' dir='ltr'><strong>licet</strong></span> <span class='ocrx_word' id='word_1_143' title='bbox 801 1382 834 1434; x_wconf 91' lang='lat' dir='ltr'><strong>sit</strong></span> <span class='ocrx_word' id='word_1_144' title='bbox 846 1384 861 1435; x_wconf 86' lang='lat' dir='ltr'><strong>ir</strong></span> <span class='ocrx_word' id='word_1_145' title='bbox 874 1386 934 1451; x_wconf 90' lang='lat' dir='ltr'><strong>Spi-</strong></span> 
     </span>
     <span class='ocr_line' id='line_1_19' title="bbox 121 1440 932 1511; baseline 0.026 -22"><span class='ocrx_word' id='word_1_146' title='bbox 121 1440 168 1491; x_wconf 83' lang='lat' dir='ltr'><strong>ritu</strong></span> <span class='ocrx_word' id='word_1_147' title='bbox 186 1444 278 1505; x_wconf 82' lang='lat' dir='ltr'><strong>ssnete3</strong></span> <span class='ocrx_word' id='word_1_148' title='bbox 292 1442 346 1505; x_wconf 83' lang='lat' dir='ltr'><strong>quie</strong></span> <span class='ocrx_word' id='word_1_149' title='bbox 364 1446 390 1493; x_wconf 94' lang='lat' dir='ltr'><strong>ut</strong></span> <span class='ocrx_word' id='word_1_150' title='bbox 408 1444 548 1507; x_wconf 76' lang='lat' dir='ltr'><strong>Augustinus</strong></span> <span class='ocrx_word' id='word_1_151' title='bbox 565 1446 619 1498; x_wconf 79' lang='lat' dir='ltr'><strong>dicit</strong></span> <span class='ocrx_word' id='word_1_152' title='bbox 630 1448 655 1497; x_wconf 93' lang='lat' dir='ltr'><strong>in</strong></span> <span class='ocrx_word' id='word_1_153' title='bbox 674 1449 715 1500; x_wconf 78' lang='lat' dir='ltr'><strong>lile,</strong></span> <span class='ocrx_word' id='word_1_154' title='bbox 732 1452 771 1500; x_wconf 87' lang='lat' dir='ltr'><strong>De</strong></span> <span class='ocrx_word' id='word_1_155' title='bbox 784 1456 880 1507; x_wconf 75' lang='lat' dir='ltr'><strong>notura</strong></span> <span class='ocrx_word' id='word_1_156' title='bbox 899 1466 932 1511; x_wconf 80' lang='lat' dir='ltr'><strong>et</strong></span> 
     </span>
     <span class='ocr_line' id='line_1_20' title="bbox 120 1512 931 1591; baseline 0.023 -33"><span class='ocrx_word' id='word_1_157' title='bbox 120 1514 208 1575; x_wconf 75' lang='lat' dir='ltr'><strong>pratia</strong></span> <span class='ocrx_word' id='word_1_158' title='bbox 221 1512 287 1578; x_wconf 86' lang='lat' dir='ltr'><strong>(cup.</strong></span> <span class='ocrx_word' id='word_1_159' title='bbox 305 1516 336 1562; x_wconf 75' lang='lat' dir='ltr'><strong>tt</strong></span> <span class='ocrx_word' id='word_1_160' title='bbox 347 1515 373 1577; x_wconf 76' lang='lat' dir='ltr'><strong>l,</strong></span> <span class='ocrx_word' id='word_1_161' title='bbox 385 1517 461 1578; x_wconf 89' lang='lat' dir='ltr'><strong>potest</strong></span> <span class='ocrx_word' id='word_1_162' title='bbox 478 1515 562 1567; x_wconf 83' lang='lat' dir='ltr'><strong>hebere</strong></span> <span class='ocrx_word' id='word_1_163' title='bbox 579 1529 692 1590; x_wconf 77' lang='lat' dir='ltr'><strong>annonem</strong></span> <span class='ocrx_word' id='word_1_164' title='bbox 708 1522 845 1575; x_wconf 75' lang='lat' dir='ltr'><strong>volumtatem</strong></span> <span class='ocrx_word' id='word_1_165' title='bbox 868 1542 931 1591; x_wconf 81' lang='lat' dir='ltr'><strong>pec-</strong></span> 
     </span>
     <span class='ocr_line' id='line_1_21' title="bbox 119 1582 931 1654; baseline 0.022 -21"><span class='ocrx_word' id='word_1_166' title='bbox 119 1582 195 1634; x_wconf 82' lang='lat' dir='ltr'><strong>eenfi.</strong></span> <span class='ocrx_word' id='word_1_167' title='bbox 206 1584 270 1635; x_wconf 79' lang='lat' dir='ltr'><strong>lions</strong></span> <span class='ocrx_word' id='word_1_168' title='bbox 283 1586 359 1635; x_wconf 75' lang='lat' dir='ltr'><strong>summ</strong></span> <span class='ocrx_word' id='word_1_169' title='bbox 377 1584 475 1649; x_wconf 86' lang='lat' dir='ltr'><strong>Spiritus</strong></span> <span class='ocrx_word' id='word_1_170' title='bbox 493 1588 567 1639; x_wconf 84' lang='lat' dir='ltr'><strong>saneti</strong></span> <span class='ocrx_word' id='word_1_171' title='bbox 583 1603 630 1642; x_wconf 93' lang='lat' dir='ltr'><strong>non</strong></span> <span class='ocrx_word' id='word_1_172' title='bbox 640 1597 740 1654; x_wconf 90' lang='lat' dir='ltr'><strong>possunt</strong></span> <span class='ocrx_word' id='word_1_173' title='bbox 753 1608 803 1645; x_wconf 87' lang='lat' dir='ltr'><strong>esse</strong></span> <span class='ocrx_word' id='word_1_174' title='bbox 817 1610 871 1647; x_wconf 83' lang='lat' dir='ltr'><strong>eum</strong></span> <span class='ocrx_word' id='word_1_175' title='bbox 882 1614 931 1652; x_wconf 86' lang='lat' dir='ltr'><strong>uo-</strong></span> 
     </span>
     <span class='ocr_line' id='line_1_22' title="bbox 118 1652 932 1729; baseline 0.022 -26"><span class='ocrx_word' id='word_1_176' title='bbox 118 1652 206 1707; x_wconf 84' lang='lat' dir='ltr'><strong>luntate</strong></span> <span class='ocrx_word' id='word_1_177' title='bbox 216 1656 343 1722; x_wconf 79' lang='lat' dir='ltr'><strong>pertendi,</strong></span> <span class='ocrx_word' id='word_1_178' title='bbox 358 1656 410 1723; x_wconf 83' lang='lat' dir='ltr'><strong>puin</strong></span> <span class='ocrx_word' id='word_1_179' title='bbox 428 1670 475 1723; x_wconf 80' lang='lat' dir='ltr'><strong>pon</strong></span> <span class='ocrx_word' id='word_1_180' title='bbox 488 1663 543 1710; x_wconf 90' lang='lat' dir='ltr'><strong>sunt</strong></span> <span class='ocrx_word' id='word_1_181' title='bbox 557 1660 608 1711; x_wconf 91' lang='lat' dir='ltr'><strong>sine</strong></span> <span class='ocrx_word' id='word_1_182' title='bbox 622 1662 741 1729; x_wconf 80' lang='lat' dir='ltr'><strong>chsrifnte,</strong></span> <span class='ocrx_word' id='word_1_183' title='bbox 752 1670 777 1715; x_wconf 92' lang='lat' dir='ltr'><strong>ut</strong></span> <span class='ocrx_word' id='word_1_184' title='bbox 793 1666 881 1720; x_wconf 85' lang='lat' dir='ltr'><strong>dietum</strong></span> <span class='ocrx_word' id='word_1_185' title='bbox 891 1680 932 1727; x_wconf 84' lang='lat' dir='ltr'><strong>est</strong></span> 
     </span>
     <span class='ocr_line' id='line_1_23' title="bbox 121 1724 932 1809; baseline 0.022 -34"><span class='ocrx_word' id='word_1_186' title='bbox 121 1724 156 1791; x_wconf 83' lang='grc' dir='ltr'>(ι,</span> <span class='ocrx_word' id='word_1_187' title='bbox 167 1730 191 1791; x_wconf 78' lang='lat' dir='ltr'><strong>s,</strong></span> <span class='ocrx_word' id='word_1_188' title='bbox 204 1742 243 1791; x_wconf 83' lang='lat' dir='ltr'><strong>opu.</strong></span> <span class='ocrx_word' id='word_1_189' title='bbox 258 1732 297 1791; x_wconf 84' lang='lat'><strong>68,</strong></span> <span class='ocrx_word' id='word_1_190' title='bbox 308 1730 350 1778; x_wconf 82' lang='lat' dir='ltr'><strong>ert.</strong></span> <span class='ocrx_word' id='word_1_191' title='bbox 367 1729 401 1791; x_wconf 81' lang='lat'><strong>5).</strong></span> <span class='ocrx_word' id='word_1_192' title='bbox 417 1728 482 1780; x_wconf 89' lang='lat' dir='ltr'><strong>Unde</strong></span> <span class='ocrx_word' id='word_1_193' title='bbox 501 1730 653 1795; x_wconf 86' lang='lat' dir='ltr'><strong>relinquitur,</strong></span> <span class='ocrx_word' id='word_1_194' title='bbox 668 1736 729 1798; x_wconf 87' lang='lat' dir='ltr'><strong>quod</strong></span> <span class='ocrx_word' id='word_1_195' title='bbox 748 1735 816 1800; x_wconf 87' lang='lat' dir='ltr'><strong>timor</strong></span> <span class='ocrx_word' id='word_1_196' title='bbox 828 1740 873 1792; x_wconf 81' lang='lat' dir='ltr'><strong>liei</strong></span> <span class='ocrx_word' id='word_1_197' title='bbox 886 1747 932 1809; x_wconf 80' lang='lat' dir='ltr'><strong>qui</strong></span> 
     </span>
     <span class='ocr_line' id='line_1_24' title="bbox 119 1800 929 1882; baseline 0.023 -35"><span class='ocrx_word' id='word_1_198' title='bbox 119 1803 253 1851; x_wconf 82' lang='lat' dir='ltr'><strong>numeretur</strong></span> <span class='ocrx_word' id='word_1_199' title='bbox 265 1800 325 1850; x_wconf 92' lang='lat' dir='ltr'><strong>inter</strong></span> <span class='ocrx_word' id='word_1_200' title='bbox 336 1803 423 1865; x_wconf 88' lang='lat' dir='ltr'><strong>septem</strong></span> <span class='ocrx_word' id='word_1_201' title='bbox 433 1800 493 1851; x_wconf 83' lang='lat' dir='ltr'><strong>done</strong></span> <span class='ocrx_word' id='word_1_202' title='bbox 502 1801 603 1866; x_wconf 86' lang='lat' dir='ltr'><strong>Spiritus</strong></span> <span class='ocrx_word' id='word_1_203' title='bbox 614 1805 702 1869; x_wconf 79' lang='lat' dir='ltr'><strong>sancti,</strong></span> <span class='ocrx_word' id='word_1_204' title='bbox 715 1810 749 1857; x_wconf 88' lang='lat' dir='ltr'><strong>est</strong></span> <span class='ocrx_word' id='word_1_205' title='bbox 757 1808 826 1861; x_wconf 87' lang='lat' dir='ltr'><strong>timor</strong></span> <span class='ocrx_word' id='word_1_206' title='bbox 839 1813 929 1882; x_wconf 80' lang='lat' dir='ltr'><strong>filialis,</strong></span> 
     </span>
     <span class='ocr_line' id='line_1_25' title="bbox 120 1868 931 1943; baseline 0.026 -24"><span class='ocrx_word' id='word_1_207' title='bbox 120 1868 170 1921; x_wconf 82' lang='lat' dir='ltr'><strong>siue</strong></span> <span class='ocrx_word' id='word_1_208' title='bbox 180 1872 263 1921; x_wconf 85' lang='lat' dir='ltr'><strong>eastus.</strong></span> <span class='ocrx_word' id='word_1_209' title='bbox 276 1870 368 1921; x_wconf 81' lang='lat' dir='ltr'><strong>Dictum</strong></span> <span class='ocrx_word' id='word_1_210' title='bbox 382 1874 417 1923; x_wconf 84' lang='lat' dir='ltr'><strong>est</strong></span> <span class='ocrx_word' id='word_1_211' title='bbox 430 1871 493 1921; x_wconf 85' lang='lat' dir='ltr'><strong>eninr</strong></span> <span class='ocrx_word' id='word_1_212' title='bbox 509 1874 578 1939; x_wconf 80' lang='lat' dir='ltr'><strong>suprir</strong></span> <span class='ocrx_word' id='word_1_213' title='bbox 592 1875 635 1940; x_wconf 83' lang='lat'><strong>(1,</strong></span> <span class='ocrx_word' id='word_1_214' title='bbox 650 1881 676 1938; x_wconf 76' lang='lat'><strong>2,</strong></span> <span class='ocrx_word' id='word_1_215' title='bbox 689 1891 730 1941; x_wconf 84' lang='lat' dir='ltr'><strong>qu.</strong></span> <span class='ocrx_word' id='word_1_216' title='bbox 751 1884 797 1943; x_wconf 80' lang='lat'><strong>68,</strong></span> <span class='ocrx_word' id='word_1_217' title='bbox 812 1888 858 1935; x_wconf 87' lang='lat' dir='ltr'><strong>ant.</strong></span> <span class='ocrx_word' id='word_1_218' title='bbox 873 1890 887 1936; x_wconf 86' lang='lat'><strong>1</strong></span> <span class='ocrx_word' id='word_1_219' title='bbox 901 1893 931 1940; x_wconf 87' lang='lat' dir='ltr'><strong>et</strong></span> 
     </span>
     <span class='ocr_line' id='line_1_26' title="bbox 121 1940 929 2022; baseline 0.016 -35"><span class='ocrx_word' id='word_1_220' title='bbox 121 1940 155 2002; x_wconf 69' lang='grc' dir='ltr'><strong>Ξ)</strong></span> <span class='ocrx_word' id='word_1_221' title='bbox 163 1977 173 2003; x_wconf 85' lang='grc'><strong><em>,</em></strong></span> <span class='ocrx_word' id='word_1_222' title='bbox 184 1940 244 2003; x_wconf 83' lang='lat' dir='ltr'><strong>qued</strong></span> <span class='ocrx_word' id='word_1_223' title='bbox 258 1941 317 1992; x_wconf 80' lang='lat' dir='ltr'><strong>dona</strong></span> <span class='ocrx_word' id='word_1_224' title='bbox 328 1940 424 2007; x_wconf 88' lang='lat' dir='ltr'><strong>Spiritus</strong></span> <span class='ocrx_word' id='word_1_225' title='bbox 444 1944 517 1994; x_wconf 82' lang='lat' dir='ltr'><strong>saneti</strong></span> <span class='ocrx_word' id='word_1_226' title='bbox 532 1948 587 1996; x_wconf 89' lang='lat' dir='ltr'><strong>sunt</strong></span> <span class='ocrx_word' id='word_1_227' title='bbox 606 1948 710 2012; x_wconf 79' lang='lat' dir='ltr'><strong>quedam</strong></span> <span class='ocrx_word' id='word_1_228' title='bbox 722 1950 852 2005; x_wconf 76' lang='lat' dir='ltr'><strong>notitiales</strong></span> <span class='ocrx_word' id='word_1_229' title='bbox 871 1972 929 2022; x_wconf 90' lang='lat' dir='ltr'><strong>per.</strong></span> 
     </span>
     <span class='ocr_line' id='line_1_27' title="bbox 119 2010 927 2084; baseline 0.028 -23"><span class='ocrx_word' id='word_1_230' title='bbox 119 2010 230 2065; x_wconf 84' lang='lat' dir='ltr'><strong>lectiones</strong></span> <span class='ocrx_word' id='word_1_231' title='bbox 245 2014 396 2077; x_wconf 82' lang='lat' dir='ltr'><strong>potentiarum</strong></span> <span class='ocrx_word' id='word_1_232' title='bbox 412 2014 507 2081; x_wconf 80' lang='lat' dir='ltr'><strong>anime,</strong></span> <span class='ocrx_word' id='word_1_233' title='bbox 517 2018 600 2081; x_wconf 80' lang='lat' dir='ltr'><strong>quinus</strong></span> <span class='ocrx_word' id='word_1_234' title='bbox 612 2020 738 2073; x_wconf 86' lang='lat' dir='ltr'><strong>redduntur</strong></span> <span class='ocrx_word' id='word_1_235' title='bbox 751 2022 810 2076; x_wconf 74' lang='lat' dir='ltr'><strong>luent</strong></span> <span class='ocrx_word' id='word_1_236' title='bbox 826 2030 927 2084; x_wconf 87' lang='lat' dir='ltr'><strong>mobiles</strong></span> 
     </span>
     <span class='ocr_line' id='line_1_28' title="bbox 120 2080 928 2167; baseline 0.022 -35"><span class='ocrx_word' id='word_1_237' title='bbox 120 2080 230 2145; x_wconf 73' lang='lat' dir='ltr'><strong>iSpiritu</strong></span> <span class='ocrx_word' id='word_1_238' title='bbox 245 2086 324 2135; x_wconf 81' lang='lat' dir='ltr'><strong>saneto</strong></span> <span class='ocrx_word' id='word_1_239' title='bbox 340 2085 418 2137; x_wconf 87' lang='lat' dir='ltr'><strong>:siout</strong></span> <span class='ocrx_word' id='word_1_240' title='bbox 432 2087 554 2140; x_wconf 83' lang='lat' dir='ltr'><strong>virtutibus</strong></span> <span class='ocrx_word' id='word_1_241' title='bbox 566 2091 689 2154; x_wconf 76' lang='lat' dir='ltr'><strong>moralibus</strong></span> <span class='ocrx_word' id='word_1_242' title='bbox 702 2096 814 2159; x_wconf 80' lang='lat' dir='ltr'><strong>pmentiae</strong></span> <span class='ocrx_word' id='word_1_243' title='bbox 830 2104 928 2167; x_wconf 79' lang='lat' dir='ltr'><strong>oppeti-</strong></span> 
     </span>
     <span class='ocr_line' id='line_1_29' title="bbox 118 2152 927 2238; baseline 0.035 -38"><span class='ocrx_word' id='word_1_244' title='bbox 118 2152 172 2205; x_wconf 81' lang='lat' dir='ltr'><strong>tivae</strong></span> <span class='ocrx_word' id='word_1_245' title='bbox 189 2153 311 2205; x_wconf 85' lang='lat' dir='ltr'><strong>redduntur</strong></span> <span class='ocrx_word' id='word_1_246' title='bbox 330 2156 388 2208; x_wconf 85' lang='lat' dir='ltr'><strong>bene</strong></span> <span class='ocrx_word' id='word_1_247' title='bbox 403 2159 526 2211; x_wconf 71' lang='lat' dir='ltr'><strong>nobilest</strong></span> <span class='ocrx_word' id='word_1_248' title='bbox 543 2164 640 2214; x_wconf 82' lang='lat' dir='ltr'><strong>ratione.</strong></span> <span class='ocrx_word' id='word_1_249' title='bbox 659 2165 693 2215; x_wconf 84' lang='lat' dir='ltr'><strong>Ae</strong></span> <span class='ocrx_word' id='word_1_250' title='bbox 707 2166 753 2217; x_wconf 86' lang='lat' dir='ltr'><strong>hoe</strong></span> <span class='ocrx_word' id='word_1_251' title='bbox 768 2172 846 2221; x_wconf 73' lang='lat' dir='ltr'><strong>numm</strong></span> <span class='ocrx_word' id='word_1_252' title='bbox 862 2178 927 2238; x_wconf 88' lang='lat' dir='ltr'><strong>quod</strong></span> 
     </span>
     <span class='ocr_line' id='line_1_30' title="bbox 117 2222 926 2308; baseline 0.03 -35"><span class='ocrx_word' id='word_1_253' title='bbox 117 2222 202 2289; x_wconf 83' lang='lat' dir='ltr'><strong>aliquid</strong></span> <span class='ocrx_word' id='word_1_254' title='bbox 215 2224 246 2275; x_wconf 88' lang='lat' dir='ltr'><strong>sit</strong></span> <span class='ocrx_word' id='word_1_255' title='bbox 263 2226 322 2279; x_wconf 85' lang='lat' dir='ltr'><strong>hene</strong></span> <span class='ocrx_word' id='word_1_256' title='bbox 338 2229 419 2280; x_wconf 87' lang='lat' dir='ltr'><strong>mobile</strong></span> <span class='ocrx_word' id='word_1_257' title='bbox 434 2230 462 2281; x_wconf 82' lang='lat' dir='ltr'><strong>eh</strong></span> <span class='ocrx_word' id='word_1_258' title='bbox 480 2231 557 2295; x_wconf 83' lang='lat' dir='ltr'><strong>aliquo</strong></span> <span class='ocrx_word' id='word_1_259' title='bbox 573 2237 694 2300; x_wconf 82' lang='lat' dir='ltr'><strong>mouente,</strong></span> <span class='ocrx_word' id='word_1_260' title='bbox 712 2238 785 2301; x_wconf 81' lang='lat' dir='ltr'><strong>primo</strong></span> <span class='ocrx_word' id='word_1_261' title='bbox 799 2243 926 2308; x_wconf 89' lang='lat' dir='ltr'><strong>requiritur</strong></span> 
     </span>
     <span class='ocr_line' id='line_1_31' title="bbox 117 2295 925 2377; baseline 0.033 -35"><span class='ocrx_word' id='word_1_262' title='bbox 117 2296 143 2343; x_wconf 90' lang='lat' dir='ltr'><strong>ut</strong></span> <span class='ocrx_word' id='word_1_263' title='bbox 157 2295 188 2345; x_wconf 89' lang='lat' dir='ltr'><strong>sit</strong></span> <span class='ocrx_word' id='word_1_264' title='bbox 201 2296 223 2347; x_wconf 90' lang='lat' dir='ltr'><strong>ei</strong></span> <span class='ocrx_word' id='word_1_265' title='bbox 236 2297 380 2363; x_wconf 80' lang='lat' dir='ltr'><strong>subjeetum,</strong></span> <span class='ocrx_word' id='word_1_266' title='bbox 399 2314 446 2367; x_wconf 84' lang='lat' dir='ltr'><strong>nep</strong></span> <span class='ocrx_word' id='word_1_267' title='bbox 466 2316 614 2370; x_wconf 81' lang='lat' dir='ltr'><strong>repugnans3</strong></span> <span class='ocrx_word' id='word_1_268' title='bbox 630 2308 685 2371; x_wconf 79' lang='lat' dir='ltr'><strong>quia</strong></span> <span class='ocrx_word' id='word_1_269' title='bbox 700 2324 714 2357; x_wconf 79' lang='grc' dir='ltr'>(ι</span> <span class='ocrx_word' id='word_1_270' title='bbox 724 2322 753 2361; x_wconf 83' lang='lat' dir='ltr'><strong>en</strong></span> <span class='ocrx_word' id='word_1_271' title='bbox 770 2317 925 2377; x_wconf 79' lang='lat' dir='ltr'><strong>repugnantis</strong></span> 
     </span>
     <span class='ocr_line' id='line_1_32' title="bbox 117 2364 926 2440; baseline 0.033 -27"><span class='ocrx_word' id='word_1_272' title='bbox 117 2364 208 2417; x_wconf 86' lang='lat' dir='ltr'><strong>mobilis</strong></span> <span class='ocrx_word' id='word_1_273' title='bbox 222 2368 249 2418; x_wconf 86' lang='lat' dir='ltr'><strong>ed</strong></span> <span class='ocrx_word' id='word_1_274' title='bbox 261 2370 369 2433; x_wconf 83' lang='lat' dir='ltr'><strong>movens,</strong></span> <span class='ocrx_word' id='word_1_275' title='bbox 381 2372 505 2437; x_wconf 82' lang='lat' dir='ltr'><strong>impeditur</strong></span> <span class='ocrx_word' id='word_1_276' title='bbox 515 2379 599 2428; x_wconf 86' lang='lat' dir='ltr'><strong>motus.</strong></span> <span class='ocrx_word' id='word_1_277' title='bbox 609 2394 624 2425; x_wconf 83' lang='lat' dir='ltr'><strong>r&gt;</strong></span> <span class='ocrx_word' id='word_1_278' title='bbox 636 2378 685 2430; x_wconf 81' lang='lat' dir='ltr'><strong>Hor</strong></span> <span class='ocrx_word' id='word_1_279' title='bbox 694 2383 771 2432; x_wconf 86' lang='lat' dir='ltr'><strong>sutem</strong></span> <span class='ocrx_word' id='word_1_280' title='bbox 784 2383 842 2435; x_wconf 82' lang='lat' dir='ltr'><strong>feeit</strong></span> <span class='ocrx_word' id='word_1_281' title='bbox 854 2386 926 2440; x_wconf 86' lang='lat' dir='ltr'><strong>timor</strong></span> 
     </span>
    </p>
   </div>
   <div class='ocr_carea' id='block_1_3' title="bbox 114 2435 926 2948">
    <p class='ocr_par' dir='ltr' id='par_1_6' title="bbox 114 2435 926 2782">
     <span class='ocr_line' id='line_1_33' title="bbox 116 2435 926 2524; baseline 0.035 -40"><span class='ocrx_word' id='word_1_282' title='bbox 116 2435 192 2487; x_wconf 83' lang='lat' dir='ltr'><strong>filiolis</strong></span> <span class='ocrx_word' id='word_1_283' title='bbox 206 2440 230 2489; x_wconf 89' lang='lat' dir='ltr'><strong>et</strong></span> <span class='ocrx_word' id='word_1_284' title='bbox 243 2441 332 2502; x_wconf 81' lang='lat' dir='ltr'><strong>cestus,</strong></span> <span class='ocrx_word' id='word_1_285' title='bbox 347 2442 496 2506; x_wconf 84' lang='lat' dir='ltr'><strong>inquantum</strong></span> <span class='ocrx_word' id='word_1_286' title='bbox 509 2459 551 2511; x_wconf 91' lang='lat' dir='ltr'><strong>per</strong></span> <span class='ocrx_word' id='word_1_287' title='bbox 566 2448 643 2511; x_wconf 87' lang='lat' dir='ltr'><strong>ipsum</strong></span> <span class='ocrx_word' id='word_1_288' title='bbox 658 2449 730 2502; x_wconf 86' lang='lat' dir='ltr'><strong>Deum</strong></span> <span class='ocrx_word' id='word_1_289' title='bbox 748 2467 889 2524; x_wconf 87' lang='lat' dir='ltr'><strong>reveremur,</strong></span> <span class='ocrx_word' id='word_1_290' title='bbox 900 2464 926 2511; x_wconf 91' lang='lat' dir='ltr'><strong>et</strong></span> 
     </span>
     <span class='ocr_line' id='line_1_34' title="bbox 115 2507 924 2594; baseline 0.031 -38"><span class='ocrx_word' id='word_1_291' title='bbox 115 2507 241 2571; x_wconf 88' lang='lat' dir='ltr'><strong>refugimus</strong></span> <span class='ocrx_word' id='word_1_292' title='bbox 259 2511 356 2577; x_wconf 87' lang='lat' dir='ltr'><strong>nosipsi</strong></span> <span class='ocrx_word' id='word_1_293' title='bbox 372 2516 507 2569; x_wconf 81' lang='lat' dir='ltr'><strong>subducere.</strong></span> <span class='ocrx_word' id='word_1_294' title='bbox 525 2518 554 2567; x_wconf 86' lang='lat' dir='ltr'><strong>llt</strong></span> <span class='ocrx_word' id='word_1_295' title='bbox 563 2519 615 2571; x_wconf 85' lang='lat' dir='ltr'><strong>ideo</strong></span> <span class='ocrx_word' id='word_1_296' title='bbox 628 2520 696 2573; x_wconf 89' lang='lat' dir='ltr'><strong>timor</strong></span> <span class='ocrx_word' id='word_1_297' title='bbox 706 2522 781 2575; x_wconf 79' lang='lat' dir='ltr'><strong>filialis</strong></span> <span class='ocrx_word' id='word_1_298' title='bbox 795 2529 863 2591; x_wconf 84' lang='lat' dir='ltr'><strong>qussi</strong></span> <span class='ocrx_word' id='word_1_299' title='bbox 876 2531 924 2594; x_wconf 86' lang='lat' dir='ltr'><strong>pri-</strong></span> 
     </span>
     <span class='ocr_line' id='line_1_35' title="bbox 116 2580 920 2666; baseline 0.032 -38"><span class='ocrx_word' id='word_1_300' title='bbox 116 2592 179 2629; x_wconf 89' lang='lat' dir='ltr'><strong>mum</strong></span> <span class='ocrx_word' id='word_1_301' title='bbox 198 2580 274 2632; x_wconf 81' lang='lat' dir='ltr'><strong>losum</strong></span> <span class='ocrx_word' id='word_1_302' title='bbox 294 2586 359 2638; x_wconf 85' lang='lat' dir='ltr'><strong>tenet</strong></span> <span class='ocrx_word' id='word_1_303' title='bbox 380 2588 539 2653; x_wconf 79' lang='lat' dir='ltr'><strong>ascendendo,</strong></span> <span class='ocrx_word' id='word_1_304' title='bbox 554 2590 614 2643; x_wconf 89' lang='lat' dir='ltr'><strong>inter</strong></span> <span class='ocrx_word' id='word_1_305' title='bbox 632 2594 694 2645; x_wconf 80' lang='lat' dir='ltr'><strong>nonu</strong></span> <span class='ocrx_word' id='word_1_306' title='bbox 714 2595 920 2666; x_wconf 71' lang='lat' dir='ltr'><strong>spiritissimus,</strong></span> 
     </span>
     <span class='ocr_line' id='line_1_36' title="bbox 114 2648 920 2730; baseline 0.025 -25"><span class='ocrx_word' id='word_1_307' title='bbox 114 2648 221 2705; x_wconf 79' lang='lat' dir='ltr'><strong>¹ultionum</strong></span> <span class='ocrx_word' id='word_1_308' title='bbox 237 2656 313 2705; x_wconf 83' lang='lat' dir='ltr'><strong>sutem</strong></span> <span class='ocrx_word' id='word_1_309' title='bbox 334 2656 508 2726; x_wconf 82' lang='lat' dir='ltr'><strong>descendendo,</strong></span> <span class='ocrx_word' id='word_1_310' title='bbox 525 2662 587 2714; x_wconf 83' lang='lat' dir='ltr'><strong>sieut</strong></span> <span class='ocrx_word' id='word_1_311' title='bbox 607 2665 748 2730; x_wconf 71' lang='lat' dir='ltr'><strong>Augustinus</strong></span> <span class='ocrx_word' id='word_1_312' title='bbox 764 2665 858 2723; x_wconf 86' lang='lat' dir='ltr'><strong>dieitin</strong></span> <span class='ocrx_word' id='word_1_313' title='bbox 877 2673 920 2725; x_wconf 82' lang='lat' dir='ltr'><strong>lib.</strong></span> 
     </span>
     <span class='ocr_line' id='line_1_37' title="bbox 117 2725 530 2782; baseline 0.034 -14"><span class='ocrx_word' id='word_1_314' title='bbox 117 2725 272 2775; x_wconf 78' lang='lat' dir='ltr'><strong>nesermooe</strong></span> <span class='ocrx_word' id='word_1_315' title='bbox 282 2730 385 2777; x_wconf 80' lang='lat' dir='ltr'><strong>Domini</strong></span> <span class='ocrx_word' id='word_1_316' title='bbox 397 2730 424 2779; x_wconf 80' lang='lat' dir='ltr'><strong>in</strong></span> <span class='ocrx_word' id='word_1_317' title='bbox 438 2735 530 2782; x_wconf 78' lang='lat' dir='ltr'><strong>monte.</strong></span> 
     </span>
    </p>

    <p class='ocr_par' dir='ltr' id='par_1_7' title="bbox 117 2792 919 2948">
     <span class='ocr_line' id='line_1_38' title="bbox 148 2792 919 2871; baseline 0.036 -29"><span class='ocrx_word' id='word_1_318' title='bbox 148 2792 181 2843; x_wconf 82' lang='lat' dir='ltr'><strong>Ant</strong></span> <span class='ocrx_word' id='word_1_319' title='bbox 198 2796 297 2859; x_wconf 82' lang='lat' dir='ltr'><strong>primurn</strong></span> <span class='ocrx_word' id='word_1_320' title='bbox 312 2812 367 2863; x_wconf 85' lang='lat' dir='ltr'><strong>ergo</strong></span> <span class='ocrx_word' id='word_1_321' title='bbox 381 2799 514 2867; x_wconf 74' lang='lat' dir='ltr'><strong>(lieentum,</strong></span> <span class='ocrx_word' id='word_1_322' title='bbox 527 2806 588 2871; x_wconf 78' lang='lat' dir='ltr'><strong>pull</strong></span> <span class='ocrx_word' id='word_1_323' title='bbox 596 2808 664 2861; x_wconf 88' lang='lat' dir='ltr'><strong>timor</strong></span> <span class='ocrx_word' id='word_1_324' title='bbox 676 2810 751 2863; x_wconf 81' lang='lat' dir='ltr'><strong>filiolis</strong></span> <span class='ocrx_word' id='word_1_325' title='bbox 762 2825 810 2865; x_wconf 92' lang='lat' dir='ltr'><strong>non</strong></span> <span class='ocrx_word' id='word_1_326' title='bbox 828 2821 919 2870; x_wconf 75' lang='lat' dir='ltr'><strong>neuun·</strong></span> 
     </span>
     <span class='ocr_line' id='line_1_39' title="bbox 117 2861 918 2948; baseline 0.04 -35"><span class='ocrx_word' id='word_1_327' title='bbox 117 2861 188 2915; x_wconf 88' lang='lat' dir='ltr'><strong>rietur</strong></span> <span class='ocrx_word' id='word_1_328' title='bbox 200 2865 279 2919; x_wconf 87' lang='lat' dir='ltr'><strong>virtuti</strong></span> <span class='ocrx_word' id='word_1_329' title='bbox 289 2870 347 2935; x_wconf 80' lang='lat' dir='ltr'><strong>spei,</strong></span> <span class='ocrx_word' id='word_1_330' title='bbox 358 2871 409 2925; x_wconf 88' lang='lat' dir='ltr'><strong>Non</strong></span> <span class='ocrx_word' id='word_1_331' title='bbox 423 2874 483 2926; x_wconf 88' lang='lat' dir='ltr'><strong>enim</strong></span> <span class='ocrx_word' id='word_1_332' title='bbox 496 2889 538 2943; x_wconf 88' lang='lat' dir='ltr'><strong>per</strong></span> <span class='ocrx_word' id='word_1_333' title='bbox 547 2878 652 2933; x_wconf 90' lang='lat' dir='ltr'><strong>timorem</strong></span> <span class='ocrx_word' id='word_1_334' title='bbox 663 2882 756 2946; x_wconf 69' lang='lat' dir='ltr'><strong>inlinens</strong></span> <span class='ocrx_word' id='word_1_335' title='bbox 768 2886 918 2948; x_wconf 82' lang='lat' dir='ltr'><strong>tmenmue</strong></span> 
     </span>
    </p>
   </div>
   <div class='ocr_carea' id='block_1_4' title="bbox 0 0 1000 3317">
    <p class='ocr_par' dir='ltr' id='par_1_8' title="bbox 0 0 1000 3317">
     <span class='ocr_line' id='line_1_40' title="bbox 0 0 1000 3317; baseline 0 2"><span class='ocrx_word' id='word_1_336' title='bbox 0 0 1000 3317; x_wconf 95' lang='lat' dir='ltr'><strong> </strong></span> 
     </span>
    </p>
   </div>
  </div>
 </body>
</html>
