1992 3317
303 190 337 228 nn
350 189 607 231 rrsnrrnsnvrsrnrn.
811 184 854 234 tar

48 270 90 319 Sed
109 270 155 319 iroe
168 280 218 319 non
232 268 328 318 m'detur
338 280 389 319 esse
401 268 553 332 conveniens,
569 269 630 333 pund
644 270 715 334 pratia
734 270 857 323 adveniens

48 341 131 391 homini
142 341 239 404 aliquod
253 340 295 389 iiei
313 340 400 390 donum
414 340 535 405 excludat3
550 355 622 405 neque
636 340 718 407 etiam,
735 344 796 407 quod
809 342 855 393 ali-

46 414 104 475 quod
113 413 154 463 ftei
167 413 256 462 donum
267 411 358 461 homini
369 410 504 462 infundatur
514 417 604 478 proptor
617 417 735 478 peccatum
747 415 850 466 mortale.

46 488 73 534 Et
88 485 141 535 ideo
152 483 192 533 aiii
203 482 316 533 dixerunt
326 521 333 546 ‚
343 484 407 545 quod
424 487 478 533 eunt
488 484 578 547 quidem
594 484 680 536 diversi
694 486 787 537 inanitus
798 488 857 538 fidei

47 560 146 607 tenuate
156 555 316 617 etinformis‚
330 556 372 606 sed
382 559 463 605 tamen
478 556 614 607 adveniente
627 558 670 608 fide
686 559 796 623 formata,
808 572 854 611 nnn

48 629 131 678 totlitur
139 627 236 677 habitus
249 626 305 677 fidei
317 625 441 689 informis3
453 627 493 677 eod
505 627 571 677 simui
581 631 660 679 manet
668 629 693 678 in
707 631 786 680 eodem
800 642 853 681 cum

48 700 123 749 habitu
142 698 198 749 fidei
217 700 335 749 formatae.
351 699 399 749 Sed
415 700 462 749 hoc
479 698 547 749 ctiam
566 700 657 751 videtur
676 714 727 753 esee
746 701 853 753 inconve-
927 752 931 761 ,

45 772 119 833 mens,
133 771 196 833 quod
205 770 302 819 habmus
314 769 369 819 fidei
379 768 487 820 informis
495 770 519 819 in
531 770 628 822 habente
644 772 710 822 fidem
720 771 849 833 formatam,

44 845 160 893 remaneat
178 840 277 891 otiosus.
300 841 330 891 Et
350 840 404 892 ideo
422 841 488 892 aliter
508 842 648 905 dicendum,
667 843 727 906 quod
744 844 804 895 idem
817 846 854 895 est

44 914 136 963 habitum
147 912 205 963 fidei
213 913 321 963 formatae
333 916 359 962 et
369 912 483 962 informis.
494 913 567 976 Cujus
578 913 635 963 ratio
646 917 690 977 est,
700 914 753 977 quia
762 914 854 965 habitus

44 984 212 1034 dirersitieatur
219 983 349 1035 amandum
362 983 420 1033 iliud
435 984 547 1047 quodper
558 998 583 1035 se
594 986 622 1035 ad
634 985 736 1035 habitum
747 986 852 1049 pertinet.

46 1057 106 1105 Cum
114 1057 192 1107 antem
203 1055 260 1105 fides
271 1054 304 1104 sit
317 1055 431 1119 perfectio
441 1056 582 1119 intellectus,
595 1056 650 1106 ilirrd
662 1068 702 1119 per
712 1068 736 1105 se
747 1058 775 1106 nd
787 1057 854 1107 iidem

42 1127 159 1191 pertinet,
172 1128 235 1191 qnod
250 1126 355 1191 pertinet
370 1127 400 1176 ad
417 1126 567 1177 intellectum.
582 1128 647 1188 Quod
664 1131 740 1178 antem
756 1126 855 1191 pertinet

41 1202 68 1249 ad
85 1199 251 1261 voluntatem,
269 1210 319 1247 non
336 1211 379 1261 per
398 1210 424 1248 se
441 1198 540 1262 pertinet
554 1200 581 1249 ad
600 1200 681 1261 fidem,
695 1199 727 1248 ita
741 1198 801 1263 qnod
815 1211 855 1261 per

42 1275 84 1321 iroc
104 1271 160 1323 fidei
180 1270 277 1321 habitus
301 1269 378 1333 possit
392 1270 548 1321 diversificari.
567 1270 686 1321 distinctio
708 1274 784 1321 autem
802 1270 855 1320 fidei

45 1345 144 1394 formate
155 1348 181 1393 et
195 1341 306 1394 informis
320 1345 355 1393 est
368 1340 494 1391 secundnm
513 1341 535 1391 id
549 1344 609 1405 quod
622 1342 720 1407 pertinet
733 1341 762 1393 ad
775 1342 854 1391 volun·

48 1419 134 1476 tatem,
148 1414 172 1465 id
195 1417 233 1464 εει
255 1412 384 1463 secundnm
402 1410 549 1475 choniatem3
567 1424 612 1463 non
632 1415 708 1463 antem
729 1414 854 1463 secuudum

47 1485 101 1535 itiud
113 1487 172 1551 quod
191 1485 298 1551 pertinet
312 1485 340 1533 ad
353 1483 504 1534 intellectum.
522 1484 585 1534 Unde
597 1484 653 1535 fides
666 1484 762 1551 formata
775 1487 799 1535 et
815 1484 853 1535 in-

45 1556 122 1608 formis
136 1572 185 1608 non
201 1559 259 1607 sunt
270 1554 357 1606 diversi
374 1553 475 1604 habitus.

74 1630 107 1679 ,to
120 1629 225 1693 prinmm
240 1640 297 1690 ergo
311 1625 447 1688 dicendum,
462 1624 522 1689 quod
537 1626 631 1679 uerbum
648 1626 750 1691 Apostoli
770 1630 806 1678 εει
818 1628 855 1677 iu-

44 1701 193 1765 elligendum
202 1699 298 1763 quatmo
309 1697 453 1762 imperiectio
465 1702 500 1747 est
509 1699 536 1749 de
549 1699 637 1749 ratione
645 1698 782 1762 imperfecti.
792 1700 856 1749 Tune

43 1774 102 1823 enim
117 1774 215 1838 oportet
228 1771 291 1835 qnod
309 1770 448 1821 adveniente
469 1770 586 1833 perfecto,
608 1769 762 1833 imperfectum
778 1770 856 1821 erctu-

45 1845 123 1907 datur‚
138 1844 205 1894 sicut
224 1841 363 1892 adveniente
385 1844 465 1905 aperta
486 1841 576 1891 visione
591 1840 717 1891 excinditur
736 1838 806 1904 tides,
826 1842 854 1893 de

45 1918 106 1978 cujus
116 1916 212 1965 ratione
222 1916 260 1964 est
275 1918 298 1963 ut
310 1913 400 1963 sitnon
412 1914 600 1977 apparentiam.
612 1910 656 1963 Sed
672 1912 761 1975 quaudo
771 1912 855 1977 imper-

44 1988 108 2038 iectio
126 2000 178 2037 non
193 1990 231 2036 est
250 1986 279 2035 de
296 1985 386 2035 ratione
400 1984 434 2033 rei
449 1983 601 2048 imperfecta,
618 1988 673 2035 tnnc
692 1984 746 2035 iliud
760 1998 854 2037 onmem

44 2061 101 2109 idem
121 2060 187 2124 qnod
205 2060 257 2109 erat
280 2056 458 2121 imperfectum,
476 2056 502 2105 fii
520 2055 644 2121 perfeetum
663 2072 668 2105 :
684 2056 741 2106 sicut
758 2056 854 2120 pueritie

46 2145 89 2180 non
106 2134 142 2181 εει
156 2130 186 2180 (ιε
204 2128 296 2179 ratione
313 2126 428 2190 hominis,
444 2129 468 2175 et
485 2127 535 2177 ideo
554 2140 649 2177 numero
670 2126 709 2190 qui
726 2130 774 2177 erat
788 2142 853 2192 puer,

45 2205 67 2252 m
79 2204 124 2253 vir.
140 2202 283 2253 informitas
294 2202 371 2249 autem
386 2197 440 2249 fidei
450 2211 497 2249 non
513 2202 549 2249 est
562 2200 589 2249 de
610 2198 696 2249 ratione
714 2199 852 2263 imperfectae

46 2275 103 2337 ιἰιεί,
118 2274 161 2325 sed
171 2286 218 2336 per
232 2270 340 2321 accidens
348 2284 375 2321 se
385 2270 457 2321 habet
470 2271 497 2320 ad
510 2270 592 2335 ipsam,
602 2274 629 2321 ut
640 2270 724 2321 dietum
736 2273 779 2321 ost.
791 2272 854 2322 Unde

47 2347 118 2410 ipsam
126 2352 151 2397 et
169 2346 231 2395 fides
246 2341 355 2393 informis
370 2341 512 2391 ittformata

77 2417 257 2468 temnendum
278 2414 415 2474 dicendum,
427 2411 487 2477 quod
506 2413 560 2464 iilud
574 2413 633 2477 qnod
652 2412 706 2463 facit
721 2411 790 2463 vitam
805 2413 855 2465 ani·

49 2490 126 2553 rnatu,
137 2493 174 2540 est
188 2489 222 2540 de¹
233 2486 324 2537 ratione
340 2486 430 2550 ipsius3
450 2484 503 2550 quia
517 2490 552 2535 eet
565 2484 636 2535 forma
652 2484 794 2548 essentialis,
804 2486 854 2549 ejus

49 2561 134 2612 scilicet
150 2561 229 2617 anima
248 2576 254 2609 ε
271 2562 295 2609 ει
308 2558 361 2609 ideo
374 2561 489 2610 mortuum
498 2557 547 2607 fieri
562 2556 640 2606 vivum
651 2569 697 2607 nou
714 2561 803 2619 potest,
814 2559 855 2609 sed

49 2633 107 2683 alind
120 2636 200 2699 specte
215 2635 264 2694 est,
283 2632 345 2695 quod
358 2633 395 2681 est
412 2633 540 2692 munuum,
554 2630 577 2679 et
590 2629 649 2691 quod
660 2634 695 2679 est
707 2626 794 2677 vivum.
810 2628 854 2679 Sed

50 2703 71 2751 id
86 2704 146 2767 qnod
166 2705 224 2755 facit
245 2670 316 2753 ti'dem
337 2715 390 2753 esse
411 2701 530 2751 formatam
546 2701 582 2753 vel
599 2700 691 2760 vivam,
706 2712 753 2751 non
769 2702 803 2749 eet
825 2700 853 2753 de

50 2776 148 2828 essentia
160 2777 236 2829 fidei·
246 2781 272 2827 et
281 2776 336 2827 ideo
348 2785 396 2825 non
409 2774 445 2823 est
459 2771 543 2823 simite.

81 2852 114 2900 tc
131 2851 225 2901 tertium
245 2850 382 2911 dicendum,
397 2845 459 2909 quod
472 2846 543 2909 gratia
558 2845 614 2896 facit
630 2845 701 2895 iidem
715 2854 763 2892 non
777 2801 851 2891 sotum

51 2923 140 2986 quamn
150 2923 206 2976 tides
213 2923 242 2978 do
249 2934 312 2976 novo
319 2919 405 2987 incipit
413 2928 465 2970 este
472 2916 498 2971 in
508 2917 611 2983 tremine,
617 2918 658 2971 sed
665 2913 735 2969 etiam
742 2909 851 2977 quamdiu
