1992 3317
112 159 158 216 tto
220 175 328 214 meusne
343 173 472 225 mmmm,
488 173 581 220 qum.
596 173 679 226 xxm,
695 173 751 214 tn.
768 178 797 214 n.

111 251 375 319 pomudomauimdiu
386 251 423 301 tiis
435 251 475 315 qui
486 250 775 316 exiummimtepemut,
785 253 915 308 mumdum

110 325 165 376 ittud
180 325 326 380 nummu:
344 323 492 384 «Debemus,
503 336 547 373 nos
560 324 683 387 firmiores,
697 324 844 376 infirmitates
856 326 915 377 alio·

109 396 321 448 rumsustiuere.»
339 395 912 462 tttnoruntimsemndumqumiummtsnnt‚

110 469 161 519 siue
181 481 261 531 graues
283 481 313 518 ex
338 467 913 534 inordinatisaotattus,sedettamquueumque

111 551 189 592 eornm
204 551 272 588 onera
287 543 342 588 suut
357 539 527 602 supportanda,
541 538 667 588 semuddm
679 539 733 590 iilud
751 540 911 598 Gutum:

112 628 127 657 u
141 611 204 660 Alter
216 609 310 660 alterius
317 623 386 660 otim
396 613 494 673 portate.
503 626 519 656 ι

142 683 175 732 id
191 681 290 744 pn'mum
310 695 365 744 ergo
386 682 521 746 (timendum,
539 681 601 746 qudd
620 683 735 747 sepdltuua
759 683 847 734 mortui
864 699 913 736 unu

110 753 198 806 uoniert
208 753 231 803 ei
247 757 357 818 quantum
367 754 396 804 ad
409 767 518 818 sen,
532 767 601 817 quem
609 767 692 818 eorpus
700 757 860 819 postmortem
869 758 913 807 ia-

110 827 171 889 beut
180 829 204 875 et
213 825 336 875 secundnm
347 825 575 876 iocliominusdieit
583 825 817 889 quddintertieieutas
828 842 913 892 oorpm

110 911 158 948 nou
173 897 257 947 hahent
278 897 376 962 amptiis
394 897 447 961 quid
465 897 567 958 iao'mnt,
579 903 603 947 et
615 903 709 962 propter
723 900 769 949 tuoe
781 898 853 950 etiarn
868 901 914 951 iio

111 969 427 1019 minusuonenmmemnrat
446 969 727 1032 sepultunmiuteralia
749 970 914 1022 mser-‘mdiu

110 1053 192 1104 opera,
206 1042 248 1091 aed
258 1043 377 1090 enumerat
388 1038 462 1090 sotim
471 1040 512 1089 ida
525 1055 577 1104 qma
590 1041 799 1092 suuteuideutiouis
807 1043 913 1094 uem

110 1113 175 1162 tatis.
182 1113 283 1163 Pertinet
291 1112 405 1161 tamenad
415 1111 548 1161 defunctum
557 1113 613 1176 quid
621 1113 911 1178 deeiusnorporeagatur,

110 1190 159 1234 tum
172 1188 281 1248 quantum
296 1185 324 1234 ad
339 1185 384 1234 noe
394 1183 453 1246 qudd
466 1185 526 1233 uiuit
537 1185 686 1236 inmemnriis
697 1186 830 1249 inmuni,
845 1189 913 1252 cujus

111 1255 525 1318 honordetronestatur‚siiusepultus
531 1262 655 1321 temneat
664 1258 792 1308 tumemm
800 1263 912 1322 quantum

111 1331 139 1378 ad
156 1329 261 1377 adactum
272 1339 340 1390 quem
356 1327 431 1376 adhue
444 1327 526 1376 rivaus
541 1328 640 1379 habeta
649 1331 679 1380 de
695 1343 738 1380 suo
751 1343 859 1394 corporo,
873 1331 913 1382 eui

110 1400 199 1464 pinnum
214 1399 309 1448 adactus
321 1398 457 1448 conformari
469 1399 538 1448 debet
548 1403 601 1462 post
616 1405 712 1451 mortem
728 1401 824 1465 ipsius:
840 1407 865 1452 et
875 1415 913 1453 se·

111 1471 210 1520 muddm
226 1471 270 1520 hou
288 1471 474 1520 commendantur
489 1470 559 1534 aliqui
578 1473 608 1522 de
619 1475 761 1522 mortuorum
778 1474 911 1538 sepultura,

110 1545 137 1592 ut
148 1541 248 1602 tobias,
262 1545 286 1592 et
295 1541 330 1590 itii
342 1540 382 1605 qui
391 1542 512 1592 Dominum
526 1543 680 1607 sepelierunt,
691 1547 718 1594 ut
728 1547 795 1608 patet
809 1558 854 1608 per
866 1547 913 1595 du·

111 1614 227 1679 gnstiuum
237 1613 263 1662 in
273 1614 313 1664 lib.
327 1614 364 1662 De
375 1627 438 1662 curn
449 1629 500 1677 pro
510 1617 622 1663 mortuis
630 1615 729 1680 oqendn
739 1617 799 1680 (cap.
811 1616 847 1678 3).

142 1687 177 1737 td
193 1687 316 1736 secuudum
332 1685 465 1748 dicendum,
479 1685 541 1750 quod
556 1699 637 1736 onmes
652 1687 702 1738 atie
721 1688 871 1740 nemesim
883 1692 912 1740 ad

111 1760 154 1809 has
166 1759 312 1824 reducuntur.
322 1758 379 1807 dam
388 1760 411 1807 et
419 1757 509 1808 mettas
518 1761 541 1808 et
550 1757 686 1810 claudioatio
698 1763 754 1810 suut
764 1759 912 1812 infirmitates

111 1831 231 1894 quadm:
245 1829 307 1879 uude
319 1829 417 1892 dirigere
427 1841 528 1889 «mcum,
539 1833 563 1878 et
571 1831 698 1880 sustentare
711 1831 833 1893 etaudum,
844 1833 913 1882 redu·

112 1904 194 1950 cuntur
205 1901 234 1949 ad
253 1899 407 1950 visitationem
420 1899 568 1950 intirmorum.
580 1900 690 1952 Similiter
706 1902 775 1952 etiam
790 1903 914 1954 subuenire

112 1969 200 2020 homini
213 1974 292 2020 nnuma
303 1983 469 2034 quamcumque
478 1971 649 2034 opprimam
660 1973 748 2022 ittatam
756 1972 910 2038 extrinsecis,

110 2041 225 2091 reducitur
233 2043 261 2091 ad
275 2042 455 2106 redemptionem
468 2044 620 2106 mptiuorum.
632 2044 723 2095 mutia
732 2049 819 2106 autem,
828 2045 913 2109 qumus

111 2113 238 2177 paupertati
256 2114 402 2176 subuenitur,
417 2127 464 2164 unu
477 2118 607 2176 queruntur
622 2115 670 2165 uisi
684 2117 714 2165 ad
730 2116 913 2168 subueniendum

112 2183 913 2252 praediotisdeieetitous:etideononiuitqreniatismeutiodehoe

111 2254 203 2305 deiectu
220 2253 325 2304 iacienda
339 2257 381 2318 (1).

143 2327 177 2375 Ad
193 2325 286 2376 tertium
298 2327 432 2389 dicendum,
444 2327 507 2392 qudd
516 2331 630 2394 oomeptio
640 2331 783 2395 poenantium
796 2338 911 2397 quantum

110 2397 140 2446 ad
157 2396 232 2460 ipsam
249 2399 409 2450 executionem
425 2401 504 2462 aotds,
517 2403 664 2453 seueritatem
679 2403 775 2467 justitie
792 2405 914 2457 continete

110 2467 208 2518 uidetur.
222 2470 269 2520 Sed
283 2475 394 2533 quantum
408 2472 438 2521 ad
457 2471 610 2524 intensionem
622 2474 780 2539 corripientis,
798 2476 839 2540 qui
861 2476 916 2528 uult

111 2539 252 2590 inminenti
265 2541 325 2592 mato
335 2542 407 2605 entpa
416 2541 524 2604 manre,
544 2545 642 2608 pertinet
652 2547 680 2595 ad
693 2545 872 2597 miseridordiam
887 2551 913 2598 et

112 2609 242 2662 dictonis
257 2613 372 2676 annuum,
386 2613 511 2665 seouudrim
522 2615 719 2677 induamini„
727 2619 826 2670 xxvtl:
840 2635 857 2668 u
866 2619 915 2671 Ιο-

144 2771 178 2836 (1)
194 2777 324 2821 Pmsnrtim
343 2776 396 2822 niam
409 2790 536 2835 pauperem
549 2780 624 2826 ditare
637 2793 686 2827 nou
702 2783 734 2828 sit
751 2785 912 2830 necesarium

112 2837 142 2882 ud
158 2838 353 2900 misericordiam,
363 2841 403 2886 sed
416 2842 539 2888 subterere
552 2845 663 2901 sufficiam
673 2846 722 2893 imd
734 2859 779 2894 neu
788 2847 914 2894 sublevare

113 2901 646 2966 mmtute‚ued1uitrtacutaatnnpreprtn‚
811 2904 816 2908 ⁴
