1992 3317
230 119 260 156 hl
276 119 348 158 vlnus
364 119 484 158 oheodtt'ts
501 63 671 160 hiuhma)
791 116 837 163 775

48 194 154 256 oriuntur,
171 194 296 256 presertim
312 209 363 246 enm
388 196 542 261 Philosophus
563 197 623 249 dieat
642 199 668 249 iu
680 199 720 250 vn
740 199 836 258 iiidie,

46 264 102 327 qnidd
114 277 207 316 evenus
220 268 255 316 est
267 265 352 330 dolosa,
365 272 391 318 et
401 267 452 332 ejus
471 269 569 332 neminie
578 274 615 320 est
623 270 701 334 varim
711 287 726 318 n
740 274 763 321 et
777 270 838 335 qnod

47 352 59 383 n
71 349 98 386 er
114 336 202 388 insidiis
219 336 266 401 agit
279 337 424 390 incontinens
442 341 670 404 eoncupiscentia.»

73 411 95 456 2.
110 409 233 471 Preterea,
244 409 351 472 prodiens
365 410 420 462 sitia
433 411 519 462 hahent
529 412 650 476 qnamdam
660 412 835 464 similitudinem

45 478 183 541 prudentie,
196 482 222 530 nt
239 481 325 532 dietum
345 483 380 532 est
395 481 452 546 (qn.
467 485 507 546 tt,
521 486 564 535 nrt.
575 487 605 532 to
616 482 635 546 ).
644 484 689 534 Sed
700 485 727 534 ed
739 484 839 548 pruden-

45 549 110 612 tiam,
120 549 170 600 edm
184 550 214 602 sit
226 551 361 614 iuratione,
374 553 482 616 majorem
495 555 684 618 propinquitatem
699 557 783 606 hebere
805 555 839 606 ri-

44 622 122 672 dentur
134 622 190 672 vitia
208 623 281 686 magis
302 623 444 688 spirituaiin,
461 629 486 676 nt
504 625 611 688 snperbia
625 628 649 676 et
660 625 735 679 inanis
754 626 834 690 gloria.

44 691 100 755 drgo
113 693 244 756 hujusmodi
258 693 313 745 vitia
325 695 397 759 magis
414 695 521 746 ridentur
535 708 565 747 ex
577 696 681 760 superbia
691 697 755 761 oriri,
768 710 837 762 qnam

43 775 69 812 en
83 762 186 814 anantio.

75 839 97 884 3.
111 836 237 900 Praetereo,
250 837 319 888 homo
331 835 419 888 insidiis
436 837 507 887 utitur
520 849 566 887 nnn
581 837 655 890 sodium
666 837 691 888 in
705 838 839 903 diripiendis

42 905 106 956 honis
122 905 221 968 alienis,
234 909 274 958 sed
287 908 357 960 etiam
369 908 396 960 in
407 907 557 960 machinando
568 906 662 959 aliorum
671 909 747 960 cedes
762 924 768 958 :
782 923 839 972 quo·

41 991 91 1026 rum
109 977 208 1040 primum
222 979 320 1042 pertinet
332 981 361 1030 ed
377 979 512 1041 avaritiam,
528 980 652 1030 seeundum
671 981 701 1031 ed
714 979 780 1030 irann
793 981 837 1031 Sed

40 1047 130 1098 insidiis
138 1048 172 1098 nti
182 1049 281 1113 pertinet
291 1051 318 1100 ad
328 1050 448 1113 astutiam,
461 1050 537 1101 dotum
547 1055 570 1100 et
580 1051 691 1102 fraudem.
704 1051 763 1112 tngo
778 1063 839 1114 pro-

40 1119 100 1169 dicta
122 1117 179 1169 vitia
197 1132 244 1173 nen
265 1120 337 1172 solim
358 1120 462 1173 eduntur
478 1133 508 1171 ex
531 1121 638 1183 arnoia,
659 1121 700 1172 sed
719 1119 790 1171 etiam
809 1134 839 1172 ex

40 1203 83 1240 rra.
892 1239 895 1244 .

71 1262 117 1314 Sed
132 1264 210 1312 eontra
224 1265 270 1326 est,
282 1262 342 1326 quod
360 1261 490 1328 Gregorius,
500 1264 571 1314 XXXl
585 1263 687 1324 dierat,
699 1262 766 1328 ponit
778 1263 840 1313 hen-

39 1334 92 1384 dem
111 1347 126 1380 n
139 1331 209 1382 fiiienr
226 1334 342 1396 avarities,
355 1350 369 1382 »
386 1335 447 1399 (rap.
470 1335 571 1399 ³1,sine
586 1334 640 1399 1¹1).
703 1359 707 1363 -

69 1405 225 1470 (consensio.
233 1431 264 1443 —
273 1405 395 1456 Prudentia
404 1405 487 1470 cernis,
498 1405 589 1467 astutia,
608 1405 684 1466 delus,
695 1408 719 1456 et
729 1407 799 1467 inens,
810 1418 839 1456 ae

37 1476 111 1526 nimia
132 1475 289 1540 temperalium
303 1477 446 1540 sollicitudo,
462 1477 559 1528 maxime
571 1490 600 1528 ex
614 1477 713 1530 avenne
722 1477 779 1527 utin
790 1477 837 1528 nri·

37 1546 119 1609 ginenn
140 1547 254 1610 mount)

67 1618 207 1680 Respondes
219 1617 346 1680 dicendum,
355 1617 414 1682 qndd
425 1618 483 1669 sient
490 1617 575 1670 dietum
582 1622 617 1670 est
629 1619 776 1682 (qn.t'1,art.
787 1618 838 1681 ts),

34 1689 161 1753 prudentia
181 1689 254 1740 narnis
271 1693 294 1741 ei
314 1690 406 1753 astutio,
424 1703 475 1740 cunr
493 1690 545 1741 dolo
564 1694 587 1742 et
608 1690 699 1752 frande,
718 1688 840 1752 qnamdam

33 1759 213 1811 similitudinem
227 1761 312 1812 hebent
330 1775 383 1811 enm
398 1761 519 1824 prudentia
531 1761 557 1811 in
571 1761 663 1824 aliquali
676 1773 720 1810 usu
735 1758 838 1809 rationis.

33 1830 158 1894 Praecipue
179 1836 268 1893 antem,
283 1831 342 1883 inter
361 1831 417 1884 enies
431 1832 529 1883 nrintes
548 1831 654 1892 morales,
670 1842 726 1880 usus
746 1828 841 1880 rationis

33 1906 106 1952 rectae
128 1906 223 1966 apparet
235 1903 260 1953 in
276 1903 379 1968 justitia,
402 1917 453 1967 qne
471 1908 507 1954 est
525 1904 551 1953 in
569 1902 671 1966 appetitu
684 1901 797 1952 rationali.
810 1901 840 1952 Et

33 1974 90 2024 iden
102 1987 160 2024 usus
178 1974 273 2026 rationis
286 1975 412 2035 indebitos,
428 1973 496 2025 eham
516 1972 615 2024 menime
628 1975 723 2036 apparet
739 1971 765 2021 in
776 1972 838 2023 vitiis

33 2044 152 2109 oppositis
168 2045 272 2108 iustitias.
288 2047 413 2110 opponitur
430 2049 506 2098 autem
519 2046 563 2097 sihi
579 2043 677 2096 manime
692 2043 798 2109 niuniu
815 2048 839 2096 et

33 2117 86 2168 ideo
101 2117 213 2180 praedicta
234 2117 289 2167 vitia
303 2115 400 2166 merisne
421 2129 450 2168 ex
464 2117 558 2167 avaritia
571 2116 682 2166 oriuntur.

64 2189 101 2237 dd
127 2188 227 2251 priorum
249 2201 303 2250 erge
321 2186 455 2250 dicendum,
471 2187 532 2250 qnod
552 2185 640 2237 lunone
660 2188 752 2250 propter
769 2187 839 2237 vohs

33 2259 151 2309 mentiare
175 2258 330 2310 delectationis
348 2262 372 2308 et
390 2258 596 2322 honenpisrentiae,
610 2255 710 2308 totaliter
733 2256 841 2320 opprimit

33 2331 170 2392 rationem,
190 2341 219 2380 ne
237 2329 331 2392 prodeat
354 2328 377 2378 in
395 2331 485 2392 aeturn3
501 2329 526 2378 in
548 2327 663 2392 predictis
681 2330 757 2378 antem
777 2327 840 2376 vitiis

33 2401 122 2465 nliqnis
136 2413 193 2451 usus
206 2399 301 2451 rationis
312 2403 356 2463 esi,
365 2399 419 2452 lieet
430 2399 580 2452 inordinatus.
591 2398 655 2449 Unde
667 2397 840 2462 praetereuntia

33 2485 84 2525 non
105 2472 210 2522 oriuntur
224 2471 310 2522 direetd
327 2484 356 2522 ex
374 2471 472 2522 luxuria.
488 2471 553 2530 Quod
571 2473 646 2521 entem
665 2468 839 2532 Philosophus:

33 2563 45 2594 n
65 2544 188 2592 Venerem
200 2542 300 2594 deiesnmr
310 2557 325 2590 n
340 2543 445 2606 appellat,
461 2544 506 2592 hoe
518 2541 575 2592 dieii
584 2540 709 2592 seeundum
721 2539 842 2603 quemdam

33 2614 232 2676 similitudinem,
244 2615 269 2666 in
285 2619 394 2680 qnantum
413 2615 497 2666 seilicet
516 2614 633 2666 hominem
648 2611 726 2664 snhith
738 2611 840 2675 surripit,

33 2690 130 2740 nicutet
142 2687 167 2736 in
180 2687 329 2751 detinentium
342 2690 472 2738 nontamen
484 2699 526 2750 per
540 2685 647 2744 astutias,
660 2685 700 2734 sed
717 2682 789 2746 mnne
799 2695 843 2744 per

33 2758 177 2811 :intentione
198 2758 385 2824 consupiscentio
407 2761 430 2808 et
448 2756 615 2808 delectationis.
632 2756 696 2809 Unde
712 2758 735 2806 et
752 2751 841 2815 subdit,

33 2832 101 2900 [uod
116 2831 220 2886 evenus
238 2831 325 2884 tuetur
339 2830 479 2886 innitentem
496 2829 593 2883 nntnn
605 2827 750 2897 sapiendo.»
