1992 3317
145 123 192 172 lm
255 128 363 168 suenum
378 127 508 177 secunus,
520 127 614 174 oum.
630 127 710 180 surr,
723 128 779 166 aar.
794 129 829 167 un.

178 209 373 274 (Ceumnsro.-
381 208 520 270 Quamquam
533 205 683 270 corporalium
696 205 902 273 eleemosynarnm
917 219 955 257 se-

144 279 242 331 eundum
262 293 325 331 suam
338 281 442 328 naturam
455 290 501 328 nou
511 276 542 328 sit
555 277 679 342 spiritualis
693 276 791 340 aliquis,
807 277 850 329 sed
867 291 956 342 corpo·

146 352 199 403 ralis
213 352 322 414 effectus,
341 353 449 414 exparte
468 353 545 400 umen
560 349 638 400 metiri
654 349 684 399 ao
698 350 828 412 corporales
847 350 955 400 eleemo-

65 477 69 484 ,
134 429 228 490 'synam
243 425 304 488 quod
318 427 353 474 est
366 421 464 472 charitas
481 423 523 473 bel
537 424 561 473 et
569 421 679 487 proximi,
697 421 773 484 aliqua
790 435 822 472 ex
834 420 900 485 ipsis
918 425 955 472 est

147 495 287 560 expectanda
299 493 424 559 spiritualis
437 494 532 546 utilitas.
545 495 553 559 t

178 567 313 630 Respondeo
324 566 453 626 dicendum,
467 565 528 630 qubal
539 566 683 629 eleemosyna
693 563 815 628 corporalis
825 563 954 629 tripliciter

146 641 221 702 potest
231 636 377 688 considerari.
388 638 438 688 Uno
448 637 524 698 modo,
535 636 659 688 swnndbm
671 649 735 688 suam
749 635 919 700 substantiam
932 641 955 687 et

149 708 272 760 secundbm
290 710 334 760 boc
349 723 395 760 non
408 709 476 760 babet
489 709 533 759 nisi
547 710 685 774 corporalem
698 707 819 770 ellectum,
837 708 864 757 in
878 721 955 772 quau-

148 783 197 830 tum
219 780 306 831 scilicet
328 781 417 845 supplet
439 782 567 844 corporales
590 781 692 832 delectus
712 779 880 844 proximorum.
902 780 955 830 Alio

150 852 231 916 modo,
246 855 324 916 potest
343 851 480 904 considerari
501 854 606 916 exparte
620 865 693 902 causae
707 851 772 915 ejus,
793 851 819 900 in
836 854 952 914 qnantum

150 923 326 988 scilicetaliquis
334 925 501 988 eleemosynam
508 924 646 988 corporalem
656 924 694 974 dat
703 922 952 987 propterdilectioneur

150 995 226 1046 belet
238 995 352 1059 prorirn'13
369 999 391 1046 et
401 998 509 1058 quantum
521 996 548 1045 ad
557 997 602 1045 boc
612 995 679 1045 aliert
687 995 786 1044 lrnctnm
797 993 951 1056 spiritualem,¹

150 1065 275 1118 secunaum
294 1067 349 1117 illud
369 1067 472 1126 Euclea,
486 1065 583 1117 lllllll:
604 1067 702 1117 «Perde
719 1066 841 1133 pecaniam
856 1070 953 1130 propter

150 1139 257 1200 fratrem,
273 1151 331 1202 pone
344 1141 474 1188 thesaumm
490 1139 516 1188 in
531 1139 654 1204 praeceptis
675 1137 800 1199 iltissimi3
815 1141 839 1187 et
849 1139 952 1202 proderit

149 1208 191 1259 tibi
204 1210 276 1273 magis
289 1208 357 1272 quam
368 1223 446 1260 aurum
456 1209 498 1274 (l).
509 1211 609 1262 u'lertio
627 1211 707 1273 modo,
719 1223 746 1260 er
761 1213 825 1273 parte
838 1209 948 1271 ellectus3
984 1255 986 1262 .

148 1284 171 1330 et
186 1281 220 1330 sic
235 1279 305 1331 etiarn
318 1280 388 1330 babet
401 1281 542 1345 spiritualem
556 1283 671 1344 fructum,
693 1282 718 1330 in
733 1284 844 1344 quantum
863 1279 950 1331 scilieet

148 1350 281 1414 proximus,
296 1350 333 1401 cni
346 1363 386 1415 per
401 1352 539 1418 corporalem
552 1354 720 1418 eleemosynam
738 1351 885 1414 subuenitur,
900 1365 949 1402 mo·

150 1425 215 1472 sebur
229 1423 257 1472 ad
271 1424 381 1474 orandum
392 1437 433 1488 pro
445 1425 600 1476 benefactore.
614 1427 678 1476 Unde
689 1428 714 1476 et
729 1424 812 1474 ibidem
826 1423 946 1474 sublitur:

150 1509 165 1542 u
179 1493 294 1546 Concede
313 1493 482 1561 eleemosynam
501 1498 526 1546 in
544 1497 598 1547 sinn
616 1496 738 1561 pauperis,
752 1498 776 1546 et
795 1496 846 1544 haec
863 1509 906 1560 pro
925 1499 949 1545 te
984 1504 986 1527 =

150 1565 252 1616 euomuit
266 1566 294 1615 ab
307 1566 368 1616 omni
383 1568 452 1620 malo.
465 1584 479 1616 u

182 1637 214 1688 bd
227 1637 325 1700 pnnrnnr
337 1649 391 1702 ergo
406 1638 540 1701 dicendum,
552 1637 614 1702 nubo
626 1638 686 1689 ratio
696 1638 736 1688 illa
746 1638 852 1702 procedit
864 1639 892 1690 de
902 1653 949 1690 cer-

151 1709 223 1773 parali
241 1709 385 1774 eleemosyna
399 1710 524 1761 seeundium
539 1724 605 1761 suam
621 1709 778 1762 substantiam.

185 1781 217 1832 bd
234 1783 358 1833 secunlum
374 1781 508 1844 dicendum,
526 1782 586 1846 qubd
609 1782 647 1831 ille
666 1781 706 1846 qui
724 1782 763 1831 dat
784 1781 949 1847 eleemosynam

155 1865 200 1904 non
215 1852 314 1904 intendit
330 1865 405 1904 eruere
418 1853 503 1917 aliquid
517 1853 634 1918 spirituale
648 1867 690 1917 pro
706 1853 830 1917 corporali,
843 1853 896 1917 qnia
910 1855 950 1904 scit

154 1924 279 1988 spiritualia
291 1925 317 1974 in
330 1924 444 1976 inlinitum
460 1925 612 1990 corporalibus
624 1924 787 1990 preeminer03
802 1925 843 1975 seb
856 1925 949 1977 inteuabt

153 2009 194 2061 per
202 1994 317 2045 charitatis
329 1996 433 2046 affectum
444 1997 583 2060 spiritualem
592 1997 692 2047 lmctnm
703 1995 835 2059 promereri.

187 2068 220 2118 ild
227 2065 318 2117 tertium
330 2067 459 2132 dicendum,
467 2069 529 2132 qubd
537 2069 605 2118 vidua
614 2081 665 2132 qum
673 2068 750 2118 minus
758 2068 821 2118 dedit
829 2069 948 2119 semnlbm

154 2137 313 2204 quantitatem,
327 2139 449 2204 plusdedit
460 2139 585 2192 secantium
598 2153 663 2190 suam
673 2139 860 2205 proportionem,
869 2155 897 2192 er
907 2153 947 2204 quo

155 2213 264 2275 pensatur
278 2209 302 2259 in
316 2209 366 2274 ipea
380 2212 453 2276 major
472 2211 589 2262 charitatis
606 2213 709 2276 allectus,
725 2224 815 2277 exque
831 2211 947 2278 corporalis

155 2281 299 2345 eleemosyna
312 2282 452 2345 spiritualem
466 2283 592 2334 efficaciam
606 2284 681 2335 babet.

155 2401 221 2446 nouis
235 2407 258 2447 et
272 2402 398 2460 ingruentes
410 2403 586 2460 pleuibsuutem
596 2405 721 2462 utrobiqne
734 2406 785 2451 sie:
799 2405 946 2464 Eleemosynae

156 2465 209 2549 utre·
216 2467 292 2548 'qums'
305 2465 462 2524 statunculum
473 2479 529 2512 cum
538 2468 593 2526 ipso
609 2467 742 2539 (σφραγὶς)
756 2473 779 2515 et
790 2469 895 2527 pretioso
907 2471 944 2514 bo-

156 2540 381 2670 m'ayllbtlcpleniris
390 2621 495 2656 rursum:
510 2611 587 2657 Perde
594 2612 727 2670 moenium
739 2613 841 2668 propter
850 2611 943 2670 {rareto

158 2672 386 2784 ampsanctum,
397 2675 418 2718 et
430 2685 460 2718 uu
470 2671 601 2720 abscondor
613 2687 665 2720 eam
676 2675 719 2721 aab
732 2671 816 2734 lepide
830 2675 859 2720 in
867 2673 942 2734 percli-
