1992 3317
426 175 457 214 oe
472 173 542 217 enm
837 169 883 218 itte

79 253 202 306 inocente.
220 253 248 304 nt
261 243 353 318 propter
363 251 408 304 noc
420 253 550 317 premittit,
562 252 624 317 quod
638 271 653 302 u
663 266 707 318 pax
723 257 760 306 est
771 254 883 320 tranquil·

77 325 132 378 litos
148 325 249 388 ordinis,
260 341 274 372 u
284 337 334 389 que
347 323 437 390 quidem
448 325 597 390 tranquillitas
610 326 716 378 consistit
729 327 755 378 in
770 328 813 378 icoc
822 327 883 392 quid

77 411 160 464 omues
174 400 249 447 motus
264 395 382 462 appetitiui
396 397 420 446 in
435 410 480 446 uno
495 398 588 449 homine
605 397 778 461 conquiescunt.

112 470 146 520 uid
155 467 280 520 secundnm
289 467 419 528 dicendum,
425 465 485 532 quod
493 469 514 518 si
523 469 591 521 homo
600 466 668 520 simui
676 483 727 520 cum
737 469 781 522 dic
790 469 883 522 homino

78 539 104 592 in
116 540 179 592 idem
189 539 382 601 consentianum
394 543 470 591 tomen
484 553 609 592 consensus
623 541 675 605 eius
687 545 724 592 est
732 541 827 600 omniuo
838 540 883 594 sibi

79 613 178 674 nudus,
191 611 236 662 nisi
249 610 317 660 etiam
331 609 373 661 sibi
393 609 493 662 inuicem
511 624 591 663 omues
609 615 684 664 unctos
698 612 817 677 appetitiui
831 612 884 677 ejuo

82 683 131 734 sint
143 681 321 734 consentientes.

112 755 146 805 td
157 753 250 804 tertium
260 751 393 817 dicendum,
405 753 466 818 quod
479 751 528 818 paci
536 752 657 818 opponitur
664 753 749 818 duplex
761 755 881 820 dissensio,

81 825 173 876 scilicet
185 821 297 875 dissensio
309 823 408 874 hominis
419 825 445 876 ud
463 821 573 887 seipsum,
587 828 610 874 et
620 823 732 876 dissensio
743 827 845 878 hominis
855 829 883 878 od

80 897 193 960 uiterum3
213 895 340 948 concordie
357 899 432 948 eutem
447 895 569 962 opponitur
587 897 638 948 hnc
653 897 701 949 sote
715 899 814 949 secunda
833 900 881 950 dis·

81 967 168 1020 sensio.

378 1065 540 1118 induendus
555 1063 583 1116 tt.

287 1189 372 1236 Utrum
382 1190 463 1235 omnio
471 1193 583 1248 appetant
593 1202 682 1249 paeone

112 1318 147 1368 nd
161 1317 286 1368 secundun
300 1316 334 1368 sic
348 1315 476 1382 proceditur
491 1318 536 1382 (t).
553 1317 645 1368 Videtur
661 1317 721 1382 quod
740 1330 787 1370 non
804 1315 883 1371 omnio

81 1392 191 1455 appetunt
203 1401 292 1454 pacem.
309 1391 357 1440 an
371 1387 447 1448 euin,
460 1389 584 1442 secundum
604 1389 741 1454 Dionysium
756 1389 810 1454 (De
827 1389 882 1440 div.

81 1462 159 1513 Nom.
175 1473 228 1524 cap.
248 1461 279 1511 iii
289 1460 298 1524 t
307 1497 314 1522 ,
324 1464 360 1512 est
374 1477 388 1509 o
400 1461 487 1510 unitiva
501 1473 636 1512 cousensus.
650 1477 664 1507 u
679 1461 724 1513 Sed
738 1461 762 1511 in
780 1462 818 1512 his
834 1473 884 1525 qun

81 1531 215 1596 cognitione
233 1535 327 1597 curem,
344 1545 390 1583 uon
407 1533 481 1597 potest
499 1532 559 1582 uniri
578 1545 711 1584 mosomus.
726 1531 786 1596 Ergo
803 1533 885 1597 hujus·

27 1607 33 1620 ⁸
82 1603 145 1655 modi
154 1615 235 1668 ponem
250 1607 358 1669 appetere
372 1607 536 1667 nonpossint.

112 1681 138 1726 Ι.
152 1679 282 1741 Praetereo,
297 1676 412 1741 appetitus
429 1688 475 1726 non
491 1675 563 1726 sertor
579 1673 647 1725 simut
660 1675 688 1726 ud
701 1673 824 1725 continuio.
841 1673 884 1724 Sed

81 1746 147 1797 motti
164 1749 219 1796 sunt
233 1751 367 1812 appetentes
385 1745 442 1798 betto
456 1750 480 1797 et
497 1745 659 1798 dissensiones.
670 1745 729 1809 Ergo
742 1758 789 1796 nou
807 1757 886 1796 omncs

78 1821 196 1884 'oppetunt
207 1831 300 1883 pacem.

113 1890 362 1956 &Praetereundum
376 1890 461 1941 bouum
477 1898 514 1939 est
528 1889 658 1954 appetibile.
669 1887 711 1942 Sed
724 1888 826 1954 wodan
840 1900 884 1953 pux

82 1961 174 2014 noenu
186 1971 237 2013 esse
250 1961 323 2024 moiu3
338 1961 437 2025 alioquin
452 1959 561 2012 cominus
573 1974 620 2012 non
634 1959 719 2012 diceret
733 1958 834 2020 dictio,
844 1959 883 2010 X:

86 2051 101 2082 u
114 2035 166 2084 Non
184 2033 238 2084 ueni
254 2033 344 2086 mittere
355 2045 434 2098 pacem
449 2031 491 2097 (Ι).
505 2048 520 2080 s
535 2033 593 2098 tingo
604 2045 651 2084 non
662 2030 737 2083 omnia
750 2044 831 2098 puceu
844 2044 886 2096 op-

82 2109 175 2171 potunt.

116 2181 139 2229 t.
151 2176 276 2240 Proteuea,
290 2175 345 2227 iilud
359 2173 420 2240 quod
429 2173 506 2227 omnia
520 2176 639 2241 oppetunt,
649 2173 739 2226 videtur
754 2187 805 2226 esse
819 2189 886 2225 sum-

82 2263 147 2302 ntum
163 2249 262 2310 munus,
277 2248 337 2311 quod
350 2251 385 2298 esi
397 2246 490 2298 ultimus
505 2248 565 2297 inis.
580 2247 626 2297 Sed
638 2258 683 2311 pax
696 2259 742 2296 nou
756 2249 792 2296 cst
802 2247 884 2311 hujus·

83 2320 219 2386 modi,quic
228 2317 296 2371 etiam
305 2318 328 2369 in
338 2323 398 2369 stetu
406 2319 449 2371 uin
459 2321 568 2380 humour,
579 2316 678 2382 alioquin
687 2317 769 2368 trustra
777 2319 886 2370 Dominio
914 2371 916 2376 ,

83 2393 202 2444 nunduet
217 2396 305 2450 tiore„
320 2389 370 2440 tii:
387 2405 401 2437 u
418 2390 501 2440 Pacem
515 2391 597 2441 hnhctc
609 2387 670 2441 inter
686 2401 735 2440 uos.
745 2406 759 2437 »
769 2389 827 2452 Ergo
838 2401 885 2440 non

82 2464 161 2516 omnia
172 2475 253 2528 pacem
267 2463 386 2526 oppetunt.

115 2535 162 2586 sod
175 2537 254 2586 contre
266 2537 313 2596 est,
328 2533 389 2599 qnod
404 2531 544 2598 Augustinus
562 2531 616 2584 dicit
629 2533 693 2598 xix,
709 2532 747 2583 De
761 2534 816 2582 cio.
830 2533 884 2592 Det,

118 2641 150 2706 (Ι)
166 2646 199 2692 Dc
207 2643 244 2690 his
255 2643 324 2690 etiem
338 2644 363 2688 iu
373 2641 420 2701 ΙΙΙ,
432 2641 510 2694 Seni..
519 2644 574 2690 dist.
586 2643 626 2699 27,
635 2655 676 2700 qn.
688 2642 713 2702 1,
726 2649 772 2688 ort.
781 2642 806 2701 ³,
822 2644 851 2689 ad
859 2643 883 2697 ὃς

84 2705 886 2768 uteurv,Scut.,duc.to,qu.1,arte,qmouue.t;ei

85 2781 127 2830 qu.
145 2769 191 2830 ΙΙ,
204 2771 232 2816 de
243 2771 321 2828 uouit,
339 2773 382 2815 ort.
400 2767 426 2828 i,
445 2769 474 2814 ud
488 2766 534 2822 ts;
549 2774 574 2814 ct
586 2769 610 2814 iu
620 2769 772 2827 Dionysium,
787 2769 821 2813 De
831 2768 884 2813 dic.

84 2835 200 2884 Nomio..
213 2846 266 2891 cop.
279 2831 319 2892 11,
334 2831 388 2878 tect.
400 2831 424 2891 i,
439 2833 485 2878 coi.
497 2831 522 2878 1.

61 2918 91 2966 ,·
118 2901 150 2967 (2)
164 2905 210 2952 Vei
224 2901 354 2967 mpncuco
365 2901 527 2962 noninim-
538 2897 585 2948 ³82
599 2901 680 2954 Notou
692 2898 886 2972 proterentem
