1992 3317
137 166 166 212 to
281 163 356 206 ruunt
373 127 500 203 mumdum.
515 152 597 189 numer
623 150 673 187 cvm
691 128 746 185 aar.
763 147 789 183 rr.

431 272 592 326 inmundos
608 274 635 325 ll.

178 393 263 439 Utrum
273 394 354 449 oratio
368 394 533 439 eooverrienter
546 392 669 439 dividatur
683 402 724 448 per
733 379 872 448 operantem
890 388 933 433 et

119 465 122 470 ’
444 458 615 514 cooperantem,

170 577 203 627 td
217 576 341 627 secundum
359 574 392 625 sic
404 573 534 640 proceditur
543 572 586 639 (t).
597 573 690 623 Videtur
699 570 760 635 quod
774 572 847 635 gratia
861 568 961 621 incorr

138 646 256 697 uenienter
275 646 389 697 dividatur
409 658 450 711 per
472 644 606 711 operantem
632 648 655 695 et
675 646 845 709 cooperantem.
866 640 964 693 Grati

140 717 202 768 enim
216 717 323 769 accidens
338 718 450 782 quoddam
463 722 513 779 est,
531 722 556 768 ut
574 716 641 782 sopri
659 716 743 766 dictum
757 718 792 767 est
806 714 867 779 (qu.
886 714 963 767 110

140 794 182 839 art.
195 791 237 852 2).
252 788 296 840 Sed
317 789 424 841 accidens
438 802 485 841 non
501 793 576 853 potest
596 801 661 854 agere
681 787 705 839 iu
723 786 861 851 subjectum.
885 784 965 847 Ergo

95 886 99 892 ·
140 860 203 910 nulla
211 860 284 924 gratia
297 860 364 910 debet
374 859 419 911 dici
429 875 543 925 operulae.

173 936 196 981 2.
212 932 338 995 Praeterea,
357 931 377 981 sl
396 932 468 995 gratia
481 932 565 995 aliquid
584 935 691 996 operetur
704 930 727 980 in
745 930 826 991 nobis,
845 928 967 979 maxim«

142 1003 281 1068 operatorio
295 1004 359 1054 uobis
367 1004 561 1068 justificationem.
571 1004 614 1054 Sed
630 1005 675 1055 lroc
686 1017 732 1055 nou
744 1003 792 1054 sola
801 1002 876 1065 gratia
890 1013 968 1065 ope

142 1078 205 1125 ratur
215 1074 240 1124 ln
251 1074 332 1139 nobls;
345 1074 398 1125 dicit
408 1075 470 1126 enim
482 1075 621 1139 Augustinus
633 1087 700 1139 super
712 1074 767 1124 illud
775 1075 862 1133 loon„
873 1073 948 1123 XIV

127 1196 131 1201 .
145 1148 240 1212 «Opera
252 1161 303 1212 que
314 1147 437 1212 egotaoio,
450 1148 536 1212 etipse
549 1146 625 1197 lactet.
638 1164 651 1193 »
664 1148 745 1212 (Serm.
759 1146 811 1200 lllll
823 1146 852 1196 de
867 1143 968 1196 verbis

144 1218 258 1284 Apostoli)
276 1235 281 1267 :
299 1237 312 1267 u
327 1220 370 1277 Qui
387 1218 472 1269 crearit
484 1222 508 1270 te
525 1219 575 1268 sine
589 1221 626 1280 te,
644 1232 690 1268 nou
703 1217 838 1281 justificabit
851 1221 877 1267 te
901 1217 970 1268 sine

143 1294 174 1340 te.
195 1290 281 1352 »Ergo
293 1290 354 1340 nulla
369 1290 439 1353 gratia
451 1291 517 1341 debet
535 1291 580 1340 dici
597 1289 731 1354 simpliciter
747 1302 852 1354 operans.

175 1365 199 1411 d.
210 1361 323 1413 Praeterea
329 1399 338 1424 ,
350 1363 482 1425 cooperari
494 1362 575 1412 alicui
586 1361 676 1411 ridetur
686 1360 798 1425 pertinere
812 1360 840 1411 ad
849 1360 970 1411 inferius

144 1444 227 1495 agens,
244 1446 291 1483 non
302 1436 378 1483 autem
388 1432 416 1483 ad
427 1432 583 1498 principalius.
597 1432 641 1483 Sed
651 1433 721 1497 gratia
731 1430 883 1497 principalius
894 1444 969 1496 ope-

145 1507 206 1554 ratur
214 1504 239 1554 iu
254 1504 322 1555 nohis
335 1504 403 1568 quim
411 1504 507 1555 liberum
519 1506 652 1568 arbitrium,
665 1503 788 1555 secontiam
797 1504 853 1555 illud
863 1506 965 1559 idom..

146 1576 194 1625 lit:
211 1576 284 1626 «Non
297 1579 332 1626 est
347 1575 457 1626 currentis
466 1590 540 1641 neque
552 1577 663 1638 volentis,
677 1578 718 1627 sed
728 1574 856 1628 miserentis
870 1576 930 1627 liei.
944 1594 964 1626 »

146 1647 205 1711 Ergo
219 1648 291 1710 gratia
309 1660 355 1699 non
373 1648 441 1699 debet
454 1648 500 1699 dici
516 1663 648 1715 cooperans.

178 1721 200 1770 t.
217 1722 336 1785 Praeterea,
348 1719 429 1771 divisio
442 1722 509 1772 debet
523 1722 571 1772 dari
582 1736 624 1787 per
633 1722 747 1787 opposita.
759 1722 801 1773 Sed
812 1724 924 1787 operari
936 1726 967 1772 et

147 1793 277 1856 cooperari
296 1805 342 1843 non
361 1797 413 1842 sunt
430 1793 549 1859 opposita;
566 1792 625 1843 idem
643 1793 703 1844 euim
720 1796 797 1857 polest
814 1794 906 1859 operari
933 1797 965 1845 et

104 1864 115 1887 ⁸
147 1863 270 1927 cooperari.
286 1864 345 1926 Ergo
359 1859 545 1915 inconuerricnter
555 1863 668 1915 'diuiditur
680 1864 750 1929 gratia
763 1878 805 1929 pen
815 1867 960 1930 operantem

148 1940 171 1983 et
184 1938 350 1999 cooperantem.

180 2006 226 2057 Sed
237 2010 315 2057 contra
326 2011 376 2072 est,
390 2010 450 2072 quod
462 2008 600 2072 Augustinus
618 2008 673 2060 dicit
683 2006 707 2059 iu
716 2008 756 2060 lilt.
773 2008 811 2061 De
821 2008 912 2075 pratia
928 2013 961 2059 et

149 2076 228 2127 libero
239 2078 316 2128 uadit.
332 2079 441 2144 (capit)
456 2096 461 2129 z
479 2097 493 2128 o
507 2080 654 2147 Cooperando
667 2082 726 2131 Deus
740 2081 765 2131 in
779 2081 844 2132 nobis
860 2078 958 2146 perlicit

149 2150 210 2215 quod
218 2151 332 2215 operando
343 2151 438 2218 incepit,
449 2153 503 2218 qnia
510 2152 559 2217 ipse
570 2157 595 2203 nt
605 2152 701 2204 velimus
709 2157 814 2218 operatur
823 2151 953 2217 incipiens,

150 2222 190 2287 qul
205 2222 334 2274 uolentibus
351 2228 484 2288 cooperatur
501 2224 629 2288 perficiens.
649 2241 662 2271 u
676 2225 719 2275 Sed
734 2222 878 2289 operationes
891 2223 952 2285 Dei,

150 2294 232 2357 quibus
243 2298 320 2345 movet
333 2306 375 2345 nos
389 2295 567 2361 autonomon
582 2295 677 2359 gratiam
691 2296 813 2362 pertinent.
824 2297 883 2360 Ergo
893 2308 953 2346 con-

151 2365 269 2416 venienter
285 2365 356 2429 gratia
369 2366 474 2417 dividitur
487 2379 528 2431 per
539 2372 670 2431 operantem
684 2371 706 2417 et
715 2369 883 2432 cooperantem.

184 2436 346 2502 (Concrosro.
354 2463 387 2475 -
396 2436 453 2489 Cdm
462 2438 524 2489 illam
533 2438 668 2491 divisionem
680 2452 725 2503 qua
738 2440 810 2503 gratia
824 2438 950 2490 secundnm

152 2506 253 2559 diversos
270 2508 363 2559 ellectus
379 2508 404 2558 in
424 2513 555 2574 operantem
575 2514 599 2561 et
620 2514 778 2573 cooperantem
792 2509 950 2573 disdnguitur,

152 2581 270 2643 Apostolus
283 2580 319 2631 ud
330 2581 503 2646 Philippenses
517 2581 600 2633 innuat
610 2583 647 2632 his
659 2582 735 2633 vorbis
746 2598 751 2631 :
764 2584 849 2633 «Deus
863 2586 897 2632 est
910 2582 950 2644 qui

186 2722 217 2784 lt)
235 2726 267 2771 lle
287 2725 323 2770 his
342 2726 413 2770 etiam
425 2725 450 2769 in
462 2726 500 2782 11,
512 2723 591 2773 Soet„
605 2724 659 2770 diat.
677 2724 717 2784 26,
731 2736 772 2783 qu.
789 2723 817 2780 t,
832 2730 874 2770 ort.
889 2722 912 2782 o,
926 2725 949 2768 in

153 2798 237 2895 ¹cooerip.6
249 2792 273 2834 et
282 2800 322 2896 (pu.
334 2788 365 2832 2⁷
375 2819 381 2847 ,
392 2787 420 2833 de
431 2787 512 2845 verit,
527 2792 570 2834 art.
582 2786 607 2850 5,
619 2786 647 2832 nd
660 2787 687 2843 1;
702 2793 726 2834 et
738 2789 769 2834 ll.
782 2786 813 2835 od
827 2787 892 2837 Cor..
905 2786 948 2847 Vl,

203 2881 208 2894 .
240 2861 305 2908 ,co.
