1992 3317
122 129 166 175 att
215 148 222 158 =
255 136 361 175 sncnnna
377 136 504 185 sncnnne,
519 136 612 179 consa.
630 138 675 184 xn,
687 137 742 173 aar.
759 138 785 173 n.

123 232 136 260 rr
150 212 265 277 producite
281 212 352 261 aciem
366 224 407 275 pro
421 211 554 261 defensione
573 211 702 274 reipublice
713 229 726 259 u
739 212 880 264 obediebant
895 216 927 265 ei.

123 286 181 348 Ergo
207 288 300 347 propter
323 280 459 345 apostasiam
476 282 584 347 principis
602 282 686 333 subditi
709 296 755 333 non
776 284 930 336 absolvuntur

124 356 152 405 ab
166 355 218 419 ejus
231 352 338 404 dominio.

155 430 178 473 a.
191 426 304 474 practerea
313 425 430 487 ,apostata
442 422 455 472 a
465 423 509 473 lide
527 423 625 473 infidelis
636 426 679 487 est,
692 426 731 474 secl
742 424 876 477 infidelibus
889 430 931 479 do-

124 496 192 545 minis
203 494 351 545 inueniuntur
364 494 434 559 aliqui
447 494 520 545 sancti
534 495 579 543 uiri
591 494 683 544 fideliter
695 494 802 557 servisse,
816 496 881 549 sicut
891 500 931 548 to·
961 528 967 541 -

123 568 179 630 seph
205 564 330 628 Pharaoni,
350 567 374 614 et
397 564 475 615 Daniel
493 566 706 627 Nabuchodonosor,
725 568 748 615 et
770 566 932 620 llardocbaens

123 640 232 690 dssrrcro.
244 638 303 699 Ergo
316 639 410 699 propter
421 636 556 700 apostasiam
571 635 582 684 l
597 634 640 685 lide
650 648 696 685 non
709 640 744 686 eat
755 635 930 704 dimittendum,

123 708 177 773 quin
191 707 289 771 principi
302 707 420 757 obediatur
432 706 445 756 'a
461 706 567 757 subditis.

156 784 178 827 3.
192 780 318 841 Praetcrea,
333 779 392 828 sicut
411 792 452 842 per
471 778 608 843 apostasiam
622 777 635 827 l
647 778 691 828 lide
711 777 825 829 receditur
837 780 850 831 a
863 782 930 845 beo,

123 850 154 899 ita
166 863 208 914 per
221 850 337 912 quodlibet
351 854 478 914 peccalum.
490 850 517 899 Si
531 862 585 911 ergo
598 852 691 913 propter
703 850 840 911 apostasiam
854 852 868 901 a
882 854 932 904 ilde

124 923 245 984 perderent
265 920 381 985 principes
402 921 442 984 jus
465 920 592 985 imperandi
612 920 708 969 subditis
731 918 853 984 fidelibus,
878 926 932 988 pari

123 992 211 1042 ratione
221 995 313 1056 propter
324 996 416 1055 peccata
426 992 464 1041 illa
477 993 521 1041 boc
531 991 668 1041 amitterent.
679 992 724 1041 Sed
738 991 782 1041 boc
794 997 860 1055 patet
875 1006 930 1045 esse

125 1065 216 1114 laisum.
230 1066 279 1113 Nou
298 1075 352 1126 ergo
366 1067 459 1126 propter
477 1061 613 1127 apostasiam
634 1061 703 1111 abde
724 1065 759 1111 θεῖ
773 1066 933 1116 recedendum

127 1134 155 1184 ab
169 1134 296 1185 obedientia
310 1133 447 1197 principum.

119 1216 122 1222 ·
157 1208 201 1257 Sed
211 1208 290 1256 contra
301 1207 348 1262 est,
362 1202 421 1267 qubd
432 1204 552 1267 Gregorius
560 1204 601 1253 llll
616 1204 670 1254 dicit
679 1202 729 1269 ill:
748 1220 761 1251 u
774 1204 821 1255 Nos
836 1212 933 1258 sancto-

128 1292 178 1328 rum
189 1276 380 1340 predecessorum
393 1278 477 1325 smirna
487 1280 607 1337 tenentes,
618 1288 658 1325 eos
668 1275 707 1337 qui
716 1277 933 1341 excommunicatio,

129 1348 236 1397 fidelitate
250 1349 290 1395 ant
303 1346 424 1409 juramenti
441 1347 587 1397 Sacramenta
601 1348 654 1395 sunt
664 1345 793 1410 constricti,
805 1342 935 1411 apostolica

130 1417 262 1466 arrctoritate
279 1416 292 1465 b
305 1419 451 1467 sacramento
462 1416 614 1479 absolvimus,
625 1420 647 1466 cl
660 1428 688 1465 ne
700 1416 732 1465 eis
744 1416 879 1467 lldelitalem
892 1422 934 1470 ob·

130 1492 234 1548 seruent,
247 1487 351 1537 omnibns
362 1488 434 1537 modis
444 1487 604 1551 probibemus,
617 1500 733 1551 quoiusque
748 1487 776 1536 ad
792 1488 935 1541 satisfactio-

130 1572 183 1609 nem
197 1558 298 1609 ueuiaut.
309 1576 322 1605 n
333 1559 378 1608 Sed
390 1563 497 1623 apostalae
509 1558 522 1606 'a
532 1558 575 1607 lide
588 1562 642 1607 sunt
654 1558 863 1621 excommunicati,
872 1560 935 1610 sicut

130 1636 153 1681 ot
162 1632 276 1695 baeretici,
288 1636 313 1681 nt
323 1630 380 1681 dicit
388 1629 510 1681 decretalis
521 1634 592 1679 extra.
608 1628 635 1679 de
643 1628 771 1692 hereticis,
782 1630 819 1678 ud
831 1630 934 1682 adolen-

130 1704 192 1752 dum
201 1705 209 1764 t
217 1703 256 1753 nbi
271 1703 363 1767 snpra).
375 1703 432 1765 Erpa
448 1701 589 1765 principibus
602 1698 781 1763 apostatantibus
794 1700 809 1750 d
821 1702 867 1753 lide
886 1716 934 1755 non

129 1779 165 1826 cst
176 1776 337 1827 obediendum.

163 1847 324 1907 (Concnnsro.
340 1873 372 1882 -
395 1846 467 1903 Quum
489 1844 541 1907 quia
560 1857 600 1908 per
622 1844 758 1895 sententiam
783 1845 935 1897 dennutiatur

131 1921 223 1979 propter
235 1916 370 1979 apostasiam
383 1916 604 1975 excommunicat-ns,
619 1916 669 1979 ipso
687 1916 758 1979 iacta,
776 1916 829 1979 ejus
846 1918 936 1968 subditi

132 1988 256 2037 adorninio
266 1992 290 2036 el
301 1989 430 2050 juramento
444 1986 559 2037 lidelitalis
574 1986 625 2051 ejus
640 1986 730 2037 liberati
745 1988 826 2045 snat.)

162 2058 297 2121 Respondco
309 2058 442 2119 dicendum,
456 2057 514 2121 qubrl
532 2058 591 2107 sicut
604 2057 672 2122 snpra
685 2057 817 2107 dictumest
829 2058 877 2121 (qn.
892 2064 933 2123 ld,

132 2134 175 2178 art.
188 2134 247 2190 lod,
260 2128 380 2178 infidelitas
390 2129 517 2178 secundum
531 2128 629 2193 seipsam
639 2142 684 2179 non
695 2130 809 2191 repugnat
820 2128 934 2189 dominio,

132 2214 160 2251 eo
173 2199 233 2263 qnbd
248 2200 371 2249 dominium
381 2200 535 2249 introductum
551 2204 586 2249 est
596 2200 686 2264 dejure
696 2200 795 2262 gentium
805 2238 812 2262 ,
823 2200 885 2262 qnod
900 2206 936 2251 est

132 2274 170 2334 jus
183 2272 315 2320 lrnmannm.
330 2269 451 2321 distinctio
464 2275 540 2321 numm
553 2272 653 2321 bdelium
669 2274 693 2321 el
706 2268 832 2319 infidelium
847 2274 883 2319 est
898 2284 935 2321 εθ-

134 2343 231 2392 modam
246 2342 285 2404 jus
304 2340 418 2402 divinum,
433 2354 476 2405 per
495 2342 554 2404 qnod
579 2354 625 2391 non
642 2340 727 2391 tollitur
740 2340 779 2403 jus
795 2340 934 2391 humanum.

134 2414 177 2463 scd
193 2411 276 2475 aliquis
292 2427 332 2476 per
345 2412 502 2462 infidelitatem
515 2424 612 2475 peccans
625 2415 701 2475 potest
716 2410 884 2462 sententialiter
896 2412 936 2476 jus

134 2484 230 2535 dominii
238 2484 355 2544 amittere,
366 2483 426 2535 sicut
435 2483 507 2533 etiam
519 2484 654 2547 quaudoque
671 2485 763 2547 propter
777 2482 834 2541 alias
845 2483 935 2547 culpas.

134 2556 168 2603 dd
185 2555 310 2605 Ecclesiam
326 2557 402 2603 numm
412 2568 458 2605 nou
472 2555 573 2618 pertinet
583 2554 664 2618 punire
678 2553 837 2605 infidelitatem
852 2552 937 2603 inillis

134 2626 174 2687 crui
187 2639 301 2688 urruqnam
320 2626 386 2673 llrlern
405 2629 568 2688 suscoperunt,
582 2625 707 2675 secandum
724 2624 778 2673 illud
798 2626 905 2689 llpaatali
917 2626 934 2687 l,

167 2786 196 2845 (ll
209 2792 234 2834 ln
246 2790 336 2846 Spnndo
348 2793 458 2842 Romana,
473 2789 498 2832 nt
508 2790 606 2833 rciertnr
616 2788 685 2835 ctiam
696 2789 718 2833 in
730 2790 849 2851 Decretis,
862 2786 935 2835 Causa

135 2850 162 2894 15
171 2885 177 2910 ,
192 2860 272 2909 arnust.
285 2854 313 2912 6,
326 2865 378 2908 cap.
396 2852 443 2898 Nar
457 2852 616 2912 Sanctam-nm,
634 2853 672 2897 nbi
689 2856 799 2897 tancmer.
