1992 3317
127 126 177 180 stt
237 135 488 188 summasunmna,
504 135 598 184 ouum.
614 135 702 185 mur,
718 134 774 176 ur.
790 133 818 173 n.

127 217 178 268 doro
194 215 285 266 tristitia
305 227 352 266 nou
366 217 443 279 potost
459 212 515 265 oriri
528 226 561 263 cx
575 213 641 264 honis
657 212 778 276 honestis,
795 225 824 264 cx
841 210 932 276 quihus

125 287 207 352 aliquis
216 285 293 350 justus
310 285 420 348 officiium
436 286 475 336 sori
487 284 546 335 sicut
559 285 713 348 Philosophus
728 284 783 334 dicit
796 284 821 334 iu
833 285 856 335 u
870 287 935 336 thic-

126 363 175 409 tor.
192 351 260 422 (cap'.
271 355 312 420 o),
323 357 396 407 ostric
408 357 510 420 diuitiis,
522 362 547 407 ct
560 357 588 406 dc
601 357 683 406 tatibus
697 370 747 420 quae
760 360 862 419 possunt
876 370 933 420 pro

124 430 204 495 rouirp
213 427 289 492 dignis
297 431 320 478 ct
333 427 448 491 indiguis;
458 431 481 478 et
489 429 540 478 hac
547 426 648 487 tristitia,
657 426 783 476 coeundum
794 428 883 490 ipsum,
891 442 935 478 uo

124 504 188 550 catur
196 499 309 560 nemesis,
321 501 344 550 ot
358 499 456 564 pertinet
469 501 497 549 ad
512 500 585 549 honos
597 511 680 549 moros.
690 499 736 548 Scri
747 501 793 549 hoc
801 499 854 550 ideo
864 500 933 561 dicit,

125 570 178 633 quic
194 569 351 621 considerabat
369 569 418 632 ipsa
436 569 495 620 hona
513 568 648 634 tempomtia
661 569 788 619 somnium
806 583 846 631 sc,
862 574 935 634 prout

126 645 225 706 possunt
238 653 319 704 magna
329 640 401 691 videri
416 654 461 691 uon
476 641 652 704 respicientibus
664 640 693 690 ad
708 646 803 691 aetcrua.
818 642 881 703 Seri,
897 656 936 693 so·

128 711 228 762 cundhm
243 711 366 762 doctrinam
382 709 667 775 fidei,tcmpora1iahona
684 725 736 774 qua
757 713 861 775 indignis
879 726 935 778 pro-

128 782 224 834 ueniunt
231 820 238 846 ,
253 796 282 832 ox
295 783 357 846 justa
369 782 410 834 Dei
423 782 565 833 ordinatione
582 783 747 846 disponuntur,
757 784 795 833 vel
811 785 841 834 ari
851 798 935 834 corum

128 854 304 915 correctionem,
317 854 355 904 rot
365 855 393 904 ari
403 867 480 904 eorum
491 853 671 916 damnationem
685 858 709 904 et
723 854 858 916 huiusmodi
872 856 937 906 hona

129 925 193 990 quasi
206 925 263 975 nihii
276 928 329 976 sunt
342 925 366 974 in
374 925 543 987 comparatione
555 925 651 975 ahhoua
659 925 734 974 futura
745 939 798 988 qum
812 931 938 976 serrantur

130 997 205 1050 honis.
221 999 249 1050 iit
259 998 311 1049 ideo
324 996 456 1060 hujusmodi
469 996 563 1046 tristitia
578 997 709 1060 pmhihotur
723 997 749 1046 ia
763 997 886 1062 Scriptura
899 1012 938 1048 sa·

130 1080 182 1128 cra,
197 1067 320 1119 cocuntium
333 1066 388 1116 iliud
402 1066 497 1116 Psotm.
513 1067 622 1117 xxxv1:
639 1067 715 1117 «Noti
729 1067 835 1117 amuiari
847 1069 873 1117 iu
884 1081 937 1118 rna-

130 1139 276 1204 lignantihus,
293 1151 367 1203 nequo
380 1136 488 1188 aciaroris
498 1137 608 1188 iacientes
622 1137 779 1201 iniquitatem
798 1155 813 1186 u
827 1144 851 1189 st
862 1141 937 1201 aiihi,

131 1211 228 1261 Pcclm.
246 1210 325 1260 txxh
342 1225 348 1258 :
364 1227 378 1258 c
393 1209 454 1260 Pcnt
467 1209 535 1259 effusi
550 1212 604 1258 sunt
617 1221 708 1272 gressus
718 1208 777 1272 moi,
790 1211 847 1272 quia
860 1211 937 1261 zelavi

131 1295 198 1344 super
212 1280 302 1343 iniquos
307 1317 315 1344 ,
328 1293 406 1344 paoem
420 1283 564 1344 peccatorum
577 1281 667 1330 videus.
679 1296 694 1326 u
709 1282 795 1340 Quarto
809 1284 881 1334 modo
893 1283 937 1333 ali·

130 1355 183 1414 quis
194 1351 296 1402 tristatur
305 1352 333 1402 de
343 1352 409 1403 honis
420 1352 517 1416 alicuius
526 1351 551 1400 iu
564 1355 673 1415 quantum
684 1353 740 1401 aitcr
751 1353 846 1402 excedit
859 1354 936 1420 ipsum

130 1423 155 1474 iu
166 1423 246 1486 honis3
262 1427 284 1474 ot
295 1425 338 1476 hoc
349 1423 439 1488 proprii
450 1429 484 1474 est
497 1423 592 1474 inuidia.
611 1426 640 1474 nt
657 1425 718 1474 istud
728 1437 822 1488 semper
832 1429 872 1476 est
881 1441 937 1491 pra·

129 1509 194 1558 rum,
204 1499 230 1546 ut
239 1497 308 1547 otiam
319 1496 471 1560 Philosophus
480 1494 534 1546 dicit
547 1495 604 1546 init
618 1498 717 1546 Rhetor.
730 1496 796 1560 (cap.
808 1497 872 1562 to);
882 1499 937 1562 quia

131 1569 190 1620 duim
200 1569 228 1618 (ic
240 1581 267 1619 co
280 1581 325 1632 quo
339 1571 375 1618 ast
390 1567 546 1630 gaudendum,
562 1567 650 1617 sciticat
663 1568 692 1618 do
702 1569 761 1618 hono
774 1569 887 1631 proximi.

161 1642 196 1691 hd
212 1640 310 1704 primurn
331 1651 384 1704 erpo
395 1638 532 1701 ticonium,
543 1637 605 1698 ouhd
622 1637 655 1688 ihi
673 1639 769 1689 sumitur
784 1638 877 1690 invidia
890 1653 937 1705 pro

132 1713 196 1777 uelo,
216 1727 261 1778 quo
281 1711 332 1778 quio
350 1711 417 1762 dohet
433 1709 525 1761 incitari
541 1711 568 1760 ad
588 1709 752 1774 proiciendum
773 1723 829 1760 cum
848 1713 938 1764 ructio-

131 1785 205 1836 rihus.

163 1857 196 1906 hd
205 1857 327 1906 secundum
340 1854 458 1906 dicandum
464 1891 472 1917 ,
485 1853 546 1918 quod
558 1853 618 1903 ratio
630 1853 670 1902 ilia
683 1853 785 1917 procedit
799 1855 829 1905 do
842 1853 939 1906 tristitia

132 1926 257 1978 alienorum
267 1927 376 1977 honorum
391 1925 515 1976 secundini
527 1924 626 1988 primum
638 1925 739 1974 morium.

165 1999 198 2048 hd
211 1997 304 2048 tortium
317 1997 448 2060 dicandum,
459 1994 521 2060 quid
532 1994 618 2045 inuidia
630 1995 728 2046 ditiorth
741 1995 800 2056 colo,
810 1995 876 2048 sicut
887 1999 939 2049 dic-

133 2072 181 2120 tum
202 2065 260 2120 est:
275 2070 334 2120 raude
348 2070 410 2119 zetus
431 2069 514 2132 aliquis
528 2069 603 2132 potest
620 2079 672 2118 osso
689 2067 776 2130 honus,
792 2069 834 2118 scri
847 2069 938 2121 inuidia

134 2155 224 2205 comper
239 2144 274 2191 est
287 2141 354 2192 maia.

166 2213 199 2262 td
216 2214 319 2275 quartum
334 2211 466 2272 dicundum,
481 2209 543 2274 quod
556 2210 614 2260 nihil
626 2209 735 2276 prohihct
744 2209 836 2273 aliquod
846 2224 934 2275 peom-

133 2287 181 2333 tnm
194 2283 281 2334 ratione
299 2283 394 2346 alicujus
412 2281 513 2344 adjuncti
532 2282 622 2345 poenalo
637 2294 703 2346 essa,
714 2284 741 2331 ut
758 2281 831 2346 rupit
847 2282 934 2334 dictum

132 2358 168 2405 ost
178 2353 219 2420 (t),
235 2353 287 2404 cim
300 2353 437 2418 deposcatis
451 2356 572 2416 ageretur:

167 2508 198 2572 (i)
216 2509 304 2569 Nompo
316 2507 340 2570 1,
352 2509 376 2571 h,
389 2520 430 2566 qu.
440 2507 480 2568 87,
496 2513 540 2556 art.
555 2508 579 2554 h.
