1992 3317
657 0 661 1 ⁷
674 3 995 22 Ἤ

290 159 322 198 bn
337 158 502 200 ommim
516 161 649 203 mmm.
823 158 869 205 ibt

55 239 157 292 quamq
179 235 239 300 qabd
257 247 304 286 non
320 235 350 286 eit
367 237 395 288 de
415 239 551 296 amentata
567 241 691 306 pronepti,
707 242 768 306 qued
781 247 870 295 munta

57 307 195 363 admonitio
209 307 323 371 procedet
335 307 449 371 pubboau
469 309 675 363 denuntiationem.

92 387 122 432 n.
137 381 322 438 pentemimeri
335 377 423 429 uidetur
437 393 488 430 enee
502 382 631 445 probabile,
641 383 700 447 qubd
713 397 741 435 ea
757 389 870 449 quaeunt

56 452 85 506 in
102 449 224 503 communi
242 449 406 500 mmuetudine
418 451 590 516 religiosorum,
606 454 654 505 eint
664 458 744 506 eontra
757 461 869 523 praeopta

57 523 163 576 Christi.
180 521 224 572 Sed
239 523 372 572 mennatum
387 527 424 572 est
435 523 460 573 in
474 523 637 588 mineorum,
654 525 715 591 quod
729 528 754 578 in
766 528 870 593 capitulis

57 594 137 660 aliqui
150 592 319 658 proclamentur
331 593 360 643 de
371 593 457 658 culpis,
466 594 528 645 nulla
540 600 627 647 recreta
640 598 797 650 admonitione
808 613 869 664 prm

57 667 145 718 missa.
158 664 218 728 Ergo
228 662 326 726 ridetur,
334 663 395 728 qudd
403 666 447 715 lroe
458 679 505 716 non
517 667 548 718 nit
558 667 587 718 de
602 671 740 720 necessitate
752 671 868 735 pronepti.

95 742 124 787 5.
139 737 266 798 Pmtena,
281 734 382 799 religiosi
398 739 505 788 tenentur
525 737 573 788 enin
592 739 691 802 prelatis
702 740 802 793 obedire.
823 742 868 793 Sed

58 809 207 874 quandoque
222 807 311 870 praelati
328 808 475 873 precipiunt,
489 810 526 859 rel
538 809 687 861 eommuniter
699 812 817 872 omnibm,
828 812 866 862 rel

59 879 136 932 alieni
155 877 297 943 specialiter,
311 879 370 930 utei
390 879 444 944 quid
466 880 511 931 mit
526 881 700 945 corripendum,
715 882 750 932 eie
771 883 867 934 diettnr.

60 955 126 1016 Ergo
141 950 233 1000 uidetur
250 949 310 1014 qued
331 951 365 1001 eie
378 955 498 1004 teneantur
512 952 590 1003 denae
605 952 674 1003 etiarn
691 956 744 1004 ante
758 957 869 1005 neemiam

61 1022 255 1076 admonitionem.
274 1023 325 1074 lion
342 1026 378 1074 est
394 1037 448 1087 erpo
467 1025 495 1076 de
508 1023 642 1075 emitote
655 1024 778 1088 praecepti,
791 1027 818 1074 ut
830 1038 868 1076 ee-

61 1099 130 1148 ereta
144 1093 269 1144 admonitio
282 1095 393 1158 praemiat
408 1094 524 1159 publieam
541 1095 744 1146 denuntiationem.

95 1166 240 1218 sedamen
259 1169 311 1228 eet,
328 1167 388 1228 qnod
409 1165 549 1229 inquorum
569 1166 624 1217 dieii
637 1165 662 1216 in
682 1165 722 1217 lib.
738 1168 776 1217 De
788 1166 870 1218 eerdie

61 1238 176 1290 Domini
187 1235 196 1299 (
206 1249 275 1288 term.
290 1236 353 1301 16),
365 1249 483 1301 exponens
496 1237 552 1288 illud
566 1253 573 1288 z
589 1254 604 1285 a
613 1237 706 1303 corripe
719 1238 796 1303 ipeum
810 1237 870 1289 inter

61 1313 87 1362 te
97 1313 126 1362 et
135 1309 217 1373 iprum
222 1309 325 1359 mlum...
340 1308 439 1359 Siudem
450 1308 869 1376 mnemonipareem-pudomlortt

61 1379 130 1434 euim
149 1392 197 1443 pre
216 1378 352 1430 rmemndia
373 1376 453 1443 incipit
469 1380 591 1432 defendere
611 1384 729 1444 peecatum
751 1395 833 1444 enum,
846 1384 871 1433 et

61 1465 136 1516 quem
149 1450 188 1501 ris
201 1449 276 1501 faeere
290 1450 415 1512 meliomm,
428 1451 484 1502 lade
500 1453 612 1516 peiorem.
622 1453 690 1502 »Sed
704 1453 732 1502 ad
745 1455 790 1503 boe
803 1457 868 1504 tene·

61 1537 119 1574 mur
131 1535 174 1588 per
185 1523 324 1586 proneptem
338 1521 464 1583 alteritatis,
474 1527 501 1573 ut
512 1535 636 1573 munemne
646 1536 676 1574 ne
690 1523 761 1574 trater
771 1524 870 1575 deterior

61 1593 328 1656 ementitumque
344 1593 489 1646 eorreolionie
499 1593 606 1646 fraterno
616 1595 678 1645 eadit
693 1595 736 1645 eub
746 1598 868 1658 praeopto.

95 1666 266 1730 (emmeno.
279 1691 311 1704 -
319 1667 413 1728 oportet
428 1669 538 1716 eeoretam
550 1665 744 1726 admonitionem,
755 1665 870 1729 publieam

61 1737 197 1803 praeoedere
219 1735 372 1799 delinquentis
386 1731 595 1797 denuntiationem,
609 1736 648 1786 ubi
670 1739 764 1800 pemati
781 1737 869 1786 occulta
922 1732 926 1737 ’

63 1812 136 1872 runt,
153 1811 178 1859 et
197 1821 243 1860 nou
257 1811 335 1858 eoutm
347 1821 466 1858 mmmune
483 1808 583 1871 bonnm3
595 1808 635 1858 ubi
649 1806 705 1858 verb
717 1805 807 1870 publiea
815 1819 870 1870 peo-

65 1887 121 1933 oatn
136 1885 206 1944 eunt,
219 1881 255 1930 uel
266 1881 352 1932 oemlta
364 1882 442 1930 eontra
452 1880 538 1930 bonnm
546 1893 667 1930 commune
675 1878 797 1935 eommieea
807 1915 814 1938 ,
823 1891 871 1930 non

63 1957 104 2005 eet
126 1965 219 2016 semper
237 1964 333 2003 neeesse
351 1951 479 2016 praendere
495 1954 604 2001 tamtam
619 1948 812 2013 admunitionem,
830 1950 870 2000 ned

64 2025 203 2085 interdum,
220 2026 309 2074 menta
323 2021 475 2074 admonitione
488 2022 588 2086 emina,
602 2022 770 2088 proeedendum
792 2024 829 2072 eet
842 2023 870 2072 ad

65 2093 274 2148 denuntiationem.
285 2093 295 2159 l

97 2165 237 2230 despondeo
250 2165 386 2226 dicendam,
397 2164 457 2229 quod
469 2165 529 2216 eirea
545 2165 658 2230 publieam
671 2162 868 2214 denuntiationem

65 2239 218 2303 peecatorum·
230 2235 414 2297 dietiamrendum
428 2238 462 2286 eet
472 2251 478 2286 ε
489 2235 597 2286 autenim
606 2238 700 2300 peccata
709 2234 869 2299 nuntpublim,
975 2248 979 2259 ·

66 2313 108 2360 aut
117 2311 173 2358 sunt
185 2307 283 2357 oemltn.
296 2305 413 2370 Siquidem
424 2306 469 2358 aiut
483 2307 572 2372 publiea
579 2343 587 2370 ,
598 2319 645 2357 non
658 2308 791 2357 esitantem
806 2305 871 2355 adbi-

67 2381 170 2433 bmdum
183 2377 308 2430 remedium
326 2379 349 2428 ei
368 2379 407 2442 qui
423 2379 539 2442 pemavit,
554 2384 581 2430 ut
592 2378 672 2429 melior
684 2378 733 2442 liat,
747 2377 869 2428 sedetiam

68 2451 134 2514 nliir,
149 2449 280 2514 inquorum
292 2448 396 2500 nostiam
412 2449 519 2512 devenit,
530 2455 557 2501 ut
574 2463 621 2500 non
639 2447 826 2499 emndalinerrtur.
842 2449 872 2500 dt

67 2524 121 2576 ideo
132 2521 187 2572 talia
200 2524 295 2585 peteme
304 2523 358 2571 eunt
369 2520 459 2584 publiel
467 2523 595 2586 arguenda,
606 2519 731 2573 seeundbm
742 2519 799 2570 illud
812 2521 873 2584 ipe·

69 2595 123 2646 stoli
141 2595 152 2644 l
168 2592 204 2642 ad
223 2592 345 2656 Timotlt„
359 2593 377 2641 ll
396 2608 403 2642 ι
420 2594 569 2644 «peccantes
589 2605 663 2643 coram
676 2589 780 2641 omnibne
792 2604 870 2656 argue,

70 2669 97 2720 nt
109 2669 134 2718 et
148 2663 228 2718 eaeteri
242 2663 346 2714 timerem
357 2663 464 2716 babeant.
478 2680 492 2712 rr
504 2665 568 2724 Quod
580 2662 713 2726 intelligitur
727 2663 755 2712 de
769 2663 871 2725 peecatir

70 2735 177 2803 publicis,
192 2739 218 2786 ut
231 2733 372 2799 Augustinus
387 2733 442 2786 dieii
451 2734 477 2786 in
491 2734 530 2786 tib.
552 2735 589 2786 De
599 2733 682 2785 verbio
693 2732 801 2782 Domini
815 2732 873 2796 (ubi

71 2810 165 2872 eopia).
175 2806 205 2858 Si
217 2805 272 2858 verb
283 2805 329 2860 nint
337 2809 429 2870 peonta
442 2807 544 2869 oeoulta,
557 2805 591 2858 aio
603 2805 694 2856 uidetur
702 2803 787 2853 trabere
796 2802 872 2852 loeurn

62 2881 132 2948 qued
147 2877 391 2934 nominmdime«
411 2877 587 2947 sipeuenrerit
599 2878 625 2932 in
644 2875 756 2932 tertiato
772 2877 870 2938 temeti·
