1992 3317
263 162 299 204 m
313 158 480 207 mmmm
495 151 659 211 moenum}
815 164 862 219 ill

54 233 150 293 ministri
163 240 281 293 suumn
301 242 433 296 subusntm
449 244 484 295 eis
505 246 534 297 sal
555 247 629 312 minna
647 248 755 315 specialia
775 259 860 317 eperat

55 314 118 365 Unde
132 314 287 379 porloulcsins
300 318 339 365 ast
351 315 414 380 quod
428 316 534 369 intitules
548 320 661 385 mcipiant
676 323 803 378 dmoinium
822 327 861 379 vol

3 387 4 444 g
52 386 202 448 praelationem
212 400 286 449 super
295 387 377 438 tideles
388 402 458 452 quam
471 389 532 453 quod
545 392 657 457 accipiant
667 394 696 446 ab
710 396 744 447 m's
754 398 861 449 nielsio·

51 459 107 506 rium
118 458 227 523 mallono
237 458 347 510 mtiticio
356 460 385 509 llt
396 459 450 511 idco
459 462 569 524 permittit
577 464 680 517 Ecclesia
685 466 769 531 ,uuit
781 468 858 521 Chno-

3 565 4 573 ,
51 529 106 579 tiani
113 531 198 593 possint
209 532 292 583 colere
303 535 380 582 terras
390 533 533 597 Jnueorms,
541 534 594 598 quia
608 550 649 601 per
661 539 706 589 laec
716 554 763 591 non
772 540 859 593 nalem

53 612 144 651 necesse
156 602 292 653 conversari
315 616 369 651 cum
386 602 429 653 eis.
452 604 558 656 Salomon
572 606 639 657 etiam
660 610 755 675 expetiit
774 610 787 661 t
803 625 858 675 rega

52 671 228 737 lyrimgistros
241 688 343 738 operm
357 675 386 725 aul
394 674 457 737 ligna
469 678 616 742 musulani
628 680 723 732 hahetur
732 683 772 735 111.
786 684 853 748 lieo„

53 742 86 794 VI.
99 745 125 795 ut
139 750 236 809 umen,
249 746 273 797 si
290 760 322 797 ox
336 747 377 799 tali
396 748 600 801 communicatione
618 753 655 803 uel
671 752 777 805 conuictu
796 756 857 809 sub-

52 816 117 870 versio
127 817 231 873 nunus
244 818 386 883 moreni,
398 821 459 872 osset
471 822 564 887 penitus
583 822 773 883 murmurium.

343 992 503 1048 numeneus
519 994 562 1050 XL'

111 1182 117 1192 Ι
186 1112 279 1159 Utrum
294 1112 434 1171 infidelium
442 1114 506 1163 ritus
519 1114 570 1162 sint
579 1116 706 1165 immnuta.

72 1231 104 1283 nd
118 1233 274 1286 undecimum
286 1232 468 1300 sleprooeuitm.
481 1235 575 1288 Videtur
585 1236 714 1309 subtritus
727 1238 854 1293 infidelium

47 1316 87 1353 non
98 1305 143 1355 sint
155 1305 284 1358 tolerandi.
300 1306 446 1357 Manifestum
457 1310 491 1358 est
503 1308 564 1359 enim
573 1310 634 1373 quod
648 1310 753 1373 infideles
768 1312 792 1363 in
802 1313 852 1371 suis

45 1376 118 1427 ritihus
124 1382 235 1443 pensant,
245 1392 289 1430 eos
303 1379 427 1431 seruando.
441 1379 486 1432 sou
500 1384 592 1447 peccalo
604 1382 695 1434 uidetur
708 1386 848 1451 conscuIIre,

46 1448 82 1509 usui
95 1462 136 1501 non
149 1450 264 1516 prohihet
276 1450 332 1502 mam
341 1451 464 1516 prohibere
476 1453 561 1518 possit,
578 1457 604 1505 ut
613 1454 709 1507 hahetur
722 1458 747 1507 in
760 1459 848 1510 Glossa.

45 1521 116 1580 llum„
127 1524 148 1586 l,
162 1536 236 1588 snper
244 1522 321 1574 illud:
335 1540 349 1572 «
358 1524 411 1576 Nou
420 1523 496 1575 solum
506 1525 546 1589 qui
559 1524 705 1589 faciunt‚sed
714 1530 785 1593 etqui
795 1544 850 1599 eon·

43 1593 139 1644 sentiunt
150 1595 303 1647 iacientibus.
317 1596 404 1659 »Ergo
418 1601 515 1659 peccant
526 1596 566 1661 qui
582 1610 660 1649 eorum
673 1599 731 1650 riIus
740 1600 847 1655 iniciant.

74 1667 98 1713 l.
111 1668 223 1719 Prnlaaea
229 1704 240 1732 ,
254 1667 314 1719 ritus
323 1668 455 1732 judaeorum
466 1666 600 1721 idololatris
615 1674 783 1735 comparantur,
795 1674 850 1735 quia

42 1737 173 1798 superillnal
187 1739 297 1796 Gal.,ll
316 1754 323 1789 ι
339 1755 354 1786 a
364 1738 440 1790 Noliic
456 1739 539 1789 iterum
553 1739 611 1805 jugo
632 1740 752 1792 seruitutis
771 1744 849 1795 conti-

42 1811 99 1874 neri,
110 1829 125 1859 n
138 1813 197 1863 dicii
207 1814 289 1863 Glossa
304 1809 426 1876 (interlin.
438 1810 447 1875 )
461 1828 468 1861 s
483 1812 560 1863 «lton
574 1814 609 1863 est
620 1812 694 1863 leuior
707 1814 776 1879 nujus
789 1814 846 1879 legis

43 1883 142 1946 servitus,
153 1883 226 1947 quam
235 1883 410 1936 idololatria.»
425 1882 471 1933 Sed
482 1896 529 1933 non
538 1883 688 1935 sustineretur
700 1886 762 1950 quod
776 1885 847 1939 idolo·

42 1953 106 2006 latria
118 1955 190 2005 ritum
201 1956 276 2019 aliqui
290 1957 442 2018 exercerent3
457 1956 513 2018 quin
524 1956 570 2007 imo
590 1956 770 2009 Christianorum
781 1959 846 2025 prin·

42 2026 96 2090 cipes
106 2028 197 2093 templa
210 2027 326 2079 idolerum
337 2028 412 2091 primo
426 2028 514 2091 elauII,
527 2031 551 2079 et
564 2031 644 2093 postea
658 2029 716 2080 dirum
729 2030 847 2095 lecerunt,

42 2103 62 2147 ut
77 2100 221 2164 Augustinus
234 2103 315 2151 namet
324 2100 405 2151 XVIII.
420 2101 620 2152 necuciantes.
634 2102 696 2167 (cap.
714 2106 744 2154 lu
754 2104 772 2169 ).
786 2105 845 2169 Ergo

42 2174 159 2223 secundum
179 2175 227 2224 hoc
235 2210 244 2237 ‚
259 2171 330 2223 etiam
345 2173 541 2234 rinsjudeorum
554 2171 645 2224 tolerari
659 2186 705 2225 non
718 2174 810 2227 delient.

67 2248 88 2293 3.
110 2246 243 2307 Praeterea,
265 2248 386 2310 peccatum
407 2244 548 2296 infidelitatls
565 2250 601 2297 est
622 2246 796 2312 grauissimum,
819 2252 844 2303 ul

42 2318 203 2378 supradictum
221 2321 259 2368 est
275 2320 336 2381 (ert.
351 2318 396 2383 3).
410 2318 454 2369 Sed
472 2318 518 2368 alia
537 2321 629 2383 pensata
644 2332 691 2370 non
705 2321 843 2385 tolerantur,

41 2389 76 2435 sel
88 2390 138 2453 lege
155 2389 302 2455 puniuntur,
316 2390 378 2440 sieut
387 2390 524 2441 adulterium
534 2428 541 2455 ,
552 2390 638 2443 lurtum
645 2429 655 2457 ,
668 2395 691 2443 et
704 2392 750 2445 alia
762 2394 843 2459 hujus·

41 2462 103 2512 orodi.
119 2463 181 2525 Ergo
195 2462 306 2514 etiamin
321 2462 381 2513 ritus
391 2461 492 2513 fidelium
503 2464 614 2514 tolerandi
628 2476 674 2515 non
687 2467 748 2515 sunl.

68 2534 109 2583 Sed
119 2537 201 2585 eorus
213 2536 261 2597 est,
279 2535 340 2598 quoa
350 2534 377 2583 in
385 2534 508 2591 Decretis,
520 2533 572 2599 dist.
583 2536 650 2599 XLV,
661 2548 711 2601 esp.
729 2536 781 2599 pos·
790 2541 840 2589 sio-

40 2617 91 2652 σενα
98 2604 141 2670 tl),
157 2605 215 2657 elicit
221 2604 346 2671 Gregorius
355 2605 383 2657 de
392 2605 475 2670 jndaeis
486 2622 492 2657 :
509 2604 616 2659 (turones
628 2606 767 2661 festivitates
776 2622 837 2674 3333,

70 2725 104 2788 (1)
118 2731 201 2777 lxliii.
217 2730 263 2790 XI,
275 2731 352 2788 Epist.
364 2727 405 2788 15,
416 2743 467 2787 qun
477 2732 602 2778 Paschaslo
611 2732 726 2790 Episcopo
741 2734 836 2792 Neapo-

38 2791 107 2837 litano
122 2794 256 2840 inscribitur
271 2794 301 2839 au
318 2794 512 2852 compescendam
526 2796 694 2852 querimoniam
707 2795 838 2842 suesorum

40 2855 76 2908 qni
94 2857 191 2915 lleapoli
205 2857 380 2912 consistebam
396 2870 480 2915 nemps
500 2858 562 2916 quod
575 2858 675 2917 quietum
689 2869 727 2903 sos
743 2856 759 2907 ὸ,
780 2858 835 2913 quot-

40 2915 134 2969 casm
150 2921 278 2983 {erim
293 2932 399 2972 semro
414 2919 605 2977 maminotus
628 2917 838 2971 irrationabilior
