1992 3317
162 113 194 148 nn
209 111 391 150 onanrnaauunoa
408 113 441 150 ao
458 113 549 151 coenan
565 113 756 152 accusanronnu.
811 106 857 152 921

53 189 131 238 dinem
146 188 271 252 redundet,
282 187 320 238 uei
333 187 401 238 etiam
415 187 434 238 si
453 188 605 240 sufficientem
621 189 777 253 probationem
793 190 858 242 ediu-

57 259 111 308 bere
126 271 174 308 non
186 259 272 322 possit,
286 272 333 308 uon
345 261 435 309 tenetur
452 260 480 308 ed
500 259 654 310 intentandum
674 261 858 324 accusationem,

55 329 109 392 quia
129 331 159 380 ad
181 330 226 380 hoc
246 329 323 380 nullus
341 332 444 393 tenetur,
458 331 519 394 quod
537 343 584 380 non
601 334 678 394 potest
698 331 772 381 debito
792 333 859 383 modo

56 401 177 463 perticere.

86 472 121 521 Ad
133 470 233 534 primum
248 483 301 535 ergo
314 471 433 522 dicendum
443 510 449 536 ‚
460 470 521 536 quod
530 472 589 522 nihil
601 472 706 536 prohibet
721 485 762 536 per
776 485 857 536 pecca-

57 547 108 592 tum
127 541 192 592 reddi
205 540 303 605 aliquem
317 542 464 606 impotentem
477 545 506 594 ad
520 556 547 594 ea
559 557 611 608 que
621 543 725 595 homiues
736 544 812 594 tacere
826 547 860 593 te·

57 615 142 662 nentur
147 649 157 676 ,
167 612 226 664 sicut
234 613 262 662 ad
270 613 404 664 merendum
411 613 483 665 uitam
493 612 613 676 oeternum,
622 618 647 664 et
657 615 686 664 ad
698 615 860 665 assumendam

57 683 217 734 ecclesiastica
237 687 384 735 sacramente.
399 686 448 736 Nec
469 689 547 736 umen
563 698 593 736 ex
609 686 653 735 hoc
672 686 741 735 homo
758 688 860 750 reportat

57 755 219 818 commodum3
235 755 289 818 quin
303 752 350 805 imo
365 755 462 806 deficere
473 756 502 805 ab
511 756 545 806 eis
556 769 607 820 que
616 759 708 805 tenetur
717 756 809 820 iacere,
823 759 860 806 est

57 825 198 886 grauissime
215 839 299 890 pena,
313 826 366 890 quie
384 826 480 878 virtuosi
491 831 556 877 actus
570 829 624 876 suut
642 826 746 889 qaedam
759 827 859 877 hominis

58 896 221 958 perfectiones.

87 967 123 1017 Ad
134 968 261 1020 secuudum
273 968 411 1032 dicendam,
431 967 492 1033 quod
504 966 588 1017 subditi
600 967 708 1030 praeietos
724 979 779 1016 suos
790 979 858 1016 accu-

60 1051 113 1092 sare
126 1037 283 1103 prohibentur,
294 1040 333 1105 qui
345 1053 391 1090 non
405 1040 524 1090 affectione
537 1038 664 1102 charitatis,
677 1040 716 1088 sed
727 1051 769 1087 sua
783 1037 858 1100 previ-

58 1115 108 1162 tete
126 1108 199 1158 vitam
215 1122 293 1160 eorum
316 1110 431 1160 diffamare
450 1113 475 1160 et
498 1110 663 1173 reprehendere
683 1111 796 1172 querunt.
818 1109 860 1159 Vei

56 1181 128 1233 etiam
143 1179 164 1228 si
178 1180 262 1230 subditi
277 1194 384 1232 accusare
401 1183 505 1232 uolentes
522 1180 608 1230 fuerint
620 1178 753 1242 criminosi,
769 1182 795 1227 ut
812 1179 859 1228 ha-

58 1254 126 1304 hetur
140 1253 224 1315 11,qu.
238 1257 261 1316 Γ1;
274 1253 374 1317 alioquin
383 1253 496 1304 sitierint
507 1253 565 1303 elias
575 1252 650 1302 idonei
658 1251 686 1302 ud
697 1250 856 1311 accusantium,

54 1325 111 1374 licet
127 1322 226 1372 subditis
239 1325 386 1374 excercitato
400 1337 453 1376 suos
463 1323 570 1388 prolatos
580 1335 696 1374 accusare.

86 1395 123 1445 Ad
135 1393 229 1444 tertium
243 1394 375 1458 dicendum,
388 1393 449 1458 quod
460 1396 561 1445 revelare
572 1399 660 1444 secreta
672 1393 697 1443 in
708 1394 792 1444 maium
805 1405 858 1457 per-

57 1478 122 1516 souae
139 1467 176 1515 est
188 1467 265 1514 contra
277 1466 425 1528 fidelitatem,
438 1479 485 1516 uon
498 1477 575 1515 numm
590 1464 612 1514 si
626 1466 754 1522 revelentm
766 1467 859 1529 propter

53 1538 142 1588 bouum
159 1541 292 1598 commuue,
309 1537 369 1600 quod
386 1550 477 1600 semper
495 1535 663 1600 preferendum
680 1539 715 1585 est
732 1536 792 1586 bono
810 1535 858 1598 pri-

52 1612 119 1657 vato.
133 1607 165 1656 Et
181 1606 233 1656 ideo
245 1609 325 1658 contra
335 1608 421 1659 bonum
438 1619 558 1658 commuue
573 1605 660 1656 nulium
677 1610 788 1656 secretum
803 1604 859 1654 licet

51 1679 165 1742 recipere.
180 1679 228 1728 Nec
238 1681 314 1728 temen
325 1678 418 1730 omnino
427 1682 462 1728 est
473 1683 585 1729 secretam
596 1677 657 1740 quod
667 1689 709 1740 per
717 1676 857 1735 sufficientes

51 1754 126 1800 testes
138 1752 216 1813 potest
229 1748 332 1812 probari.
484 1754 486 1758 '
628 1768 647 1814 ῃ
859 1757 862 1761 ’

349 1927 507 1979 ARTICULUS
522 1929 550 1977 ii.

96 2053 186 2098 Uirium
200 2051 233 2096 eit
247 2051 406 2098 neceesarium
419 2051 593 2096 accusationem
602 2051 630 2095 iu
640 2048 737 2106 scriptio
746 2049 814 2105 flori.

82 2177 119 2228 Ad
131 2176 257 2228 secuudum
275 2177 310 2248 sic
322 2177 451 2241 proceditur
457 2177 502 2242 (1).
521 2176 616 2226 Videtur
630 2174 691 2240 quod
704 2188 750 2225 non
767 2175 797 2225 sit
813 2187 855 2226 ne-

50 2247 176 2300 cessarium
190 2248 355 2298 accusationem
368 2247 393 2296 iu
403 2247 493 2312 scriptis
507 2247 566 2296 iieri.
580 2246 696 2310 Scriptura
712 2245 775 2296 enim
788 2247 853 2296 adin-

49 2323 120 2370 venta
134 2321 171 2369 est
179 2319 207 2369 ad
220 2317 401 2370 subueniendum
412 2321 519 2369 humanae
532 2318 646 2369 memoriae
659 2317 721 2368 circa
729 2317 852 2382 praeterita.

49 2391 98 2472 §eri
111 2389 226 2454 accusatio
239 2389 381 2455 imprecanti
393 2391 475 2454 agitur.
486 2391 545 2453 Ergo
559 2389 673 2442 accusatio
686 2387 797 2452 scriptme
808 2401 855 2438 non

50 2463 246 2596 ¹Iuggeiffimteree,
261 2534 295 2597 ΙΙ,
306 2548 347 2597 qu.
366 2538 389 2596 8,
410 2533 491 2585 dicitur
508 2550 514 2583 :
532 2532 635 2582 «Nullus
653 2533 737 2584 absens
747 2543 852 2581 rocosum

85 2704 118 2766 (1)
134 2709 167 2751 lte
185 2706 222 2749 his
238 2705 308 2750 etiem
320 2708 365 2760 lv,
380 2705 458 2755 Soet„
472 2705 525 2750 dist.
543 2704 582 2755 io.
597 2705 671 2764 qut,
685 2711 728 2751 art.
741 2704 764 2758 8,
777 2715 852 2760 quma·

51 2770 125 2814 liunc.
139 2767 165 2822 1,
179 2767 246 2818 ador
259 2769 378 2814 uictuma
395 2767 434 2826 35,
448 2775 492 2814 ort.
508 2767 533 2823 3,
548 2769 577 2812 eci
588 2768 616 2822 63
632 2773 657 2812 et
670 2767 795 2824 Quodlib„
805 2768 848 2824 Xt,

54 2839 100 2876 art.
114 2829 153 2888 13,
166 2832 189 2875 in
201 2842 266 2886 corp·
