<?xml version="1.0" encoding="UTF-8"?>
<!DOCTYPE html PUBLIC "-//W3C//DTD XHTML 1.0 Transitional//EN"
    "http://www.w3.org/TR/xhtml1/DTD/xhtml1-transitional.dtd">
<html xmlns="http://www.w3.org/1999/xhtml" xml:lang="en" lang="en">
 <head>
  <title>
</title>
<meta http-equiv="Content-Type" content="text/html;charset=utf-8" />
  <meta name='ocr-system' content='tesseract 3.04.00' />
  <meta name='ocr-capabilities' content='ocr_page ocr_carea ocr_par ocr_line ocrx_word'/>
</head>
<body>
  <div class='ocr_page' id='page_1' title='image "./summatheologica03nicogoog_0159.png"; bbox 0 0 1992 3317; ppageno 0'>
   <div class='ocr_carea' id='block_1_1' title="bbox 129 205 789 261">
    <p class='ocr_par' dir='ltr' id='par_1_1' title="bbox 129 205 789 261">
     <span class='ocr_line' id='line_1_1' title="bbox 129 205 789 261; baseline -0.012 -9"><span class='ocrx_word' id='word_1_1' title='bbox 129 205 175 253; x_wconf 78' lang='lat' dir='ltr'><strong>att</strong></span> <span class='ocrx_word' id='word_1_2' title='bbox 264 212 373 251; x_wconf 80' lang='lat' dir='ltr'><strong>sueonos</strong></span> <span class='ocrx_word' id='word_1_3' title='bbox 387 210 515 261; x_wconf 72' lang='lat' dir='ltr'><strong>susurres,</strong></span> <span class='ocrx_word' id='word_1_4' title='bbox 530 208 625 255; x_wconf 72' lang='lat' dir='ltr'><strong>Qnsss.</strong></span> <span class='ocrx_word' id='word_1_5' title='bbox 639 210 670 258; x_wconf 89' lang='lat' dir='ltr'><strong>u,</strong></span> <span class='ocrx_word' id='word_1_6' title='bbox 685 208 739 247; x_wconf 77' lang='lat' dir='ltr'><strong>aas.</strong></span> <span class='ocrx_word' id='word_1_7' title='bbox 755 208 789 247; x_wconf 85' lang='lat' dir='ltr'><strong>ux.</strong></span> 
     </span>
    </p>
   </div>
   <div class='ocr_carea' id='block_1_2' title="bbox 122 285 994 2675">
    <p class='ocr_par' dir='ltr' id='par_1_2' title="bbox 125 285 994 782">
     <span class='ocr_line' id='line_1_2' title="bbox 128 285 994 351; baseline -0.002 -10"><span class='ocrx_word' id='word_1_8' title='bbox 128 290 201 341; x_wconf 81' lang='lat' dir='ltr'><strong>nostrl</strong></span> <span class='ocrx_word' id='word_1_9' title='bbox 212 292 266 341; x_wconf 85' lang='lat' dir='ltr'><strong>suut</strong></span> <span class='ocrx_word' id='word_1_10' title='bbox 278 287 387 339; x_wconf 74' lang='lat' dir='ltr'><strong>uedmdi</strong></span> <span class='ocrx_word' id='word_1_11' title='bbox 398 288 425 337; x_wconf 88' lang='lat' dir='ltr'><strong>iu</strong></span> <span class='ocrx_word' id='word_1_12' title='bbox 437 289 546 351; x_wconf 80' lang='lat' dir='ltr'><strong>quamam</strong></span> <span class='ocrx_word' id='word_1_13' title='bbox 560 285 684 351; x_wconf 82' lang='lat' dir='ltr'><strong>procedant</strong></span> <span class='ocrx_word' id='word_1_14' title='bbox 699 296 729 337; x_wconf 83' lang='lat' dir='ltr'><strong>ex</strong></span> <span class='ocrx_word' id='word_1_15' title='bbox 744 285 817 337; x_wconf 77' lang='lat' dir='ltr'><strong>litero</strong></span> <span class='ocrx_word' id='word_1_16' title='bbox 833 287 940 343; x_wconf 71' lang='lat' dir='ltr'><strong>multila</strong></span> <span class='ocrx_word' id='word_1_17' title='bbox 993 328 994 339; x_wconf 67' lang='grc'>,</span> 
     </span>
     <span class='ocr_line' id='line_1_3' title="bbox 128 342 994 423; baseline -0.006 -10"><span class='ocrx_word' id='word_1_18' title='bbox 128 365 191 413; x_wconf 87' lang='lat' dir='ltr'><strong>moto</strong></span> <span class='ocrx_word' id='word_1_19' title='bbox 208 359 281 411; x_wconf 71' lang='lat' dir='ltr'><strong>too</strong></span> <span class='ocrx_word' id='word_1_20' title='bbox 289 372 331 423; x_wconf 88' lang='lat' dir='ltr'><strong>per</strong></span> <span class='ocrx_word' id='word_1_21' title='bbox 343 358 448 422; x_wconf 71' lang='lat' dir='ltr'><strong>garum.</strong></span> <span class='ocrx_word' id='word_1_22' title='bbox 460 358 525 408; x_wconf 87' lang='lat' dir='ltr'><strong>Unda</strong></span> <span class='ocrx_word' id='word_1_23' title='bbox 539 361 612 411; x_wconf 83' lang='lat' dir='ltr'><strong>omnis</strong></span> <span class='ocrx_word' id='word_1_24' title='bbox 621 358 684 407; x_wconf 75' lang='lat' dir='ltr'><strong>auus</strong></span> <span class='ocrx_word' id='word_1_25' title='bbox 692 358 805 407; x_wconf 79' lang='lat' dir='ltr'><strong>hunuanus</strong></span> <span class='ocrx_word' id='word_1_26' title='bbox 816 359 860 422; x_wconf 78' lang='lat' dir='ltr'><strong>qui</strong></span> <span class='ocrx_word' id='word_1_27' title='bbox 876 362 941 415; x_wconf 72' lang='lat' dir='ltr'><strong>sulu-</strong></span> <span class='ocrx_word' id='word_1_28' title='bbox 993 342 994 397; x_wconf 67' lang='lat' dir='ltr'><strong>l</strong></span> 
     </span>
     <span class='ocr_line' id='line_1_4' title="bbox 125 430 940 497; baseline 0.002 -14"><span class='ocrx_word' id='word_1_29' title='bbox 125 432 204 497; x_wconf 85' lang='lat' dir='ltr'><strong>jicitur</strong></span> <span class='ocrx_word' id='word_1_30' title='bbox 221 431 291 482; x_wconf 83' lang='lat' dir='ltr'><strong>litero</strong></span> <span class='ocrx_word' id='word_1_31' title='bbox 304 430 410 491; x_wconf 70' lang='lat' dir='ltr'><strong>mindo,</strong></span> <span class='ocrx_word' id='word_1_32' title='bbox 421 430 442 480; x_wconf 89' lang='lat' dir='ltr'><strong>si</strong></span> <span class='ocrx_word' id='word_1_33' title='bbox 454 431 484 481; x_wconf 89' lang='lat' dir='ltr'><strong>sit</strong></span> <span class='ocrx_word' id='word_1_34' title='bbox 495 430 581 481; x_wconf 76' lang='lat' dir='ltr'><strong>relatus</strong></span> <span class='ocrx_word' id='word_1_35' title='bbox 591 430 615 479; x_wconf 88' lang='lat' dir='ltr'><strong>ln</strong></span> <span class='ocrx_word' id='word_1_36' title='bbox 627 430 783 493; x_wconf 75' lang='lat' dir='ltr'><strong>herrmpotest</strong></span> <span class='ocrx_word' id='word_1_37' title='bbox 796 430 940 485; x_wconf 79' lang='lat' dir='ltr'><strong>neuterius</strong></span> 
     </span>
     <span class='ocr_line' id='line_1_5' title="bbox 128 499 994 583; baseline 0 -29"><span class='ocrx_word' id='word_1_38' title='bbox 128 516 186 555; x_wconf 87' lang='lat' dir='ltr'><strong>esse.</strong></span> <span class='ocrx_word' id='word_1_39' title='bbox 200 504 277 567; x_wconf 86' lang='lat' dir='ltr'><strong>lpsuur</strong></span> <span class='ocrx_word' id='word_1_40' title='bbox 292 504 367 553; x_wconf 77' lang='lat' dir='ltr'><strong>auum</strong></span> <span class='ocrx_word' id='word_1_41' title='bbox 387 501 487 551; x_wconf 80' lang='lat' dir='ltr'><strong>credere</strong></span> <span class='ocrx_word' id='word_1_42' title='bbox 500 504 535 552; x_wconf 86' lang='lat' dir='ltr'><strong>ast</strong></span> <span class='ocrx_word' id='word_1_43' title='bbox 554 502 618 551; x_wconf 85' lang='lat' dir='ltr'><strong>aetus</strong></span> <span class='ocrx_word' id='word_1_44' title='bbox 635 499 761 549; x_wconf 79' lang='lat' dir='ltr'><strong>intellectus</strong></span> <span class='ocrx_word' id='word_1_45' title='bbox 777 501 939 555; x_wconf 83' lang='lat' dir='ltr'><strong>assentientis</strong></span> <span class='ocrx_word' id='word_1_46' title='bbox 993 508 994 583; x_wconf 61' lang='lat' dir='ltr'><strong>l</strong></span> 
     </span>
     <span class='ocr_line' id='line_1_6' title="bbox 128 572 994 665; baseline 0.002 -40"><span class='ocrx_word' id='word_1_47' title='bbox 128 573 218 625; x_wconf 71' lang='lat' dir='ltr'><strong>renuti</strong></span> <span class='ocrx_word' id='word_1_48' title='bbox 228 573 352 625; x_wconf 76' lang='lat' dir='ltr'><strong>didueex</strong></span> <span class='ocrx_word' id='word_1_49' title='bbox 363 573 459 639; x_wconf 87' lang='lat' dir='ltr'><strong>imperio</strong></span> <span class='ocrx_word' id='word_1_50' title='bbox 469 572 615 624; x_wconf 81' lang='lat' dir='ltr'><strong>uoluntatisd</strong></span> <span class='ocrx_word' id='word_1_51' title='bbox 626 574 672 624; x_wconf 79' lang='lat' dir='ltr'><strong>lieo</strong></span> <span class='ocrx_word' id='word_1_52' title='bbox 687 574 753 623; x_wconf 80' lang='lat' dir='ltr'><strong>mota</strong></span> <span class='ocrx_word' id='word_1_53' title='bbox 765 585 807 635; x_wconf 91' lang='lat' dir='ltr'><strong>per</strong></span> <span class='ocrx_word' id='word_1_54' title='bbox 819 573 938 640; x_wconf 61' lang='lat' dir='ltr'><strong>gretiam</strong></span> <span class='ocrx_word' id='word_1_55' title='bbox 993 588 994 665; x_wconf 53' lang='lat' dir='ltr'><strong>p</strong></span> 
     </span>
     <span class='ocr_line' id='line_1_7' title="bbox 127 644 994 725; baseline 0.003 -28"><span class='ocrx_word' id='word_1_56' title='bbox 127 649 151 697; x_wconf 87' lang='lat' dir='ltr'><strong>et</strong></span> <span class='ocrx_word' id='word_1_57' title='bbox 164 645 197 697; x_wconf 85' lang='lat' dir='ltr'><strong>sie</strong></span> <span class='ocrx_word' id='word_1_58' title='bbox 207 644 309 710; x_wconf 76' lang='lat' dir='ltr'><strong>suhjacet</strong></span> <span class='ocrx_word' id='word_1_59' title='bbox 320 646 392 697; x_wconf 83' lang='lat' dir='ltr'><strong>litero</strong></span> <span class='ocrx_word' id='word_1_60' title='bbox 404 646 497 697; x_wconf 87' lang='lat' dir='ltr'><strong>arbitrio</strong></span> <span class='ocrx_word' id='word_1_61' title='bbox 511 645 535 695; x_wconf 90' lang='lat' dir='ltr'><strong>in</strong></span> <span class='ocrx_word' id='word_1_62' title='bbox 549 644 628 696; x_wconf 85' lang='lat' dir='ltr'><strong>ordine</strong></span> <span class='ocrx_word' id='word_1_63' title='bbox 641 644 670 695; x_wconf 86' lang='lat' dir='ltr'><strong>ad</strong></span> <span class='ocrx_word' id='word_1_64' title='bbox 684 646 770 695; x_wconf 83' lang='lat' dir='ltr'><strong>ileum:</strong></span> <span class='ocrx_word' id='word_1_65' title='bbox 784 645 847 695; x_wconf 84' lang='lat' dir='ltr'><strong>unde</strong></span> <span class='ocrx_word' id='word_1_66' title='bbox 862 651 938 699; x_wconf 80' lang='lat' dir='ltr'><strong>astus</strong></span> <span class='ocrx_word' id='word_1_67' title='bbox 993 666 994 725; x_wconf 71' lang='lat' dir='ltr'><strong>l</strong></span> 
     </span>
     <span class='ocr_line' id='line_1_8' title="bbox 130 717 994 782; baseline -0.002 -14"><span class='ocrx_word' id='word_1_68' title='bbox 130 717 482 782; x_wconf 78' lang='lat' dir='ltr'><strong>ildeipotestessemeritorius.</strong></span> <span class='ocrx_word' id='word_1_69' title='bbox 756 758 758 765; x_wconf 17' lang='grc' dir='ltr'><em>Α</em></span> <span class='ocrx_word' id='word_1_70' title='bbox 993 726 994 779; x_wconf 72' lang='lat' dir='ltr'><strong>l</strong></span> 
     </span>
    </p>

    <p class='ocr_par' dir='ltr' id='par_1_3' title="bbox 124 786 943 1701">
     <span class='ocr_line' id='line_1_9' title="bbox 159 786 943 853; baseline 0.009 -15"><span class='ocrx_word' id='word_1_71' title='bbox 159 789 193 838; x_wconf 81' lang='lat' dir='ltr'><strong>td</strong></span> <span class='ocrx_word' id='word_1_72' title='bbox 211 788 308 851; x_wconf 86' lang='lat' dir='ltr'><strong>primum</strong></span> <span class='ocrx_word' id='word_1_73' title='bbox 330 802 385 853; x_wconf 74' lang='lat' dir='ltr'><strong>erga</strong></span> <span class='ocrx_word' id='word_1_74' title='bbox 400 789 538 850; x_wconf 75' lang='lat' dir='ltr'><strong>dimdium,</strong></span> <span class='ocrx_word' id='word_1_75' title='bbox 552 786 613 853; x_wconf 77' lang='lat' dir='ltr'><strong>quod</strong></span> <span class='ocrx_word' id='word_1_76' title='bbox 636 791 715 838; x_wconf 88' lang='lat' dir='ltr'><strong>natura</strong></span> <span class='ocrx_word' id='word_1_77' title='bbox 738 792 888 853; x_wconf 77' lang='lat' dir='ltr'><strong>eomparatur</strong></span> <span class='ocrx_word' id='word_1_78' title='bbox 909 794 943 845; x_wconf 90' lang='lat' dir='ltr'><strong>ad</strong></span> 
     </span>
     <span class='ocr_line' id='line_1_10' title="bbox 127 858 943 925; baseline 0.005 -14"><span class='ocrx_word' id='word_1_79' title='bbox 127 859 277 920; x_wconf 81' lang='lat' dir='ltr'><strong>charitatem,</strong></span> <span class='ocrx_word' id='word_1_80' title='bbox 296 874 347 925; x_wconf 78' lang='lat' dir='ltr'><strong>qua</strong></span> <span class='ocrx_word' id='word_1_81' title='bbox 365 864 402 911; x_wconf 90' lang='lat' dir='ltr'><strong>est</strong></span> <span class='ocrx_word' id='word_1_82' title='bbox 416 860 518 911; x_wconf 86' lang='lat' dir='ltr'><strong>merendi</strong></span> <span class='ocrx_word' id='word_1_83' title='bbox 539 860 690 925; x_wconf 80' lang='lat' dir='ltr'><strong>principiam,</strong></span> <span class='ocrx_word' id='word_1_84' title='bbox 708 858 768 909; x_wconf 83' lang='lat' dir='ltr'><strong>sieut</strong></span> <span class='ocrx_word' id='word_1_85' title='bbox 786 861 887 913; x_wconf 83' lang='lat' dir='ltr'><strong>materia</strong></span> <span class='ocrx_word' id='word_1_86' title='bbox 911 867 943 915; x_wconf 87' lang='lat' dir='ltr'><strong>ad</strong></span> 
     </span>
     <span class='ocr_line' id='line_1_11' title="bbox 127 929 942 996; baseline 0.01 -16"><span class='ocrx_word' id='word_1_87' title='bbox 127 932 235 995; x_wconf 81' lang='lat' dir='ltr'><strong>lormam3</strong></span> <span class='ocrx_word' id='word_1_88' title='bbox 247 932 304 982; x_wconf 84' lang='lat' dir='ltr'><strong>fides</strong></span> <span class='ocrx_word' id='word_1_89' title='bbox 318 935 393 983; x_wconf 85' lang='lat' dir='ltr'><strong>autem</strong></span> <span class='ocrx_word' id='word_1_90' title='bbox 402 934 544 996; x_wconf 84' lang='lat' dir='ltr'><strong>eomparatur</strong></span> <span class='ocrx_word' id='word_1_91' title='bbox 553 932 581 982; x_wconf 87' lang='lat' dir='ltr'><strong>ad</strong></span> <span class='ocrx_word' id='word_1_92' title='bbox 593 930 725 981; x_wconf 82' lang='lat' dir='ltr'><strong>charitatem</strong></span> <span class='ocrx_word' id='word_1_93' title='bbox 736 929 795 979; x_wconf 88' lang='lat' dir='ltr'><strong>sieut</strong></span> <span class='ocrx_word' id='word_1_94' title='bbox 807 930 942 996; x_wconf 80' lang='lat' dir='ltr'><strong>dispositio</strong></span> 
     </span>
     <span class='ocr_line' id='line_1_12' title="bbox 126 1002 941 1065; baseline 0.007 -13"><span class='ocrx_word' id='word_1_95' title='bbox 126 1003 256 1065; x_wconf 79' lang='lat' dir='ltr'><strong>precedens</strong></span> <span class='ocrx_word' id='word_1_96' title='bbox 269 1004 372 1053; x_wconf 86' lang='lat' dir='ltr'><strong>ultimam</strong></span> <span class='ocrx_word' id='word_1_97' title='bbox 387 1003 492 1053; x_wconf 81' lang='lat' dir='ltr'><strong>formam.</strong></span> <span class='ocrx_word' id='word_1_98' title='bbox 506 1002 647 1055; x_wconf 69' lang='lat' dir='ltr'><strong>Manifestum</strong></span> <span class='ocrx_word' id='word_1_99' title='bbox 658 1005 694 1053; x_wconf 91' lang='lat' dir='ltr'><strong>est</strong></span> <span class='ocrx_word' id='word_1_100' title='bbox 707 1005 781 1051; x_wconf 85' lang='lat' dir='ltr'><strong>autent</strong></span> <span class='ocrx_word' id='word_1_101' title='bbox 798 1002 861 1065; x_wconf 89' lang='lat' dir='ltr'><strong>qudd</strong></span> <span class='ocrx_word' id='word_1_102' title='bbox 877 1008 941 1059; x_wconf 88' lang='lat' dir='ltr'><strong>suh·</strong></span> 
     </span>
     <span class='ocr_line' id='line_1_13' title="bbox 124 1073 937 1141; baseline 0.002 -16"><span class='ocrx_word' id='word_1_103' title='bbox 124 1075 208 1139; x_wconf 82' lang='lat' dir='ltr'><strong>jectum</strong></span> <span class='ocrx_word' id='word_1_104' title='bbox 217 1076 255 1127; x_wconf 84' lang='lat' dir='ltr'><strong>uel</strong></span> <span class='ocrx_word' id='word_1_105' title='bbox 268 1074 361 1126; x_wconf 73' lang='lat' dir='ltr'><strong>mamria</strong></span> <span class='ocrx_word' id='word_1_106' title='bbox 375 1088 422 1125; x_wconf 90' lang='lat' dir='ltr'><strong>nou</strong></span> <span class='ocrx_word' id='word_1_107' title='bbox 434 1077 509 1139; x_wconf 90' lang='lat' dir='ltr'><strong>potest</strong></span> <span class='ocrx_word' id='word_1_108' title='bbox 523 1088 590 1136; x_wconf 80' lang='lat' dir='ltr'><strong>agere</strong></span> <span class='ocrx_word' id='word_1_109' title='bbox 601 1074 647 1124; x_wconf 84' lang='lat' dir='ltr'><strong>nisi</strong></span> <span class='ocrx_word' id='word_1_110' title='bbox 655 1073 738 1125; x_wconf 89' lang='lat' dir='ltr'><strong>uirtute</strong></span> <span class='ocrx_word' id='word_1_111' title='bbox 747 1074 836 1137; x_wconf 77' lang='lat' dir='ltr'><strong>torma,</strong></span> <span class='ocrx_word' id='word_1_112' title='bbox 850 1088 937 1141; x_wconf 89' lang='lat' dir='ltr'><strong>neque</strong></span> 
     </span>
     <span class='ocr_line' id='line_1_14' title="bbox 124 1144 941 1211; baseline -0.004 -15"><span class='ocrx_word' id='word_1_113' title='bbox 124 1147 193 1197; x_wconf 84' lang='lat' dir='ltr'><strong>etiam</strong></span> <span class='ocrx_word' id='word_1_114' title='bbox 214 1146 331 1211; x_wconf 82' lang='lat' dir='ltr'><strong>dispositio</strong></span> <span class='ocrx_word' id='word_1_115' title='bbox 346 1146 490 1211; x_wconf 74' lang='lat' dir='ltr'><strong>procedens,</strong></span> <span class='ocrx_word' id='word_1_116' title='bbox 508 1149 628 1209; x_wconf 71' lang='lat' dir='ltr'><strong>numquam</strong></span> <span class='ocrx_word' id='word_1_117' title='bbox 651 1146 723 1195; x_wconf 85' lang='lat' dir='ltr'><strong>torma</strong></span> <span class='ocrx_word' id='word_1_118' title='bbox 746 1144 867 1209; x_wconf 79' lang='lat' dir='ltr'><strong>adveniat3</strong></span> <span class='ocrx_word' id='word_1_119' title='bbox 892 1150 941 1201; x_wconf 79' lang='lat' dir='ltr'><strong>sed</strong></span> 
     </span>
     <span class='ocr_line' id='line_1_15' title="bbox 125 1216 939 1284; baseline 0.004 -14"><span class='ocrx_word' id='word_1_120' title='bbox 125 1223 245 1284; x_wconf 81' lang='lat' dir='ltr'><strong>postquam</strong></span> <span class='ocrx_word' id='word_1_121' title='bbox 262 1220 336 1269; x_wconf 84' lang='lat' dir='ltr'><strong>torma</strong></span> <span class='ocrx_word' id='word_1_122' title='bbox 356 1219 487 1281; x_wconf 81' lang='lat' dir='ltr'><strong>advenerit,</strong></span> <span class='ocrx_word' id='word_1_123' title='bbox 503 1223 551 1269; x_wconf 88' lang='lat' dir='ltr'><strong>tam</strong></span> <span class='ocrx_word' id='word_1_124' title='bbox 571 1216 697 1281; x_wconf 84' lang='lat' dir='ltr'><strong>subjeetum</strong></span> <span class='ocrx_word' id='word_1_125' title='bbox 715 1216 783 1279; x_wconf 79' lang='lat' dir='ltr'><strong>quam</strong></span> <span class='ocrx_word' id='word_1_126' title='bbox 805 1216 939 1283; x_wconf 80' lang='lat' dir='ltr'><strong>dispositio</strong></span> 
     </span>
     <span class='ocr_line' id='line_1_16' title="bbox 126 1287 940 1354; baseline 0.004 -14"><span class='ocrx_word' id='word_1_127' title='bbox 126 1291 255 1354; x_wconf 82' lang='lat' dir='ltr'><strong>precedens</strong></span> <span class='ocrx_word' id='word_1_128' title='bbox 272 1289 319 1353; x_wconf 84' lang='lat' dir='ltr'><strong>agit</strong></span> <span class='ocrx_word' id='word_1_129' title='bbox 331 1289 356 1339; x_wconf 91' lang='lat' dir='ltr'><strong>in</strong></span> <span class='ocrx_word' id='word_1_130' title='bbox 371 1288 454 1340; x_wconf 73' lang='lat' dir='ltr'><strong>virtue</strong></span> <span class='ocrx_word' id='word_1_131' title='bbox 469 1289 561 1352; x_wconf 78' lang='lat' dir='ltr'><strong>forme,</strong></span> <span class='ocrx_word' id='word_1_132' title='bbox 581 1302 632 1352; x_wconf 81' lang='lat' dir='ltr'><strong>que</strong></span> <span class='ocrx_word' id='word_1_133' title='bbox 651 1292 687 1339; x_wconf 88' lang='lat' dir='ltr'><strong>est</strong></span> <span class='ocrx_word' id='word_1_134' title='bbox 701 1287 827 1353; x_wconf 84' lang='lat' dir='ltr'><strong>principale</strong></span> <span class='ocrx_word' id='word_1_135' title='bbox 845 1296 940 1354; x_wconf 79' lang='lat' dir='ltr'><strong>agendi</strong></span> 
     </span>
     <span class='ocr_line' id='line_1_17' title="bbox 125 1359 939 1425; baseline 0.002 -15"><span class='ocrx_word' id='word_1_136' title='bbox 125 1360 276 1425; x_wconf 84' lang='lat' dir='ltr'><strong>principium,</strong></span> <span class='ocrx_word' id='word_1_137' title='bbox 296 1360 355 1411; x_wconf 87' lang='lat' dir='ltr'><strong>sient</strong></span> <span class='ocrx_word' id='word_1_138' title='bbox 370 1360 431 1411; x_wconf 80' lang='lat' dir='ltr'><strong>ralm</strong></span> <span class='ocrx_word' id='word_1_139' title='bbox 441 1360 502 1424; x_wconf 79' lang='lat' dir='ltr'><strong>iguis</strong></span> <span class='ocrx_word' id='word_1_140' title='bbox 520 1361 567 1425; x_wconf 80' lang='lat' dir='ltr'><strong>agit</strong></span> <span class='ocrx_word' id='word_1_141' title='bbox 580 1359 604 1410; x_wconf 92' lang='lat' dir='ltr'><strong>iu</strong></span> <span class='ocrx_word' id='word_1_142' title='bbox 620 1360 703 1411; x_wconf 85' lang='lat' dir='ltr'><strong>uirtute.</strong></span> <span class='ocrx_word' id='word_1_143' title='bbox 719 1360 798 1411; x_wconf 78' lang='lat' dir='ltr'><strong>former</strong></span> <span class='ocrx_word' id='word_1_144' title='bbox 816 1360 939 1419; x_wconf 83' lang='lat' dir='ltr'><strong>substan-</strong></span> 
     </span>
     <span class='ocr_line' id='line_1_18' title="bbox 126 1430 939 1499; baseline -0.006 -16"><span class='ocrx_word' id='word_1_145' title='bbox 126 1432 196 1483; x_wconf 88' lang='lat' dir='ltr'><strong>tialis.</strong></span> <span class='ocrx_word' id='word_1_146' title='bbox 219 1432 256 1483; x_wconf 83' lang='lat' dir='ltr'><strong>Sic</strong></span> <span class='ocrx_word' id='word_1_147' title='bbox 270 1446 409 1497; x_wconf 78' lang='lat' dir='ltr'><strong>urgereque</strong></span> <span class='ocrx_word' id='word_1_148' title='bbox 423 1437 505 1484; x_wconf 84' lang='lat' dir='ltr'><strong>nature</strong></span> <span class='ocrx_word' id='word_1_149' title='bbox 524 1446 597 1497; x_wconf 88' lang='lat' dir='ltr'><strong>neque</strong></span> <span class='ocrx_word' id='word_1_150' title='bbox 615 1432 671 1483; x_wconf 87' lang='lat' dir='ltr'><strong>fides</strong></span> <span class='ocrx_word' id='word_1_151' title='bbox 684 1431 732 1481; x_wconf 85' lang='lat' dir='ltr'><strong>sine</strong></span> <span class='ocrx_word' id='word_1_152' title='bbox 746 1430 860 1483; x_wconf 81' lang='lat' dir='ltr'><strong>charitate</strong></span> <span class='ocrx_word' id='word_1_153' title='bbox 874 1448 939 1499; x_wconf 72' lang='lat' dir='ltr'><strong>pos.</strong></span> 
     </span>
     <span class='ocr_line' id='line_1_19' title="bbox 126 1503 940 1569; baseline 0.011 -16"><span class='ocrx_word' id='word_1_154' title='bbox 126 1507 178 1554; x_wconf 89' lang='lat' dir='ltr'><strong>suut</strong></span> <span class='ocrx_word' id='word_1_155' title='bbox 190 1506 314 1569; x_wconf 83' lang='lat' dir='ltr'><strong>producere</strong></span> <span class='ocrx_word' id='word_1_156' title='bbox 325 1509 402 1557; x_wconf 83' lang='lat' dir='ltr'><strong>aetum</strong></span> <span class='ocrx_word' id='word_1_157' title='bbox 411 1503 565 1567; x_wconf 82' lang='lat' dir='ltr'><strong>ureritorium3</strong></span> <span class='ocrx_word' id='word_1_158' title='bbox 578 1505 617 1555; x_wconf 81' lang='lat' dir='ltr'><strong>sed</strong></span> <span class='ocrx_word' id='word_1_159' title='bbox 628 1503 737 1555; x_wconf 78' lang='lat' dir='ltr'><strong>charitate</strong></span> <span class='ocrx_word' id='word_1_160' title='bbox 747 1506 940 1566; x_wconf 85' lang='lat' dir='ltr'><strong>superueniente</strong></span> 
     </span>
     <span class='ocr_line' id='line_1_20' title="bbox 125 1574 939 1639; baseline 0.009 -15"><span class='ocrx_word' id='word_1_161' title='bbox 125 1579 189 1625; x_wconf 87' lang='lat' dir='ltr'><strong>aetus</strong></span> <span class='ocrx_word' id='word_1_162' title='bbox 205 1576 258 1627; x_wconf 83' lang='lat' dir='ltr'><strong>fidei</strong></span> <span class='ocrx_word' id='word_1_163' title='bbox 273 1576 299 1626; x_wconf 89' lang='lat' dir='ltr'><strong>tit</strong></span> <span class='ocrx_word' id='word_1_164' title='bbox 309 1575 437 1627; x_wconf 88' lang='lat' dir='ltr'><strong>meritorius</strong></span> <span class='ocrx_word' id='word_1_165' title='bbox 447 1576 641 1639; x_wconf 73' lang='lat' dir='ltr'><strong>perennitatem,</strong></span> <span class='ocrx_word' id='word_1_166' title='bbox 652 1574 710 1625; x_wconf 86' lang='lat' dir='ltr'><strong>sieut</strong></span> <span class='ocrx_word' id='word_1_167' title='bbox 723 1577 746 1625; x_wconf 91' lang='lat' dir='ltr'><strong>et</strong></span> <span class='ocrx_word' id='word_1_168' title='bbox 758 1577 824 1628; x_wconf 82' lang='lat' dir='ltr'><strong>aetus</strong></span> <span class='ocrx_word' id='word_1_169' title='bbox 839 1580 939 1633; x_wconf 73' lang='lat' dir='ltr'><strong>nature</strong></span> 
     </span>
     <span class='ocr_line' id='line_1_21' title="bbox 125 1648 453 1701; baseline 0.003 -4"><span class='ocrx_word' id='word_1_170' title='bbox 125 1651 149 1697; x_wconf 90' lang='lat' dir='ltr'><strong>et</strong></span> <span class='ocrx_word' id='word_1_171' title='bbox 162 1650 271 1699; x_wconf 88' lang='lat' dir='ltr'><strong>naturalis</strong></span> <span class='ocrx_word' id='word_1_172' title='bbox 280 1648 345 1701; x_wconf 85' lang='lat' dir='ltr'><strong>liberi</strong></span> <span class='ocrx_word' id='word_1_173' title='bbox 359 1649 453 1699; x_wconf 86' lang='lat' dir='ltr'><strong>arbitrii.</strong></span> 
     </span>
    </p>

    <p class='ocr_par' dir='ltr' id='par_1_4' title="bbox 122 1719 994 2675">
     <span class='ocr_line' id='line_1_22' title="bbox 157 1719 935 1784; baseline 0.005 -13"><span class='ocrx_word' id='word_1_174' title='bbox 157 1721 189 1771; x_wconf 76' lang='lat' dir='ltr'><strong>td</strong></span> <span class='ocrx_word' id='word_1_175' title='bbox 201 1722 324 1772; x_wconf 81' lang='lat' dir='ltr'><strong>seeundum</strong></span> <span class='ocrx_word' id='word_1_176' title='bbox 337 1721 471 1783; x_wconf 77' lang='lat' dir='ltr'><strong>dicendum,</strong></span> <span class='ocrx_word' id='word_1_177' title='bbox 481 1720 542 1784; x_wconf 83' lang='lat' dir='ltr'><strong>qudd</strong></span> <span class='ocrx_word' id='word_1_178' title='bbox 553 1719 578 1769; x_wconf 93' lang='lat' dir='ltr'><strong>iu</strong></span> <span class='ocrx_word' id='word_1_179' title='bbox 592 1719 688 1771; x_wconf 83' lang='lat' dir='ltr'><strong>seientia</strong></span> <span class='ocrx_word' id='word_1_180' title='bbox 698 1721 743 1770; x_wconf 90' lang='lat' dir='ltr'><strong>duo</strong></span> <span class='ocrx_word' id='word_1_181' title='bbox 756 1726 857 1783; x_wconf 85' lang='lat' dir='ltr'><strong>possunt</strong></span> <span class='ocrx_word' id='word_1_182' title='bbox 870 1738 935 1775; x_wconf 83' lang='lat' dir='ltr'><strong>eou-</strong></span> 
     </span>
     <span class='ocr_line' id='line_1_23' title="bbox 125 1789 935 1856; baseline 0.01 -15"><span class='ocrx_word' id='word_1_183' title='bbox 125 1791 233 1854; x_wconf 88' lang='lat' dir='ltr'><strong>siderari‚</strong></span> <span class='ocrx_word' id='word_1_184' title='bbox 247 1792 334 1843; x_wconf 78' lang='lat' dir='ltr'><strong>scilimt</strong></span> <span class='ocrx_word' id='word_1_185' title='bbox 345 1792 396 1856; x_wconf 79' lang='lat' dir='ltr'><strong>ipse</strong></span> <span class='ocrx_word' id='word_1_186' title='bbox 414 1805 520 1842; x_wconf 87' lang='lat' dir='ltr'><strong>assensus</strong></span> <span class='ocrx_word' id='word_1_187' title='bbox 535 1789 629 1841; x_wconf 82' lang='lat' dir='ltr'><strong>scientis</strong></span> <span class='ocrx_word' id='word_1_188' title='bbox 641 1790 664 1841; x_wconf 90' lang='lat' dir='ltr'><strong>iu</strong></span> <span class='ocrx_word' id='word_1_189' title='bbox 678 1804 726 1841; x_wconf 88' lang='lat' dir='ltr'><strong>rem</strong></span> <span class='ocrx_word' id='word_1_190' title='bbox 735 1791 823 1853; x_wconf 82' lang='lat' dir='ltr'><strong>scitam,</strong></span> <span class='ocrx_word' id='word_1_191' title='bbox 837 1795 861 1844; x_wconf 88' lang='lat' dir='ltr'><strong>et</strong></span> <span class='ocrx_word' id='word_1_192' title='bbox 871 1808 935 1849; x_wconf 83' lang='lat' dir='ltr'><strong>cou-</strong></span> 
     </span>
     <span class='ocr_line' id='line_1_24' title="bbox 124 1861 994 1929; baseline 0.009 -16"><span class='ocrx_word' id='word_1_193' title='bbox 124 1862 230 1914; x_wconf 81' lang='lat' dir='ltr'><strong>sideratio</strong></span> <span class='ocrx_word' id='word_1_194' title='bbox 253 1864 285 1914; x_wconf 89' lang='lat' dir='ltr'><strong>rei</strong></span> <span class='ocrx_word' id='word_1_195' title='bbox 305 1863 376 1914; x_wconf 80' lang='lat' dir='ltr'><strong>suita.</strong></span> <span class='ocrx_word' id='word_1_196' title='bbox 392 1867 506 1915; x_wconf 75' lang='lat' dir='ltr'><strong>assensus</strong></span> <span class='ocrx_word' id='word_1_197' title='bbox 524 1866 598 1913; x_wconf 86' lang='lat' dir='ltr'><strong>autern</strong></span> <span class='ocrx_word' id='word_1_198' title='bbox 620 1861 721 1923; x_wconf 82' lang='lat' dir='ltr'><strong>scientiae</strong></span> <span class='ocrx_word' id='word_1_199' title='bbox 740 1875 785 1913; x_wconf 88' lang='lat' dir='ltr'><strong>uon</strong></span> <span class='ocrx_word' id='word_1_200' title='bbox 802 1864 936 1929; x_wconf 79' lang='lat' dir='ltr'><strong>subjicitur</strong></span> <span class='ocrx_word' id='word_1_201' title='bbox 993 1862 994 1927; x_wconf 74' lang='lat' dir='ltr'><strong>l</strong></span> 
     </span>
     <span class='ocr_line' id='line_1_25' title="bbox 124 1931 994 2013; baseline 0.006 -30"><span class='ocrx_word' id='word_1_202' title='bbox 124 1933 194 1984; x_wconf 87' lang='lat' dir='ltr'><strong>libero</strong></span> <span class='ocrx_word' id='word_1_203' title='bbox 205 1931 308 2002; x_wconf 83' lang='lat' dir='ltr'><strong>arbitrio,</strong></span> <span class='ocrx_word' id='word_1_204' title='bbox 320 1934 371 1997; x_wconf 79' lang='lat' dir='ltr'><strong>quia</strong></span> <span class='ocrx_word' id='word_1_205' title='bbox 384 1934 459 1985; x_wconf 81' lang='lat' dir='ltr'><strong>sciens</strong></span> <span class='ocrx_word' id='word_1_206' title='bbox 469 1933 556 1997; x_wconf 74' lang='lat' dir='ltr'><strong>cogitur</strong></span> <span class='ocrx_word' id='word_1_207' title='bbox 571 1934 599 1983; x_wconf 87' lang='lat' dir='ltr'><strong>ad</strong></span> <span class='ocrx_word' id='word_1_208' title='bbox 611 1933 777 1985; x_wconf 86' lang='lat' dir='ltr'><strong>assentiendum</strong></span> <span class='ocrx_word' id='word_1_209' title='bbox 790 1946 833 1998; x_wconf 87' lang='lat' dir='ltr'><strong>per</strong></span> <span class='ocrx_word' id='word_1_210' title='bbox 847 1936 936 1993; x_wconf 84' lang='lat' dir='ltr'><strong>effiea-</strong></span> <span class='ocrx_word' id='word_1_211' title='bbox 993 1968 994 2013; x_wconf 66' lang='lat' dir='ltr'><strong>p</strong></span> 
     </span>
     <span class='ocr_line' id='line_1_26' title="bbox 124 2004 994 2073; baseline 0.008 -19"><span class='ocrx_word' id='word_1_212' title='bbox 124 2004 182 2054; x_wconf 82' lang='lat' dir='ltr'><strong>eiam</strong></span> <span class='ocrx_word' id='word_1_213' title='bbox 193 2005 389 2055; x_wconf 80' lang='lat' dir='ltr'><strong>demonstrationis</strong></span> <span class='ocrx_word' id='word_1_214' title='bbox 403 2022 409 2055; x_wconf 89' lang='lat'>:</span> <span class='ocrx_word' id='word_1_215' title='bbox 424 2008 447 2056; x_wconf 88' lang='lat' dir='ltr'><strong>et</strong></span> <span class='ocrx_word' id='word_1_216' title='bbox 461 2005 511 2055; x_wconf 90' lang='lat' dir='ltr'><strong>ideo</strong></span> <span class='ocrx_word' id='word_1_217' title='bbox 526 2018 634 2056; x_wconf 87' lang='lat' dir='ltr'><strong>assensus</strong></span> <span class='ocrx_word' id='word_1_218' title='bbox 647 2005 749 2059; x_wconf 78' lang='lat' dir='ltr'><strong>seientia</strong></span> <span class='ocrx_word' id='word_1_219' title='bbox 763 2018 811 2057; x_wconf 89' lang='lat' dir='ltr'><strong>nou</strong></span> <span class='ocrx_word' id='word_1_220' title='bbox 826 2010 863 2058; x_wconf 89' lang='lat' dir='ltr'><strong>est</strong></span> <span class='ocrx_word' id='word_1_221' title='bbox 877 2024 936 2064; x_wconf 88' lang='lat' dir='ltr'><strong>me·</strong></span> <span class='ocrx_word' id='word_1_222' title='bbox 993 2048 994 2073; x_wconf 38' lang='lat' dir='ltr'><strong>p</strong></span> 
     </span>
     <span class='ocr_line' id='line_1_27' title="bbox 124 2076 994 2157; baseline 0.01 -30"><span class='ocrx_word' id='word_1_223' title='bbox 124 2077 222 2128; x_wconf 87' lang='lat' dir='ltr'><strong>ritorius.</strong></span> <span class='ocrx_word' id='word_1_224' title='bbox 246 2076 290 2127; x_wconf 88' lang='lat' dir='ltr'><strong>Sed</strong></span> <span class='ocrx_word' id='word_1_225' title='bbox 308 2076 457 2128; x_wconf 74' lang='lat' dir='ltr'><strong>eoudderatio</strong></span> <span class='ocrx_word' id='word_1_226' title='bbox 476 2076 572 2127; x_wconf 80' lang='lat' dir='ltr'><strong>actualis</strong></span> <span class='ocrx_word' id='word_1_227' title='bbox 596 2076 629 2127; x_wconf 89' lang='lat' dir='ltr'><strong>rei</strong></span> <span class='ocrx_word' id='word_1_228' title='bbox 649 2076 712 2127; x_wconf 80' lang='lat' dir='ltr'><strong>scita</strong></span> <span class='ocrx_word' id='word_1_229' title='bbox 729 2077 831 2140; x_wconf 73' lang='lat' dir='ltr'><strong>sumeret</strong></span> <span class='ocrx_word' id='word_1_230' title='bbox 850 2078 935 2136; x_wconf 84' lang='lat' dir='ltr'><strong>littero</strong></span> <span class='ocrx_word' id='word_1_231' title='bbox 993 2122 994 2157; x_wconf 37' lang='lat' dir='ltr'><strong>p</strong></span> 
     </span>
     <span class='ocr_line' id='line_1_28' title="bbox 124 2146 994 2235; baseline 0.011 -37"><span class='ocrx_word' id='word_1_232' title='bbox 124 2147 230 2210; x_wconf 83' lang='lat' dir='ltr'><strong>arbitrio,</strong></span> <span class='ocrx_word' id='word_1_233' title='bbox 246 2151 281 2198; x_wconf 92' lang='lat' dir='ltr'><strong>est</strong></span> <span class='ocrx_word' id='word_1_234' title='bbox 295 2147 355 2199; x_wconf 89' lang='lat' dir='ltr'><strong>enim</strong></span> <span class='ocrx_word' id='word_1_235' title='bbox 370 2148 395 2199; x_wconf 91' lang='lat' dir='ltr'><strong>in</strong></span> <span class='ocrx_word' id='word_1_236' title='bbox 413 2150 526 2212; x_wconf 87' lang='lat' dir='ltr'><strong>potestate</strong></span> <span class='ocrx_word' id='word_1_237' title='bbox 546 2148 647 2199; x_wconf 88' lang='lat' dir='ltr'><strong>hominis</strong></span> <span class='ocrx_word' id='word_1_238' title='bbox 662 2146 804 2199; x_wconf 86' lang='lat' dir='ltr'><strong>considerare</strong></span> <span class='ocrx_word' id='word_1_239' title='bbox 821 2150 858 2201; x_wconf 89' lang='lat' dir='ltr'><strong>vel</strong></span> <span class='ocrx_word' id='word_1_240' title='bbox 878 2150 934 2207; x_wconf 85' lang='lat' dir='ltr'><strong>nou</strong></span> <span class='ocrx_word' id='word_1_241' title='bbox 993 2184 994 2235; x_wconf 44' lang='lat' dir='ltr'><strong>p</strong></span> 
     </span>
     <span class='ocr_line' id='line_1_29' title="bbox 124 2218 994 2282; baseline 0.007 -13"><span class='ocrx_word' id='word_1_242' title='bbox 124 2219 282 2271; x_wconf 81' lang='lat' dir='ltr'><strong>considerare:</strong></span> <span class='ocrx_word' id='word_1_243' title='bbox 296 2224 319 2270; x_wconf 92' lang='lat' dir='ltr'><strong>et</strong></span> <span class='ocrx_word' id='word_1_244' title='bbox 333 2219 384 2270; x_wconf 90' lang='lat' dir='ltr'><strong>ideo</strong></span> <span class='ocrx_word' id='word_1_245' title='bbox 398 2218 548 2271; x_wconf 78' lang='lat' dir='ltr'><strong>consideratio</strong></span> <span class='ocrx_word' id='word_1_246' title='bbox 562 2219 661 2271; x_wconf 81' lang='lat' dir='ltr'><strong>seientia</strong></span> <span class='ocrx_word' id='word_1_247' title='bbox 675 2222 749 2282; x_wconf 88' lang='lat' dir='ltr'><strong>potest</strong></span> <span class='ocrx_word' id='word_1_248' title='bbox 763 2233 813 2272; x_wconf 90' lang='lat' dir='ltr'><strong>esse</strong></span> <span class='ocrx_word' id='word_1_249' title='bbox 828 2222 933 2278; x_wconf 78' lang='lat' dir='ltr'><strong>merito·</strong></span> <span class='ocrx_word' id='word_1_250' title='bbox 993 2258 994 2281; x_wconf 45' lang='lat' dir='ltr'><strong>r</strong></span> 
     </span>
     <span class='ocr_line' id='line_1_30' title="bbox 124 2282 994 2362; baseline 0.003 -21"><span class='ocrx_word' id='word_1_251' title='bbox 124 2292 156 2341; x_wconf 89' lang='lat' dir='ltr'><strong>ria</strong></span> <span class='ocrx_word' id='word_1_252' title='bbox 164 2328 173 2354; x_wconf 88' lang='lat'><em>‚</em></span> <span class='ocrx_word' id='word_1_253' title='bbox 188 2289 208 2341; x_wconf 89' lang='lat' dir='ltr'><strong>si</strong></span> <span class='ocrx_word' id='word_1_254' title='bbox 225 2290 335 2343; x_wconf 80' lang='lat' dir='ltr'><strong>referatur</strong></span> <span class='ocrx_word' id='word_1_255' title='bbox 347 2292 376 2342; x_wconf 93' lang='lat' dir='ltr'><strong>ad</strong></span> <span class='ocrx_word' id='word_1_256' title='bbox 389 2292 456 2341; x_wconf 69' lang='lat' dir='ltr'><strong>mem</strong></span> <span class='ocrx_word' id='word_1_257' title='bbox 470 2289 596 2354; x_wconf 81' lang='lat' dir='ltr'><strong>eharitatis,</strong></span> <span class='ocrx_word' id='word_1_258' title='bbox 606 2290 629 2340; x_wconf 90' lang='lat' dir='ltr'><strong>id</strong></span> <span class='ocrx_word' id='word_1_259' title='bbox 644 2294 679 2341; x_wconf 90' lang='lat' dir='ltr'><strong>est</strong></span> <span class='ocrx_word' id='word_1_260' title='bbox 695 2290 724 2339; x_wconf 90' lang='lat' dir='ltr'><strong>ad</strong></span> <span class='ocrx_word' id='word_1_261' title='bbox 739 2292 850 2343; x_wconf 87' lang='lat' dir='ltr'><strong>honorem</strong></span> <span class='ocrx_word' id='word_1_262' title='bbox 863 2296 928 2362; x_wconf 81' lang='lat' dir='ltr'><strong>Dei,</strong></span> <span class='ocrx_word' id='word_1_263' title='bbox 993 2282 994 2305; x_wconf 54' lang='lat'><em>*</em></span> 
     </span>
     <span class='ocr_line' id='line_1_31' title="bbox 124 2360 933 2427; baseline 0.002 -15"><span class='ocrx_word' id='word_1_264' title='bbox 124 2363 160 2413; x_wconf 84' lang='lat' dir='ltr'><strong>rel</strong></span> <span class='ocrx_word' id='word_1_265' title='bbox 177 2362 296 2413; x_wconf 82' lang='lat' dir='ltr'><strong>utilitatem</strong></span> <span class='ocrx_word' id='word_1_266' title='bbox 309 2362 414 2427; x_wconf 82' lang='lat' dir='ltr'><strong>proximi.</strong></span> <span class='ocrx_word' id='word_1_267' title='bbox 429 2362 473 2412; x_wconf 86' lang='lat' dir='ltr'><strong>Sed</strong></span> <span class='ocrx_word' id='word_1_268' title='bbox 492 2363 516 2411; x_wconf 88' lang='lat' dir='ltr'><strong>in</strong></span> <span class='ocrx_word' id='word_1_269' title='bbox 532 2362 575 2412; x_wconf 90' lang='lat' dir='ltr'><strong>fide</strong></span> <span class='ocrx_word' id='word_1_270' title='bbox 595 2360 715 2425; x_wconf 83' lang='lat' dir='ltr'><strong>utrumque</strong></span> <span class='ocrx_word' id='word_1_271' title='bbox 732 2362 834 2426; x_wconf 86' lang='lat' dir='ltr'><strong>suhjaeet</strong></span> <span class='ocrx_word' id='word_1_272' title='bbox 851 2363 933 2423; x_wconf 73' lang='lat' dir='ltr'><strong>libem</strong></span> 
     </span>
     <span class='ocr_line' id='line_1_32' title="bbox 122 2428 994 2500; baseline 0.013 -17"><span class='ocrx_word' id='word_1_273' title='bbox 122 2433 215 2484; x_wconf 83' lang='lat' dir='ltr'><strong>arhitrio</strong></span> <span class='ocrx_word' id='word_1_274' title='bbox 233 2449 238 2483; x_wconf 95' lang='lat'><strong>:</strong></span> <span class='ocrx_word' id='word_1_275' title='bbox 255 2438 279 2484; x_wconf 90' lang='lat' dir='ltr'><strong>et</strong></span> <span class='ocrx_word' id='word_1_276' title='bbox 294 2434 345 2483; x_wconf 91' lang='lat' dir='ltr'><strong>ideo</strong></span> <span class='ocrx_word' id='word_1_277' title='bbox 365 2436 473 2499; x_wconf 88' lang='lat' dir='ltr'><strong>qnantum</strong></span> <span class='ocrx_word' id='word_1_278' title='bbox 493 2434 521 2483; x_wconf 89' lang='lat' dir='ltr'><strong>ad</strong></span> <span class='ocrx_word' id='word_1_279' title='bbox 541 2436 673 2497; x_wconf 88' lang='lat' dir='ltr'><strong>utrumque,</strong></span> <span class='ocrx_word' id='word_1_280' title='bbox 691 2436 755 2485; x_wconf 84' lang='lat' dir='ltr'><strong>aetus</strong></span> <span class='ocrx_word' id='word_1_281' title='bbox 776 2432 830 2485; x_wconf 87' lang='lat' dir='ltr'><strong>tidei</strong></span> <span class='ocrx_word' id='word_1_282' title='bbox 847 2442 935 2500; x_wconf 89' lang='lat' dir='ltr'><strong>potest</strong></span> <span class='ocrx_word' id='word_1_283' title='bbox 993 2428 994 2453; x_wconf 69' lang='lat'>³</span> 
     </span>
     <span class='ocr_line' id='line_1_33' title="bbox 122 2504 994 2573; baseline 0.002 -17"><span class='ocrx_word' id='word_1_284' title='bbox 122 2518 173 2556; x_wconf 88' lang='lat' dir='ltr'><strong>esse</strong></span> <span class='ocrx_word' id='word_1_285' title='bbox 188 2504 326 2557; x_wconf 88' lang='lat' dir='ltr'><strong>meritorius.</strong></span> <span class='ocrx_word' id='word_1_286' title='bbox 340 2506 384 2555; x_wconf 84' lang='lat' dir='ltr'><strong>Sed</strong></span> <span class='ocrx_word' id='word_1_287' title='bbox 399 2504 477 2567; x_wconf 89' lang='lat' dir='ltr'><strong>opinio</strong></span> <span class='ocrx_word' id='word_1_288' title='bbox 490 2517 536 2555; x_wconf 89' lang='lat' dir='ltr'><strong>uon</strong></span> <span class='ocrx_word' id='word_1_289' title='bbox 549 2504 618 2555; x_wconf 87' lang='lat' dir='ltr'><strong>hahet</strong></span> <span class='ocrx_word' id='word_1_290' title='bbox 631 2504 719 2555; x_wconf 84' lang='lat' dir='ltr'><strong>firmum</strong></span> <span class='ocrx_word' id='word_1_291' title='bbox 733 2519 868 2573; x_wconf 88' lang='lat' dir='ltr'><strong>assensum;</strong></span> <span class='ocrx_word' id='word_1_292' title='bbox 889 2518 931 2566; x_wconf 74' lang='lat' dir='ltr'><strong>est</strong></span> <span class='ocrx_word' id='word_1_293' title='bbox 993 2536 994 2543; x_wconf 25' lang='grc' dir='ltr'><strong>κ</strong></span> 
     </span>
     <span class='ocr_line' id='line_1_34' title="bbox 122 2574 994 2675; baseline 0.003 -46"><span class='ocrx_word' id='word_1_294' title='bbox 122 2577 183 2629; x_wconf 91' lang='lat' dir='ltr'><strong>enim</strong></span> <span class='ocrx_word' id='word_1_295' title='bbox 199 2578 306 2642; x_wconf 87' lang='lat' dir='ltr'><strong>quiddam</strong></span> <span class='ocrx_word' id='word_1_296' title='bbox 319 2577 393 2628; x_wconf 86' lang='lat' dir='ltr'><strong>debile</strong></span> <span class='ocrx_word' id='word_1_297' title='bbox 408 2580 431 2627; x_wconf 89' lang='lat' dir='ltr'><strong>et</strong></span> <span class='ocrx_word' id='word_1_298' title='bbox 444 2574 568 2640; x_wconf 84' lang='lat' dir='ltr'><strong>infirmum,</strong></span> <span class='ocrx_word' id='word_1_299' title='bbox 583 2574 707 2627; x_wconf 82' lang='lat' dir='ltr'><strong>seeundum</strong></span> <span class='ocrx_word' id='word_1_300' title='bbox 719 2576 890 2643; x_wconf 82' lang='lat' dir='ltr'><strong>Philosophum</strong></span> <span class='ocrx_word' id='word_1_301' title='bbox 902 2586 931 2640; x_wconf 79' lang='lat' dir='ltr'><strong>in</strong></span> <span class='ocrx_word' id='word_1_302' title='bbox 993 2636 994 2675; x_wconf 27' lang='grc'>1</span> 
     </span>
    </p>
   </div>
   <div class='ocr_carea' id='block_1_3' title="bbox 118 2676 994 2992">
    <p class='ocr_par' dir='ltr' id='par_1_5' title="bbox 118 2676 994 2863">
     <span class='ocr_line' id='line_1_35' title="bbox 122 2676 994 2749; baseline 0.005 -24"><span class='ocrx_word' id='word_1_303' title='bbox 122 2682 173 2725; x_wconf 84' lang='lat' dir='ltr'><strong>tum</strong></span> <span class='ocrx_word' id='word_1_304' title='bbox 188 2679 217 2725; x_wconf 86' lang='lat' dir='ltr'><strong>de</strong></span> <span class='ocrx_word' id='word_1_305' title='bbox 231 2690 339 2737; x_wconf 76' lang='lat' dir='ltr'><strong>eonpruo</strong></span> <span class='ocrx_word' id='word_1_306' title='bbox 358 2677 439 2724; x_wconf 87' lang='lat' dir='ltr'><strong>tribuit</strong></span> <span class='ocrx_word' id='word_1_307' title='bbox 454 2676 583 2724; x_wconf 87' lang='lat' dir='ltr'><strong>seeunddrn</strong></span> <span class='ocrx_word' id='word_1_308' title='bbox 604 2691 643 2731; x_wconf 67' lang='grc' dir='ltr'><strong>ως</strong></span> <span class='ocrx_word' id='word_1_309' title='bbox 660 2680 774 2725; x_wconf 61' lang='grc' dir='ltr'><strong>Μίνω</strong></span> <span class='ocrx_word' id='word_1_310' title='bbox 792 2687 872 2729; x_wconf 84' lang='lat' dir='ltr'><strong>autem</strong></span> <span class='ocrx_word' id='word_1_311' title='bbox 896 2687 931 2735; x_wconf 63' lang='lat' dir='ltr'><strong>aa</strong></span> <span class='ocrx_word' id='word_1_312' title='bbox 993 2716 994 2749; x_wconf 40' lang='lat' dir='ltr'><strong>p</strong></span> 
     </span>
     <span class='ocr_line' id='line_1_36' title="bbox 121 2738 926 2803; baseline 0.001 -15"><span class='ocrx_word' id='word_1_313' title='bbox 121 2742 258 2801; x_wconf 72' lang='lat' dir='ltr'><strong>taedioso,</strong></span> <span class='ocrx_word' id='word_1_314' title='bbox 267 2747 337 2799; x_wconf 89' lang='lat' dir='ltr'><strong>prout</strong></span> <span class='ocrx_word' id='word_1_315' title='bbox 345 2740 448 2797; x_wconf 80' lang='lat' dir='ltr'><strong>protudit</strong></span> <span class='ocrx_word' id='word_1_316' title='bbox 458 2754 488 2787; x_wconf 79' lang='lat' dir='ltr'><strong>ex</strong></span> <span class='ocrx_word' id='word_1_317' title='bbox 498 2742 571 2799; x_wconf 76' lang='lat' dir='ltr'><strong>gratia</strong></span> <span class='ocrx_word' id='word_1_318' title='bbox 589 2738 684 2798; x_wconf 75' lang='lat' dir='ltr'><strong>Spiritus</strong></span> <span class='ocrx_word' id='word_1_319' title='bbox 696 2744 782 2801; x_wconf 86' lang='lat' dir='ltr'><strong>saneti,</strong></span> <span class='ocrx_word' id='word_1_320' title='bbox 795 2756 837 2800; x_wconf 78' lang='lat' dir='ltr'><strong>par</strong></span> <span class='ocrx_word' id='word_1_321' title='bbox 847 2758 926 2803; x_wconf 64' lang='lat' dir='ltr'><strong>quam</strong></span> 
     </span>
     <span class='ocr_line' id='line_1_37' title="bbox 118 2804 926 2863; baseline 0.01 -12"><span class='ocrx_word' id='word_1_322' title='bbox 118 2805 270 2862; x_wconf 74' lang='lat' dir='ltr'><strong>justificemur</strong></span> <span class='ocrx_word' id='word_1_323' title='bbox 278 2805 291 2849; x_wconf 79' lang='lat' dir='ltr'><strong>d</strong></span> <span class='ocrx_word' id='word_1_324' title='bbox 300 2809 405 2860; x_wconf 85' lang='lat' dir='ltr'><strong>peceato.</strong></span> <span class='ocrx_word' id='word_1_325' title='bbox 413 2804 456 2849; x_wconf 87' lang='lat' dir='ltr'><strong>sed</strong></span> <span class='ocrx_word' id='word_1_326' title='bbox 463 2804 586 2861; x_wconf 83' lang='lat' dir='ltr'><strong>utrobique</strong></span> <span class='ocrx_word' id='word_1_327' title='bbox 594 2805 729 2862; x_wconf 87' lang='lat' dir='ltr'><strong>supponitur</strong></span> <span class='ocrx_word' id='word_1_328' title='bbox 738 2806 811 2863; x_wconf 79' lang='lat' dir='ltr'><strong>gretia</strong></span> <span class='ocrx_word' id='word_1_329' title='bbox 821 2820 926 2859; x_wconf 82' lang='lat' dir='ltr'><strong>morena</strong></span> 
     </span>
    </p>

    <p class='ocr_par' dir='ltr' id='par_1_6' title="bbox 119 2864 923 2992">
     <span class='ocr_line' id='line_1_38' title="bbox 120 2864 923 2927; baseline 0.005 -14"><span class='ocrx_word' id='word_1_330' title='bbox 120 2869 156 2913; x_wconf 86' lang='lat' dir='ltr'><strong>uel</strong></span> <span class='ocrx_word' id='word_1_331' title='bbox 169 2868 281 2923; x_wconf 78' lang='lat' dir='ltr'><strong>adjurans</strong></span> <span class='ocrx_word' id='word_1_332' title='bbox 294 2877 338 2910; x_wconf 89' lang='lat' dir='ltr'><strong>nos</strong></span> <span class='ocrx_word' id='word_1_333' title='bbox 351 2867 380 2911; x_wconf 82' lang='lat' dir='ltr'><strong>ad</strong></span> <span class='ocrx_word' id='word_1_334' title='bbox 394 2867 508 2923; x_wconf 73' lang='lat' dir='ltr'><strong>agendum</strong></span> <span class='ocrx_word' id='word_1_335' title='bbox 521 2868 615 2924; x_wconf 72' lang='lat' dir='ltr'><strong>aliquod</strong></span> <span class='ocrx_word' id='word_1_336' title='bbox 627 2868 713 2913; x_wconf 84' lang='lat' dir='ltr'><strong>bonum</strong></span> <span class='ocrx_word' id='word_1_337' title='bbox 728 2880 848 2927; x_wconf 80' lang='lat' dir='ltr'><strong>opusque</strong></span> <span class='ocrx_word' id='word_1_338' title='bbox 865 2864 923 2924; x_wconf 68' lang='lat' dir='ltr'><strong>ruie-</strong></span> 
     </span>
     <span class='ocr_line' id='line_1_39' title="bbox 119 2927 816 2992; baseline 0.003 -15"><span class='ocrx_word' id='word_1_339' title='bbox 119 2942 223 2987; x_wconf 64' lang='lat' dir='ltr'><strong>semure</strong></span> <span class='ocrx_word' id='word_1_340' title='bbox 237 2928 354 2978; x_wconf 61' lang='lat' dir='ltr'><strong>aemam</strong></span> <span class='ocrx_word' id='word_1_341' title='bbox 368 2927 396 2990; x_wconf 86' lang='lat'><strong>1,</strong></span> <span class='ocrx_word' id='word_1_342' title='bbox 408 2929 438 2991; x_wconf 74' lang='lat' dir='ltr'><strong>t,</strong></span> <span class='ocrx_word' id='word_1_343' title='bbox 454 2941 495 2990; x_wconf 74' lang='lat' dir='ltr'><strong>ou.</strong></span> <span class='ocrx_word' id='word_1_344' title='bbox 508 2929 562 2992; x_wconf 82' lang='lat' dir='ltr'><strong>tua,</strong></span> <span class='ocrx_word' id='word_1_345' title='bbox 574 2930 645 2979; x_wconf 65' lang='lat' dir='ltr'><strong>um</strong></span> <span class='ocrx_word' id='word_1_346' title='bbox 661 2929 816 2991; x_wconf 78' lang='lat' dir='ltr'><strong>audetneeps.</strong></span> 
     </span>
    </p>
   </div>
   <div class='ocr_carea' id='block_1_4' title="bbox 0 0 1000 3317">
    <p class='ocr_par' dir='ltr' id='par_1_7' title="bbox 0 0 1000 3317">
     <span class='ocr_line' id='line_1_40' title="bbox 0 0 1000 3317; baseline 0 1"><span class='ocrx_word' id='word_1_347' title='bbox 0 0 1000 3317; x_wconf 95' lang='lat' dir='ltr'><strong> </strong></span> 
     </span>
    </p>
   </div>
  </div>
 </body>
</html>
