1992 3317
385 130 417 166 uu
429 129 546 168 nusrmtt.
815 121 864 168 8⁰7

79 207 128 256 sunt
138 203 294 267 quodammodo
310 205 373 256 inter
385 218 421 256 res
437 204 573 267 exteriores,
588 219 637 268 qun
655 207 709 255 sunt
725 219 802 258 eorum
817 220 865 260 ma·

79 277 144 338 teria,
156 277 179 326 et
193 275 251 324 inter
263 275 378 339 passiones
389 277 517 340 interiores,
526 291 576 342 quae
585 280 639 326 suut
652 290 729 328 earum
742 277 862 341 priuctpin

78 345 182 409 Contingit
197 349 271 396 autern
286 349 419 411 quandoque
433 362 483 400 esse
498 349 612 398 deiectum
626 347 650 398 in
663 362 707 398 uno
721 362 798 400 eornm
811 349 861 403 sine

77 420 117 470 hoo
129 418 184 482 quod
197 418 226 468 sit
239 417 340 468 deiectus
354 419 378 469 iu
392 419 435 470 olio
454 436 460 470 :
475 419 534 470 sicut
551 419 571 469 si
590 418 671 482 aliquis
692 418 798 484 surripiat
810 435 857 471 rem

76 489 160 540 alterius
175 501 219 538 non
230 489 351 552 eupiditate
365 492 481 553 habendi,
496 491 536 541 sed
550 491 665 542 voluntate
677 491 788 554 nocendi;
802 493 863 544 veie

77 559 188 622 conversi,
206 560 226 610 si
248 561 328 624 aliquis
347 563 438 613 alterius
459 577 507 612 rem
525 563 684 626 concupiscat,
700 576 767 625 quem
787 566 865 614 tarmn

76 633 180 696 surripere
194 647 240 682 non
253 633 317 683 velit.
335 633 475 686 Rectidcatio
489 647 542 698 ergo
557 633 721 698 operationum,
738 637 864 685 secundum

74 705 133 768 pudd
144 705 172 756 ad
182 702 293 754 exteriora
303 705 446 767 terminatur,
459 706 559 769 pertinet
574 705 602 754 ed
612 704 737 768 justitiam3
756 705 795 756 sed
812 720 862 756 rec·

73 776 162 825 titicatio
176 788 251 825 earum
266 774 388 826 secuudum
400 777 458 840 pudd
469 776 636 840 dpassioniirus
645 775 756 836 oriuntur,
765 777 864 840 pertinet

72 848 97 898 ad
109 846 161 898 alias
177 847 272 896 virtutes
282 847 387 908 morales,
404 861 453 912 pun
467 851 520 898 suut
530 847 589 897 cirea
602 845 727 911 passIones.
738 847 801 898 Unde
813 862 863 897 sur-

72 919 191 982 reptionem
208 917 289 972 aliene
308 918 341 968 rei
349 919 439 981 justitia
452 919 564 984 impedit,
578 918 724 981 inquantum
738 918 774 967 'est
784 922 864 969 contra

71 990 219 1054 aequalitatem
237 989 261 1039 iu
282 989 429 1050 exterioribus
448 987 777 1052 constituendampiiberaiites
792 989 861 1050 verd,

72 1064 96 1112 iu
114 1065 221 1125 quantum
240 1061 340 1126 procedit
358 1061 385 1110 ab
401 1060 549 1116 immoderata
568 1060 753 1122 eoncupiscentia
770 1059 865 1110 divitia-

70 1147 127 1182 rum.
143 1133 186 1184 Sed
197 1132 250 1194 qnia
264 1131 407 1194 operationes
423 1131 545 1182 exteriores
560 1144 606 1181 nou
619 1131 706 1180 hahent
725 1130 825 1193 speciem
839 1133 866 1182 ab

67 1203 212 1254 interioribus
224 1201 381 1266 passionibus,
394 1203 432 1252 sed
444 1201 515 1266 magis
529 1202 619 1252 erebus
634 1201 792 1266 exterioribus,
807 1198 867 1252 sicut

69 1274 178 1338 objectis;
190 1273 242 1324 iden
258 1286 299 1336 per
318 1287 344 1324 se
355 1273 483 1338 loquend0,
502 1273 644 1337 operationes
656 1273 782 1324 exteriores
794 1274 868 1338 magis

68 1349 121 1396 sunt
135 1344 229 1394 materia
240 1343 344 1408 justitiae,
361 1356 428 1406 quem
443 1343 537 1394 aliarum
551 1343 659 1394 intutum
673 1345 799 1396 moratium.

99 1417 133 1466 Ad
142 1415 236 1466 tertium
253 1414 455 1479 dicendum,qudd
468 1415 552 1464 bouum
570 1428 688 1465 commune
702 1418 738 1464 est
752 1415 804 1466 finis
821 1415 868 1466 sin·

65 1489 171 1551 guiarum
181 1499 327 1550 personarum
337 1486 361 1534 in
372 1485 534 1535 communitate
543 1485 702 1546 existentium,
713 1487 774 1536 sieut
781 1489 867 1539 bonum

66 1560 138 1610 totius
153 1557 204 1607 [inis
217 1562 253 1608 est
266 1557 387 1620 cujustibet
408 1557 517 1620 partium.
532 1558 619 1606 Bonum
636 1561 711 1606 autem
728 1558 795 1608 unius
815 1572 866 1621 per-

62 1643 128 1681 sonae
142 1629 265 1692 singularis
283 1631 376 1678 nonest
391 1627 443 1676 finis
458 1627 559 1676 alterius.
575 1627 603 1676 Et
614 1627 665 1677 ideo
676 1626 866 1690 justitia'legaiis,

62 1715 117 1766 quae
130 1700 249 1750 ordinetur
262 1700 289 1749 ad
303 1699 388 1749 bonum
400 1711 528 1762 commune,
539 1699 612 1762 magis
621 1711 645 1748 se
654 1701 731 1762 potest
742 1701 865 1750 extendere

60 1774 92 1823 ad
116 1769 240 1822 interiores
258 1769 391 1834 passiones,
406 1769 487 1832 quibus
505 1771 573 1819 homo
593 1767 720 1832 aliqualiter
744 1769 868 1832 disponitur

58 1847 87 1894 iu
102 1843 181 1906 seipso
189 1855 276 1905 ,quam
290 1841 388 1904 justitia·
397 1840 539 1904 particularis
550 1853 601 1904 que
611 1841 727 1891 ordinetur
737 1842 765 1890 ad
783 1843 868 1892 honum

59 1915 162 1967 alterius
176 1912 297 1980 singularis
314 1923 430 1976 personae3
446 1911 549 1976 quamvis
557 1910 646 1975 justitia
657 1911 736 1974 legalis
754 1911 868 1976 principe-

55 1989 110 2037 iius
132 1998 158 2036 se
174 1983 281 2036 extendet
296 1983 322 2032 ad
333 1982 388 2032 alias
404 1981 501 2033 uirtutes
512 1985 622 2046 quantum
636 1982 665 2032 ad
678 1982 801 2033 exteriores
812 1996 867 2046 ope·

56 2058 171 2110 rationes
184 2068 270 2114 earum,
283 2054 424 2118 inquantum
436 2052 637 2120 sritteetpreeipn
650 2055 688 2104 lex
699 2070 712 2101 n
721 2053 787 2104 fortia
801 2067 869 2119 opera

51 2130 153 2189 iacere,
179 2129 268 2187 etque
287 2125 524 2188 temperati,etquae
547 2125 676 2188 mansueti,
698 2141 713 2171 n
737 2129 762 2174 ut
786 2124 867 2176 dicitur

49 2200 82 2252 in
99 2197 121 2244 V
134 2196 232 2258 nette,
253 2195 324 2262 (cap.
340 2200 364 2258 ἓ,
378 2197 415 2248 vei
429 2200 452 2260 3,
464 2200 490 2247 ut
504 2195 599 2262 supri).

364 2371 524 2424 annicetus
539 2372 568 2422 tt.

209 2495 294 2544 ttrrtm
308 2497 412 2544 medient
424 2497 526 2552 justitio
538 2496 570 2540 sit
580 2495 684 2540 medium
693 2495 736 2539 rei.

85 2625 130 2678 Ad
139 2623 256 2676 decimum
267 2623 301 2674 sic
311 2621 439 2688 proceditur
452 2619 496 2686 (i).
508 2620 602 2671 Videtur
616 2619 676 2684 qudd
694 2588 792 2671 medium
800 2619 870 2683 justi-

39 2701 92 2752 tr'ae
122 2709 174 2748 nou
195 2694 225 2744 sit
243 2693 341 2744 medinm
352 2693 392 2744 rei.
407 2693 473 2744 Ratio
485 2691 546 2744 enim
561 2692 651 2756 generis
668 2690 767 2741 saluatur
779 2690 802 2750 in
821 2703 871 2739 om-

83 2841 131 2915 (1)
149 2852 186 2896 ue
198 2847 233 2895 uu
245 2835 316 2894 enam
335 2848 357 2910 1,
376 2848 400 2909 s,
422 2859 462 2906 qu.
480 2847 575 2908 onte
595 2847 610 2892 a
627 2845 687 2908 aaa,
703 2851 728 2890 er
742 2844 873 2905 rumine,
