1992 3317
153 94 199 167 did
261 125 369 164 omnum
384 124 509 176 encoma,
525 124 619 170 cumr.
637 125 706 176 xum,
721 111 777 164 mr.
795 106 839 168 vd.
871 133 877 144 ·

182 204 216 255 dd
227 203 317 255 tertium
330 202 464 264 dicendum,
477 199 540 264 qndd
553 201 579 252 iu
592 204 655 252 recta
665 201 808 253 ordinatione
821 203 850 253 ed
866 201 944 264 duem,

152 275 192 343 qui
212 275 333 326 includitur
354 273 381 323 in
399 273 485 325 ratione
506 273 666 338 providentiae,
685 273 822 338 importatae
840 275 945 327 rectitudo

152 347 242 399 concidi
256 349 281 396 et
296 344 377 410 judicii
391 348 415 394 et
433 345 548 410 precepti,
565 345 615 398 aine
629 345 712 410 quous
725 348 789 398 recta
803 346 946 400 mettun

153 419 222 470 duem
237 429 287 468 cese
298 428 344 468 non
358 419 444 481 potest.

435 595 597 648 annuentis
615 595 662 648 vll.

238 721 324 768 istriam
334 723 511 780 circumspectio
523 723 655 780 poseiteaee
666 733 724 780 pure
733 723 875 780 prodentem

184 849 218 900 dd
228 848 348 914 septimum
355 850 390 900 sic
398 850 528 914 proceditur
535 849 579 914 (1).
587 849 680 902 Videtur
690 848 752 914 qudd
759 851 951 915 circumspectio

154 935 201 972 uon
212 921 285 986 possit
293 933 345 972 esse
363 935 417 985 pare
427 921 565 986 prudentiae.
581 921 781 985 Circuaecpoetio
794 921 857 974 enim
868 921 951 972 uidetur

154 1007 205 1045 esse
217 991 367 1044 consideratio
378 994 481 1056 quaedam
493 1006 571 1044 corum
583 1005 634 1057 quae
645 993 804 1046 circumstent.
816 991 949 1060 Hujusmodi

154 1068 231 1116 autam
244 1068 298 1115 sunt
310 1064 411 1128 infinita,
421 1079 472 1129 quo
482 1077 529 1118 uon
539 1067 635 1130 pessum
648 1065 812 1129 comprehendi
821 1064 951 1128 rationein

154 1150 199 1201 qna
214 1140 250 1188 cst
264 1137 391 1200 prudentia.
406 1136 465 1202 Ergo
483 1138 676 1202 circumspectio
689 1149 736 1188 uon
749 1135 819 1188 dedet
832 1139 890 1202 poni
904 1148 951 1201 pers

153 1207 289 1273 prudentia.

186 1283 209 1328 2.
225 1278 349 1340 Preteree,
358 1278 535 1332 dmumetautiae
548 1281 621 1345 uagis
630 1271 735 1332 sidentur
741 1281 860 1345 pertinere
869 1281 898 1332 ad
908 1280 950 1330 rir-

153 1352 213 1400 tutes
226 1349 322 1400 morales
335 1350 403 1414 quim
416 1352 444 1402 ad
462 1353 617 1416 prudentiam.
629 1352 674 1404 sed
688 1353 885 1418 circumspectio
901 1352 950 1402 nidd

154 1419 215 1470 aliud
237 1433 288 1471 esse
307 1421 397 1472 uidetur
415 1423 485 1486 qndm
505 1427 622 1488 respectus
637 1424 874 1476 circumstantiarum.
895 1426 949 1486 Ergo

154 1492 344 1556 circumspectio
362 1493 436 1557 magis
452 1493 542 1546 ridetur
555 1495 582 1546 ad
598 1496 696 1548 morales
713 1495 812 1548 uirtutes
827 1497 950 1561 pertinere,

154 1563 222 1628 quam
235 1566 264 1615 ad
274 1566 425 1630 prudentiam.

186 1641 209 1688 3.
218 1639 343 1697 Praeterea.
353 1637 394 1700 qui
407 1642 481 1702 potest
490 1638 567 1690 uidero
578 1653 629 1704 qua
640 1641 718 1703 procul
726 1643 790 1704 suut,
802 1641 952 1704 multomagis

157 1712 232 1774 potest
242 1709 320 1760 ridere
331 1722 381 1772 quae
393 1709 454 1760 circa
465 1714 528 1762 sunt.
542 1711 586 1764 Sed
599 1725 640 1776 per
657 1712 827 1776 providentiam
840 1715 913 1764 homo
923 1715 953 1762 est

155 1784 240 1844 potens
265 1780 395 1846 prospicere
415 1795 467 1844 qnae
489 1782 567 1846 procul
591 1786 653 1834 eunt.
674 1783 731 1846 [drgo
752 1783 805 1847 ipsa
826 1785 913 1834 suffieit
929 1783 952 1832 ad

155 1852 342 1903 considerandum
356 1863 383 1901 ca
394 1865 445 1914 ques
460 1853 622 1918 circumstant3
636 1866 683 1906 nou
693 1866 747 1916 ergo
761 1855 867 1918 oportuit
876 1859 951 1920 preter

79 1928 83 1940 ’
155 1923 320 1986 prouidentiam
337 1935 422 1986 ponere
437 1924 699 1988 circumspectionem,
715 1929 805 1988 pardem
819 1926 950 1990 prudentie.

187 1994 233 2044 sed
250 1998 327 2043 contra
338 1996 374 2044 est
387 1995 508 2046 auctoritas
521 1996 639 2060 Macrobii,
649 1995 752 2059 utsupra
767 1996 856 2048 dictum
866 2001 911 2048 est.

188 2065 345 2129 (Concunsru.
353 2064 579 2131 -circumspectio,
594 2081 638 2130 qna
649 2068 718 2119 homo
731 2067 756 2117 id
768 2069 953 2132 quodordinatur

156 2135 181 2184 in
192 2135 277 2269 inem,
291 2149 344 2186 cum
353 2137 390 2187 inis
402 2141 517 2201 comparat
533 2152 585 2202 que
595 2139 749 2203 circumstant,
760 2141 893 2204 prudentiae
906 2154 953 2206 pars

156 2209 201 2256 est.

187 2279 322 2342 despondeo
340 2280 476 2345 dicendum,
489 2279 551 2345 qudd
568 2282 596 2332 ad
614 2281 772 2346 prudentium,
788 2283 851 2334 sicut
870 2285 951 2336 dictum

156 2353 192 2399 est
207 2353 253 2412 (qu.
265 2353 303 2412 td,
316 2357 359 2402 art.
370 2355 385 2400 c
396 2354 419 2402 et
429 2357 463 2415 71,
476 2351 590 2416 praecipue
601 2353 700 2417 pertinet
716 2353 778 2404 rcctd
792 2355 901 2408 urdnare
913 2356 952 2406 ati·

155 2419 210 2484 quid
223 2422 251 2471 ad
261 2421 339 2474 duem.
353 2422 416 2482 Quod
430 2421 521 2486 quidem
532 2423 595 2474 recte
608 2437 653 2478 non
663 2425 697 2486 ct,
709 2424 754 2474 nisi
765 2425 818 2476 finis
830 2427 952 2487 decussit,

156 2494 180 2540 et
190 2491 213 2543 id
226 2495 286 2557 qued
300 2494 415 2546 ordinatur
428 2495 453 2544 in
464 2493 532 2545 duem
538 2532 547 2558 ,
556 2495 586 2546 sit
597 2493 666 2546 etiam
681 2495 766 2546 bonnm
777 2499 800 2548 ct
815 2500 953 2550 conveniens

157 2563 204 2615 dui.
218 2567 264 2617 Sed
277 2567 332 2630 qnia
345 2565 478 2630 prudentia,
493 2567 552 2617 sicut
572 2567 657 2618 dictum
668 2569 703 2618 est
713 2567 722 2632 (
731 2581 772 2632 qn.
787 2571 835 2630 tn,
849 2573 895 2620 art.
908 2570 950 2629 6),

155 2640 191 2687 est
206 2637 264 2688 circa
280 2638 403 2702 singularia
420 2638 558 2703 optabilia,
576 2639 601 2688 iu
617 2639 699 2704 quibus
713 2640 785 2690 munite
800 2645 951 2701 concurrunt,

188 2789 223 2854 (i)
235 2795 269 2840 lte
278 2792 392 2838 dicacium
403 2791 484 2851 cupri,
497 2804 537 2850 qu.
547 2791 641 2852 δίψη.
652 2795 731 2854 unico,
746 2795 770 2841 tn
787 2807 864 2857 corpe
881 2803 905 2846 et
914 2799 951 2858 iii,

155 2853 233 2909 cese,
248 2855 302 2901 dict
312 2853 358 2931 ³2⁴,
368 2868 408 2914 qu.
418 2855 448 2915 3,
461 2860 506 2902 ert.
517 2854 543 2916 1,
560 2857 696 2916 questum.
709 2857 734 2906 2.
