1992 3317
129 202 175 253 etl
263 204 371 251 escoron
385 203 515 260 semme,
529 204 623 254 oonsn
635 185 692 258 m,
705 204 761 247 aar.
776 208 794 245 1.

127 292 154 344 ad
165 290 250 343 bonum
267 284 435 343 commutabile.
449 285 495 337 scd
509 282 656 353 praesumptio
671 286 707 338 cst
717 279 832 354 quoddam
845 297 936 353 pccca-

127 367 186 415 tum.
201 360 261 429 Ergo
271 358 343 425 magis
357 357 469 423 contingit
482 371 512 410 ex
522 356 673 411 conversione
687 358 716 410 ad
727 357 838 416 virtutem
849 359 937 413 huma-

127 446 194 495 nam,
208 444 259 496 que
273 434 308 483 est
319 430 405 482 bonurn
422 430 594 493 commutabile,
604 442 673 495 quam
690 441 720 480 cx
730 432 883 486 conversione
903 434 936 485 ad

127 503 234 555 virtumm
247 502 360 565 divinam,
375 514 427 567 que
441 504 477 552 cst
494 501 581 553 honum
597 500 788 552 incommutabile

159 574 204 625 sed
214 576 293 625 centra
305 578 354 636 est,
363 574 425 639 qued
435 572 494 625 sicut
505 586 535 625 ex
543 572 700 638 desperatione
712 572 794 637 aliquis
804 576 937 627 contemnit

127 646 226 701 diuinam
243 646 434 709 misericordiam,
453 645 492 695 cui
504 658 557 711 spes
569 644 689 709 innititur-3
705 645 740 695 ita
759 659 789 697 ex
801 660 936 711 praesump-

126 719 189 771 tione
199 716 323 769 coutemnit
337 716 437 769 divinam
448 717 638 782 justitiamque
650 717 868 781 peccatorespumt.
886 718 937 770 Sed

127 790 185 842 sicum
197 788 353 841 misericordia
363 792 398 840 est
411 789 436 841 in
446 788 505 852 Deo,
520 789 553 851 ita
564 787 635 850 etium
646 788 769 852 otjuetilia
781 791 816 838 ost
828 787 854 837 in
862 787 931 851 ipso.

126 862 200 925 Ergo,
215 860 275 912 sicut
293 860 421 925 desperatio
439 862 473 912 cst
491 873 533 925 per
553 858 694 911 aversionem
712 858 799 923 ilico,
812 858 847 908 itu
866 871 937 923 prec-

127 933 227 999 sumptio
236 935 273 985 est
282 937 324 997 per
332 932 485 983 inordinatam
495 930 669 991 mnpereicmm
679 930 802 995 adipum.
843 943 847 946 ’

161 1006 322 1067 (Conclusio.
330 1000 532 1073 -Praesumptio‚
544 1015 596 1071 qne
608 1004 645 1053 est
653 1001 756 1074 quedam
768 1001 839 1053 nimia
852 1004 876 1052 et
887 1002 934 1054 im-

127 1078 244 1130 moderata
254 1074 348 1141 fiducia,
364 1086 407 1125 eeu
417 1074 468 1139 spei
481 1086 657 1136 oxcceoue,non
670 1074 737 1125 mode
750 1074 814 1124 cirea
828 1074 937 1140 proprias

127 1150 204 1212 mres,
217 1150 258 1201 sed
274 1148 342 1201 etiam
359 1148 422 1199 circu
438 1144 538 1198 divinam
555 1144 681 1222 petendum
697 1146 737 1199 sel
753 1144 937 1217 misecicordiam

129 1222 260 1285 mmmpem
271 1218 375 1285 potest.)

160 1292 297 1356 despondeo
310 1289 446 1353 dicendum,
462 1287 524 1355 quod
542 1288 690 1355 presumptio
702 1289 793 1342 uidem
808 1292 938 1357 impertire

129 1364 249 1429 quamdam
264 1360 461 1413 immoderantiam
473 1361 531 1425 spei.
548 1361 602 1425 Spei
618 1363 695 1413 autem
708 1360 823 1425 objectum
836 1367 873 1415 est
886 1364 935 1415 too-

130 1446 186 1485 nnm
203 1434 312 1495 arduum,
327 1432 446 1498 possibile
465 1431 575 1488 Peositde
592 1436 669 1492 eoem
686 1435 723 1483 est
740 1434 825 1498 aliquid
842 1436 939 1487 homiui

129 1505 249 1570 dupliciter
261 1522 267 1556 ι
279 1518 325 1557 uno
341 1505 417 1568 modo,
428 1516 470 1569 per
479 1503 593 1577 propriam
601 1503 719 1574 uirtutem3
730 1504 774 1555 alio
787 1506 867 1569 modo,
884 1520 938 1559 nom

129 1576 173 1629 nisi
187 1588 229 1641 per
248 1576 356 1627 virtutem
373 1576 484 1626 divinam.
500 1575 566 1626 eirea
580 1578 702 1639 utramque
716 1578 793 1627 autem
804 1587 869 1639 spem
890 1592 939 1643 per

129 1649 325 1715 immoderantiam
333 1650 409 1716 potest
420 1660 471 1705 esse
481 1646 641 1717 presumptio,
652 1648 711 1697 Nam
727 1648 787 1699 circa
798 1661 879 1713 spem,
890 1664 938 1719 per

130 1718 198 1787 quim
207 1722 288 1790 elipuds
302 1722 330 1773 dc
341 1720 432 1787 propris
442 1719 527 1773 uirtute
536 1718 641 1782 contidit,
649 1719 773 1783 attenditur
783 1725 938 1789 presumptio

130 1806 159 1847 ex
172 1795 217 1847 hoe
227 1796 287 1863 qnod
299 1792 382 1857 aliquis
392 1790 465 1843 tendit
477 1790 504 1850 iro
520 1790 612 1860 aliquod
624 1792 711 1854 bonum
722 1794 748 1842 ut
758 1790 804 1851 sini
813 1794 936 1866 possibile,

129 1867 189 1929 quod
201 1878 265 1923 suam
277 1862 409 1919 facultatem
418 1864 508 1919 excedit
517 1902 524 1932 ,
532 1863 657 1924 secrodunt
667 1865 728 1929 qood
737 1864 821 1930 dicitnr
828 1867 936 1928 dediti,

128 1936 159 1987 Vt
178 1950 184 1985 :
200 1952 214 1985 «
229 1938 395 1991 Presumentes
415 1934 443 1987 de
463 1948 488 1987 se
506 1934 623 1990 lumilas.
642 1952 657 1982 o
671 1935 701 1994 lit
714 1936 766 1989 tatis
785 1941 937 2006 presumptio

129 2006 251 2071 opponitur
260 2006 339 2059 uirtuti
350 2004 555 2072 magnanimitatis,
561 2019 612 2070 quae
626 2006 727 2057 medium
742 2010 806 2057 tenet
816 2008 841 2058 in
853 2010 938 2077 liujus-

129 2076 193 2127 modi
209 2090 259 2143 spe.
271 2077 337 2130 Circa
346 2090 410 2143 spem
424 2080 500 2134 eutem
512 2091 554 2146 per
567 2090 635 2146 quem
647 2078 728 2143 adonis
742 2078 839 2132 inderet
849 2081 937 2135 dirime

129 2148 252 2213 potentie,
266 2150 341 2215 potest
354 2162 395 2215 per
407 2148 604 2206 immoderantiam
619 2163 670 2202 csse
686 2152 836 2217 presumptio
849 2151 875 2202 in
888 2154 937 2205 hoo

131 2220 192 2282 quod
211 2218 292 2283 aliquis
305 2218 378 2271 tendit
396 2220 418 2271 in
432 2221 528 2285 'aliquod
546 2222 644 2287 bonunm
658 2218 810 2287 ut'possihite
825 2236 868 2292 per
887 2225 936 2276 vir-

93 2314 96 2323 ·
129 2290 616 2359 rummeopisericmdiomledramniet
629 2288 853 2361 cossitdcnoncst.
867 2294 936 2346 stem

131 2374 183 2411 cum
194 2360 275 2425 aliquis
288 2365 364 2433 sperat
374 2376 400 2415 se
409 2362 501 2419 veniam
510 2363 613 2416 obtinere
623 2365 673 2415 sine
682 2364 825 2432 peonitentia,
836 2367 876 2417 uel
886 2368 935 2434 glo

130 2430 186 2481 riam
199 2432 249 2486 sine
259 2432 355 2493 meritis.
371 2434 425 2487 lice
441 2438 517 2488 autem
529 2434 677 2501 presumptio
689 2440 725 2496 cst
735 2437 827 2503 proprie
843 2439 936 2506 species

130 2501 218 2573 peccati
233 2506 258 2557 in
272 2505 381 2573 Spiritum
395 2510 507 2572 sanctum,
519 2508 573 2575 quia
584 2508 671 2560 scilicet
679 2523 721 2575 per
734 2510 866 2575 hujusmodi
875 2524 935 2575 prae-

131 2576 285 2641 sumptionem
292 2576 839 2649 tollituruelcontemnituradjutoriumspirttus
848 2582 933 2646 semoti,

129 2660 170 2711 per
183 2650 244 2720 quod
256 2651 326 2715 hemo
338 2653 458 2709 reuocetur
471 2650 485 2702 'a
497 2656 601 2717 peccato.

160 2720 194 2771 dd
207 2722 305 2789 primum
315 2736 367 2790 crgo
379 2723 508 2788 dicendum,
520 2725 582 2794 quod
593 2726 651 2780 siem
662 2726 732 2793 supet
745 2726 832 2805 dictum
847 2732 885 2781 est
899 2730 932 2795 (1)

131 2790 180 2855 (qli.
192 2793 221 2843 ΞΟ
227 2831 236 2857 ,
246 2798 289 2847 ait.
303 2794 337 2861 ³),
348 2798 466 2859 peccatum
478 2798 538 2861 quod
551 2803 589 2855 est
606 2803 683 2858 contra
697 2800 786 2865 Deum,
804 2803 931 2857 secundum

163 2936 194 3002 (t)
210 2942 241 2991 ur
251 2947 275 2991 et
288 2940 318 3005 1,
333 2942 360 3006 i,
376 2954 415 3004 qu.
424 2940 465 3007 id,
478 2948 524 3008 cut..¹
533 2942 559 3008 t,
572 2925 651 2997 veredo
663 2944 743 2997 tecm
