1992 3317
136 118 182 167 ιιι
272 126 384 165 εεεεεεε
397 124 525 175 securum,
540 124 632 172 ounsr.
647 124 686 172 vr,
699 124 754 164 nur.
772 126 801 162 rr.
961 158 962 177 ,

135 206 190 257 fluo
203 207 278 255 antem
292 206 329 253 est
344 200 456 253 informis.
470 202 531 265 ffrqo
544 201 601 253 ides
618 200 723 253 informis
735 202 772 253 εει
784 201 886 255 doum
906 206 956 258 Dei.

167 276 326 341 (consumto,
336 300 367 311 -
376 272 433 325 Cium
440 272 568 325 informitas
576 273 629 324 fidei
642 273 671 324 ad
682 273 796 325 rationem
805 273 893 339 ipsius
905 278 962 331 fidei

136 360 182 398 non
194 345 322 411 pertineat,
332 344 384 397 ideo
405 346 461 396 iilud
479 350 516 396 εει
534 359 602 397 uama
618 345 671 397 fidei
686 345 807 410 informis;
822 352 898 411 quod
925 353 959 405 εει

136 430 202 467 musa
219 416 352 481 simpliciter
364 417 438 481 diota,
452 419 496 468 troo
506 420 582 469 autem
601 421 636 469 εει
648 418 720 481 Ιιεεε;
731 429 759 467 au
774 418 882 481 proinde
897 422 958 475 fides

135 486 239 539 informis
252 489 337 539 donum
348 489 391 540 liei
409 492 460 553 est,
474 490 664 553 quemadmodum
679 489 736 541 ides
750 488 889 553 immuta.)

166 560 304 623 despondeo
313 560 449 623 dicendum,
461 558 523 623 qudd
534 560 662 611 informitas
670 558 767 625 privatio
777 562 894 625 quanm
907 570 956 617 εει.

137 630 177 680 Εει
191 635 268 681 εειεεε
287 630 490 693 mudderandun,
505 629 566 695 quod
582 631 680 696 privatio
693 632 830 696 quaudoque
851 634 971 697 quidem

137 702 237 766 pertinet
252 703 279 753 ad
294 702 404 754 rationem
422 702 524 767 speciei,
537 704 670 767 quandoque
684 707 760 755 autem
772 717 836 765 nou,
854 708 904 757 sed
916 722 958 759 su·

137 773 243 837 pervenit
265 774 299 823 rei
314 774 363 838 jam
381 773 475 825 habenti
492 774 605 839 propriam
624 774 723 840 specium
740 790 746 825 :
764 774 823 825 siout
842 778 966 841 privatio

137 844 218 895 debite
234 844 460 897 commensurationis
475 846 652 908 humorum‚ost
664 844 790 897 duratione
804 847 900 910 speciei
918 851 957 915 ip-

137 916 185 967 sim
197 916 353 981 egritudinis3
368 917 517 969 tenebrositas
531 920 608 969 autem
623 930 670 969 non
684 920 721 969 εει
735 918 764 967 ιε
782 918 877 969 ratione
891 934 958 985 spe-

136 985 181 1036 ciei
193 986 268 1051 ipsius
280 988 402 1052 diaphaui,
417 987 458 1038 sed
471 986 493 1038 ei
510 987 651 1051 supervenit
670 986 726 1047 Quia
741 1000 795 1051 erqo
812 1001 869 1037 enm
884 992 958 1043 assi-

136 1063 218 1122 gnatur
240 1072 310 1111 eausa
332 1060 428 1124 aiicujus
448 1060 482 1110 rei
489 1058 644 1143 ,inteligitur
665 1058 774 1123 emigrari
793 1070 865 1111 eausa
891 1065 958 1125 ejus

137 1132 262 1183 muudum
278 1132 358 1196 quod
352 1146 377 1182 vn
394 1131 484 1198 propria
498 1130 575 1197 speeie
589 1130 682 1193 existit,
697 1131 748 1182 ideo
764 1129 826 1213 qudd
840 1145 893 1183 non
914 1141 958 1187 est
983 1154 986 1209 t

136 1216 205 1255 nausa
216 1204 359 1268 privationis,
372 1217 419 1255 non
429 1202 559 1269 potestdioi
571 1216 621 1255 εεεε
634 1216 703 1255 cansa
711 1203 772 1255 iliius
784 1202 817 1253 rei
830 1206 956 1270 adquam
986 1222 987 1269 ι

136 1276 237 1339 pertinet
252 1274 363 1340 privatio,
375 1274 435 1326 sieut
447 1276 553 1327 existens
563 1277 592 1326 ιε
605 1275 692 1327 ratione
706 1272 790 1341 spetiei
803 1274 876 1327 itlius.
889 1278 955 1329 Nou
987 1290 988 1329 ι

136 1346 198 1396 enim
209 1349 285 1411 potest
299 1346 346 1397 diui
359 1360 428 1397 eausa
445 1346 601 1412 agritudinis,
617 1348 677 1411 quod
691 1358 738 1398 aon
753 1350 790 1397 εει
807 1360 879 1399 eausa
895 1351 955 1401 dis·
988 1359 989 1419 ι

136 1416 292 1482 temperantis
308 1419 437 1471 hunnorum
452 1422 534 1471 Potest
552 1422 627 1477 autem
645 1419 690 1470 diei
700 1417 784 1484 aliquid
802 1431 854 1471 esse
867 1425 990 1477 eausa

137 1489 260 1554 diapnani,
274 1492 432 1573 quamvisnon
447 1492 476 1543 sit
491 1502 560 1543 εεεεε
573 1490 728 1555 obscuritatis,
744 1505 794 1557 qua
806 1497 901 1545 nonest
912 1497 950 1548 de
990 1492 991 1515 ¹

136 1562 224 1614 ratione
239 1563 325 1628 speciei
340 1564 456 1629 diaphnui
472 1564 601 1616 informitas
616 1566 693 1615 autem
708 1564 761 1615 fidei
778 1577 824 1615 non
838 1565 952 1628 pertinet
991 1560 992 1575 ¹

137 1634 167 1685 ad
186 1634 295 1687 rationem
309 1637 394 1702 speciei
413 1636 485 1701 ipsius
504 1635 569 1697 fidei,
586 1634 638 1687 einr
654 1637 711 1687 tides
731 1636 819 1687 dicatur
831 1636 949 1691 informis
992 1628 993 1643 ¹

137 1712 229 1775 propter
241 1710 355 1760 defectum
363 1709 482 1773 enjusdam
493 1708 611 1759 exterioris
621 1709 707 1772 fornum,
717 1707 777 1759 siem
786 1709 873 1760 dietum
883 1714 924 1761 εει
938 1728 945 1761 :

137 1785 162 1831 et
175 1780 225 1834 ideo
238 1782 294 1833 ittnd
308 1785 344 1832 est
352 1794 421 1831 rausa
433 1780 487 1831 fidei
496 1778 601 1830 informis
616 1780 674 1843 quod
688 1782 725 1831 εει
738 1791 806 1831 εεεεε
821 1780 876 1830 ιιει
886 1781 950 1832 εἰω-

137 1852 226 1917 pliciter
234 1854 310 1917 diotu3
325 1856 370 1905 hoo
383 1857 458 1904 autem
472 1855 508 1902 est
522 1853 581 1902 Deus
589 1888 598 1915 ,
612 1853 638 1900 ut
651 1850 736 1901 dictum
749 1854 784 1901 εει
803 1850 811 1915 (
819 1854 862 1902 art.
879 1866 947 1917 prae-

138 1926 187 1975 ued.
199 1925 218 1989 ).
233 1926 296 1975 Unde
303 1924 448 1989 relinquitur,
460 1923 519 1988 quod
530 1924 586 1975 fides
599 1922 702 1974 informis
713 1922 743 1973 sit
756 1924 840 1973 donum
854 1924 908 1975 Dei.

169 1996 204 2046 td
222 1995 318 2060 primum
334 2008 388 2060 erqo
403 1996 537 2059 dicendum,
551 1994 612 2060 qadd
628 1993 684 2045 ides
695 1992 815 2057 informis,
832 1994 878 2045 atsi
893 2010 945 2048 nou

138 2068 168 2118 sit
179 2068 278 2133 perfeeto
287 2067 421 2132 simpliciter
432 2065 571 2133 perfeetione
583 2066 688 2130 virtutis,
701 2068 824 2117 esttamen
837 2067 947 2129 perfecta

137 2140 233 2205 quadam
244 2139 400 2204 portentione,
416 2153 467 2204 que
484 2138 570 2190 suffieit
583 2139 611 2188 ad
626 2137 679 2190 fidei
690 2136 810 2189 rationem.

168 2212 202 2261 td
220 2213 345 2263 seeundum
360 2210 497 2275 dicendum,
516 2209 578 2274 qudd
597 2206 728 2261 deformitas
741 2213 806 2259 actus
818 2212 853 2260 est
864 2210 895 2261 de
906 2224 947 2261 ra-

136 2282 199 2334 tione
215 2282 300 2347 spetiei
319 2283 392 2348 ipsius
404 2286 468 2334 aetus
485 2282 611 2333 seeundum
624 2281 684 2347 quod
702 2283 738 2331 εει
750 2284 814 2333 εειεε
828 2282 944 2349 morafie,

136 2364 165 2409 nt
182 2357 349 2423 supradictum
362 2360 411 2423 εει;
426 2355 581 2409 diciturenim
601 2358 666 2407 totns
677 2356 786 2407 deformis
804 2369 847 2421 per
862 2357 945 2422 priva-

135 2431 220 2482 tionem
234 2431 312 2481 torme
325 2429 467 2493 intrinseca,
481 2442 533 2493 qum
547 2432 583 2481 εει
595 2428 671 2481 debita
687 2429 879 2481 commensuratio
898 2430 946 2480 rir-

136 2501 321 2554 eumstnutiarum
335 2505 399 2554 aetus
413 2506 454 2553 :et
462 2501 514 2555 ideo
527 2515 574 2554 uon
586 2504 662 2567 potest
675 2500 720 2551 dioi
733 2512 801 2553 causa
817 2504 884 2558 actus
904 2502 946 2553 de-

136 2571 231 2635 dormis,
247 2575 323 2637 Dens,
343 2571 383 2638 qui
396 2576 492 2626 nonest
507 2587 576 2625 nausa
590 2570 752 2633 deformitatis,
765 2568 818 2625 lieet
831 2572 863 2624 sit
873 2585 945 2625 causa

137 2649 202 2698 aetus
214 2646 239 2699 in
253 2649 363 2713 quantum
381 2649 416 2697 est
437 2650 511 2700 actm.
525 2645 567 2697 Vel
583 2645 717 2711 dicendam,
729 2638 790 2709 quod
806 2638 944 2697 deformitas

137 2792 198 2903 ξειε
211 2792 344 2903 ibirffirtr
337 2793 400 2847 ,εει
413 2794 523 2851 imposne
536 2792 624 2841 ιειειιεεει
639 2788 694 2889 ιειεΙ
688 2804 712 2841 εει
725 2792 942 2853 deminuuntur,

169 2868 185 2903 ιε
206 2867 252 2915 exp
