1992 3317
363 154 396 191 DE
410 153 585 192 Comitum
829 150 875 197 898

63 235 127 283 arato
143 231 246 281 modoet
257 228 383 280 intentione
397 241 474 293 praua,
489 234 607 294 peccatum
618 234 713 283 mortale
726 237 771 298 est;
787 237 812 285 at
822 249 876 286 eon·

63 304 146 354 tentio
159 316 204 365 qua
219 300 294 351 debito
308 299 385 351 ordine
398 314 426 350 an
439 303 505 353 modo
519 295 778 368 repugnaremus,
795 307 876 358 iauda-

65 375 118 424 bile
134 372 226 434 eristit3
243 385 269 422 ea
287 383 340 421 vero
354 385 398 435 qua
413 372 500 424 falsitm
515 375 554 424 sed
572 373 700 426 Inordinntd
720 376 875 442 impugnatur,

66 445 165 496 ueniaie
180 447 297 507 peccatam
314 455 364 493 esse
380 444 477 506 potest.)

104 516 242 578 Respondes
257 514 391 574 dicandum,
407 513 466 577 quon
485 517 621 567 contendere
638 522 764 570 emmetra
777 520 875 584 aliquem

64 589 181 640 tendere.
199 585 276 645 Unde,
291 585 350 635 sient
367 585 477 636 discordia
497 588 676 639 contrarietatem
693 592 814 653 qnamdam
833 593 877 641 inr-

67 663 151 725 portat
170 657 196 708 in
214 657 345 720 voiuntate3
365 657 397 706 ita
416 659 532 708 contentio
552 659 732 711 mntandetatem
755 665 875 725 quamdam

66 731 185 796 importat
194 729 220 779 in
231 729 384 779 leontinuedtt
394 734 488 793 propter
499 732 544 780 troc
554 731 624 780 etiam
633 744 686 780 cum
696 733 769 784 oratIo
780 734 876 798 aiicujus

68 805 209 868 pereuntia
227 813 251 850 se
270 800 388 864 diffundit,
404 804 496 852 vocatur
510 801 641 865 mntenti03
656 805 807 868 anteponitur
817 819 878 856 unns

69 876 137 926 color
151 872 277 923 rhetoricus
289 885 303 921 e
317 872 403 936 Iulli),
418 872 457 935 qni
468 873 525 922 dicit
538 889 544 922 :
558 890 572 920 «
582 874 703 924 Contendo
720 879 771 938 est,
785 889 836 925 curn
847 889 875 925 ex

71 943 198 997 contrariis
210 943 277 994 rebus
295 944 367 994 oratio
387 943 484 994 efficitur
500 946 542 994 Imc
556 949 624 1008 paeto
638 960 644 994 ε
660 947 731 996 flabat
751 947 873 997 assentatio

71 1017 114 1082 (id
129 1018 167 1066 est
179 1014 294 1076 adulatio)
305 1015 405 1079 jucunda
414 1015 533 1080 principa,
546 1016 626 1066 eadem
640 1017 715 1066 einus
724 1017 877 1066 amarissimos

72 1089 152 1139 affert.
162 1103 176 1134 u
187 1085 342 1136 contrarietas
352 1089 426 1136 autem
437 1086 557 1138 locutionis
565 1090 641 1151 potest
649 1087 736 1138 attendi
743 1087 875 1150 dupliciter:

69 1171 122 1210 uno
137 1159 206 1208 modo
223 1159 332 1220 qnantum
348 1159 376 1207 nd
389 1157 539 1210 intentionem
559 1159 730 1222 contendent's3
747 1158 791 1210 aiio
809 1159 876 1209 modo

71 1233 190 1295 quamam
204 1229 232 1279 ad
246 1229 346 1278 moduni.
361 1230 387 1278 In
400 1229 529 1281 intentione
539 1231 631 1294 quidem
644 1230 830 1280 considerandum
842 1233 879 1280 est

71 1301 155 1352 artrirm
170 1300 252 1363 aliquis
266 1300 530 1365 contremuissent,
545 1303 606 1365 qnod
618 1305 655 1352 est
666 1300 824 1364 vituperantia,
840 1301 878 1350 rel

71 1372 183 1434 saisitum,
201 1373 261 1435 quod
277 1374 312 1420 est
327 1369 448 1420 laudabiie.
464 1373 489 1420 In
505 1373 572 1422 modo
584 1375 675 1432 autem,
690 1371 877 1422 musiderandam

73 1449 114 1497 est
131 1443 208 1493 nunu
225 1442 277 1492 tatis
297 1443 376 1493 modus
392 1443 544 1494 contrariaudi
564 1443 684 1494 conueniat
697 1447 722 1493 et
736 1443 840 1506 personis
853 1447 879 1492 et

71 1512 191 1578 negotiis3
210 1513 264 1576 qnia
278 1515 321 1562 troc
334 1515 489 1564 estlandabiie
501 1529 507 1562 z
521 1514 531 1578 (
544 1515 608 1564 Unde
620 1519 644 1564 et
653 1515 739 1563 Tullius
752 1514 807 1563 dicit
817 1513 843 1563 in
856 1515 878 1563 II

75 1589 160 1640 noea,
179 1584 240 1648 qrrdd
259 1601 272 1632 u
282 1585 396 1636 eontentio
413 1589 447 1636 est
461 1585 533 1635 oratio
545 1585 604 1634 acris
618 1586 645 1634 ad
661 1585 838 1634 conflrmaudnm
853 1589 877 1634 et

77 1657 246 1708 confutandum
265 1656 472 1720 *accommodatam
494 1671 509 1702 n
525 1656 562 1706 uei
580 1657 675 1706 excedat
696 1654 878 1704 conuenientium

76 1739 230 1792 personarum
247 1731 269 1777 et
282 1727 439 1790 negotiorum
455 1727 525 1776 etsie
537 1727 653 1777 mutuatio
666 1730 702 1776 est
713 1724 877 1788 vituperabilis.

76 1800 103 1850 Si
117 1811 172 1862 ergo
186 1798 309 1862 accipiatur
324 1799 454 1858 contentio,
470 1795 593 1848 secunddm
613 1797 672 1860 qnod
686 1797 793 1858 importat
806 1795 879 1857 impu-

75 1869 212 1936 gnationem
226 1869 329 1918 ueritatis
346 1872 369 1918 et
381 1868 534 1918 incrdinatum
545 1869 652 1927 modum,
667 1868 702 1917 sic
713 1871 748 1916 est
764 1870 880 1930 peccatum

75 1942 184 1993 mortale.
196 1941 224 1989 Et
235 1942 279 1990 troo
290 1941 356 1989 modo
368 1938 450 1988 diffinit
459 1939 588 1990 Ambrosius
601 1939 772 1990 contentionem
782 1939 876 1988 dicens:

80 2031 95 2062 u
105 2011 227 2063 contentio
238 2014 273 2060 est
281 2009 423 2074 impugnatio
431 2010 533 2060 veritatis
540 2025 591 2060 cnm
600 2009 735 2060 confidentia
743 2010 855 2060 damnus.
864 2026 879 2056 n

78 2086 104 2136 si
127 2087 202 2134 autem
220 2082 334 2132 eontentio
349 2081 434 2132 dicatur
453 2082 592 2146 impugnatio
610 2081 717 2132 falsitatis
735 2095 786 2130 enm
803 2082 879 2132 debito

77 2157 149 2208 modo
163 2153 306 2214 acrimonia,
322 2153 355 2202 sic
366 2155 482 2204 contentio
498 2158 533 2203 est
551 2153 668 2203 laudabitis
688 2153 713 2202 Si
729 2156 803 2202 autem
822 2153 881 2202 acei-

76 2227 156 2292 pIatur
168 2224 284 2276 contentio
297 2223 421 2274 secantium
434 2223 493 2287 qnod
509 2225 617 2288 importat
628 2223 822 2287 impugnationem
833 2225 878 2273 Ial-

79 2298 155 2350 sitatis
166 2311 216 2347 cum
231 2296 358 2347 inordinato
369 2297 449 2358 modo,
463 2295 495 2346 sic
509 2299 642 2359 potestesse
652 2298 768 2358 peecatum
779 2294 879 2353 veniale,

78 2371 126 2422 nisi
145 2369 203 2418 torte
217 2371 280 2418 tanta
295 2367 431 2417 inordinatio
451 2368 489 2416 ssat
503 2368 527 2416 in
545 2366 700 2418 contendendo
719 2365 778 2429 qndd
796 2379 824 2416 ex
836 2366 883 2414 troc

75 2443 204 2508 generetur
217 2439 346 2490 scandatum
359 2438 462 2488 aliorum.
475 2439 539 2488 Unde
549 2442 571 2488 et
580 2438 771 2501 apostolus,cnm
785 2436 882 2489 dixisset

79 2515 110 2564 Ii.
125 2512 161 2562 nd
173 2510 249 2563 Tim„
263 2511 312 2559 VIII
330 2525 335 2558 :
352 2525 366 2556 u
379 2508 431 2559 Noli
445 2509 521 2559 verbis
534 2511 679 2570 contendere,
691 2525 705 2554 r>
718 2507 793 2556 sudet
805 2523 810 2556 :
823 2524 837 2553 n
847 2507 881 2556 rid

81 2583 139 2635 nihil
154 2581 214 2632 enim
227 2583 283 2632 utiic
296 2585 342 2644 est,
357 2581 403 2630 nisi
419 2581 447 2630 ad
461 2581 629 2631 subversionem
646 2577 794 2628 audientium.
810 2595 823 2623 n

116 2655 151 2706 rid
164 2653 260 2718 primum
279 2665 333 2714 ergo
346 2651 478 2712 dicendum,
493 2651 551 2714 quod
568 2651 592 2700 in
606 2648 721 2713 discipulis
735 2646 819 2698 Christi
836 2661 884 2698 non

84 2732 133 2778 erat
155 2725 270 2776 eontentio
290 2737 343 2772 num
361 2723 488 2774 intentione
508 2722 663 2786 impugnandi¹
678 2721 807 2782 veritatem3
829 2719 883 2782 quia

83 2797 241 2860 unusquisqne
252 2795 387 2846 detestabat
400 2793 460 2858 quod
469 2793 601 2848 sibiuernm
606 2793 732 2844 videbatur.
745 2791 884 2840 Enattamen

83 2871 110 2921 in
123 2883 201 2922 coram
220 2867 366 2924 contentione
380 2867 530 2931 inordinatio,
543 2867 597 2934 qaia
615 2862 782 2920 mutendetant
794 2864 823 2913 de
837 2872 885 2928 qun
