1992 3317
236 132 266 168 nn
282 129 354 168 umus
371 131 493 170 orroernrs
509 129 659 168 rnunmtrrn.
800 123 847 170 709

53 207 172 260 seeundum
191 206 349 256 executionem
364 207 450 270 operis,
466 210 489 256 et
502 205 627 256 secundum
644 207 689 256 troc
702 207 804 270 pertinet
819 210 849 259 od

54 279 127 329 dolum
137 293 142 326 :
154 281 178 328 et
192 275 243 327 ideo
255 277 320 328 00000
329 277 435 340 importat
446 277 568 340 quemdam
579 277 735 327 executionem
747 280 848 344 nctutic,

54 354 76 400 et
89 349 210 400 secundnm
225 349 270 398 hoc
282 348 311 396 00
326 347 432 398 astutiam
445 347 554 412 pertinet

84 419 222 483 ciprinum
235 430 288 480 ergo
303 418 429 479 dicendum,
444 419 505 483 quid
517 419 575 469 sicut
586 419 668 470 astutia
681 420 773 483 proprie
785 421 848 472 acei-

53 492 130 557 pitur'
124 505 148 540 rn
163 491 235 552 molo,
245 490 341 540 abusive
353 491 449 540 nutem
443 505 468 541 nn
481 491 551 554 0000,
568 491 679 543 itnetinm
695 496 719 542 et
729 493 794 543 dotus
808 495 851 557 qui

53 568 87 615 est
98 561 184 614 amutic
199 561 313 612 executio.

85 635 118 684 to
137 633 261 684 secundum
277 633 413 694 dicentium,
434 631 493 696 quod
510 633 613 684 executio
631 633 719 685 000000
740 635 768 684 00
788 636 850 686 deci-

53 706 174 770 piendum,
188 703 260 768 primo
280 703 371 766 quidem
388 707 413 753 et
433 702 588 768 principaliter
603 704 630 753 tit
648 717 688 767 per
705 705 786 766 nertio,
801 720 851 769 que

53 777 192 840 precipuum
210 775 283 825 locum
297 777 375 825 tenem
390 776 449 826 inter
462 775 542 838 signa,
552 774 635 838 quibus
653 777 723 826 homo
740 777 853 841 significat

53 847 137 910 aliquid
151 846 231 907 alteri,
249 849 274 895 ut
289 849 352 910 petet
368 859 409 910 pen
432 846 597 909 Augurinum,
618 847 643 895 iu
662 847 703 896 lib.
724 849 760 896 De
778 849 850 897 Doct.

56 917 160 976 certet„
172 915 220 978 (tio.
231 917 250 978 i,
262 929 312 980 cup.
325 919 348 980 0)
357 933 363 979 ;
372 920 397 966 et
407 917 458 966 ideo
468 917 532 966 00100
545 916 644 968 manime
654 915 783 966 attribuitur
791 919 852 968 tocn-

54 988 118 1038 tioni.
130 986 247 1050 Contingit
260 989 336 1038 0οι00οι
352 1001 403 1038 0000
416 988 492 1046 nolum
503 992 527 1037 et
540 987 565 1036 in
575 987 650 1049 iactis,
661 988 785 1038 secundnm
797 987 853 1039 iilud

53 1058 152 1109 Psalm.
167 1059 204 1108 GV
215 1073 222 1107 ι
234 1075 247 1105 ιι
257 1059 286 1108 nt
299 1059 374 1110 dolum
388 1059 495 1108 iecerunt
505 1058 529 1109 in
539 1070 617 1107 servos
627 1057 687 1120 ejue.
703 1058 769 1106 »nst
784 1058 853 1108 etiam

54 1130 120 1180 dotus
133 1128 158 1179 in
172 1127 559 1188 00000000000000100000000,
572 1129 623 1177 xix
637 1143 643 1176 ι
658 1145 672 1175 u
682 1127 791 1178 interiore
804 1129 855 1191 ejus

54 1201 122 1264 plena
138 1202 192 1248 suut
207 1199 266 1249 doio.
284 1215 297 1246 u
312 1199 359 1248 Sed
374 1201 418 1250 hoc
434 1203 468 1250 eet
482 1199 607 1248 secundnm
619 1200 678 1262 quod
694 1199 775 1262 aliquis
791 1201 854 1251 dolos

54 1271 187 1334 excogitet,
200 1270 322 1320 secundum
336 1271 392 1321 iilud
411 1270 505 1320 Pectore.
524 1271 624 1321 XXXVII
638 1286 645 1334 ς
662 1287 676 1319 (ι
690 1272 720 1321 nt
734 1271 798 1321 dolos
810 1273 856 1322 totu

55 1343 91 1392 die
103 1341 300 1392 meditabuntur.»

85 1412 122 1462 Ad
142 1411 235 1462 tertium
259 1411 394 1474 dicendum,
409 1409 469 1474 quod
491 1411 625 1474 quicumque
646 1411 746 1474 negitent
765 1412 856 1476 aliquod

53 1484 141 1534 malum
151 1483 235 1541 iecere,
248 1495 342 1532 necesse
352 1486 387 1532 eet
399 1482 460 1546 quid
473 1482 601 1545 excogitent
611 1482 698 1545 aliquus
709 1482 759 1532 rios
772 1485 800 1532 00
811 1485 856 1533 000
902 1491 907 1505 ·

53 1554 116 1617 quoi
129 1567 196 1604 enum
215 1552 355 1616 prepositum
370 1553 494 1617 impleant3
510 1557 533 1602 et
545 1556 571 1601 ut
588 1552 709 1616 plurimum
727 1553 857 1615 excogitent

53 1626 104 1675 vics
115 1624 214 1685 0010000,
224 1624 306 1688 quihus
315 1625 403 1674 tunitius
416 1624 557 1688 propositum
568 1627 743 1686 consequantur,
752 1624 857 1686 quamuis

54 1694 175 1758 continget
192 1696 325 1758 quantoque
335 1695 396 1758 quiid
408 1696 491 1757 absque
505 1694 587 1743 astutia
598 1697 621 1743 et
631 1693 684 1743 dolo
693 1694 764 1756 ntiqui
778 1693 857 1756 operte

54 1771 79 1817 et
90 1779 133 1830 per
145 1764 276 1815 uiolentiam
294 1766 379 1816 matum
397 1769 530 1830 operentur;
544 1765 583 1816 sed
600 1765 659 1828 hoc,
673 1763 726 1827 quin
739 1763 857 1815 difficilius

54 1839 94 1901 tit,
106 1837 131 1887 in
145 1835 290 1902 paucioribus
301 1837 390 1887 accidit.

360 2013 518 2066 tumuitus
533 2014 561 2062 V.

246 2139 328 2184 Uirrim
336 2139 408 2194 secun
418 2137 449 2183 00
456 2137 574 2182 'autetiam
581 2137 708 2193 pertineat.

89 2268 124 2318 00
138 2265 244 2330 quintum
255 2263 289 2314 sic
299 2263 436 2328 proceditur.
453 2263 548 2313 Videtur
559 2261 618 2326 quod
637 2263 700 2312 trane
711 2263 739 2312 00
754 2264 861 2313 astutiam

55 2353 105 2391 000
116 2338 240 2404 pertineat.
252 2337 303 2387 Non
317 2335 377 2386 enim
393 2338 428 2386 est
444 2333 556 2386 landabile
570 2334 629 2398 quod
648 2334 730 2397 aliquio
744 2335 820 2398 decipi
836 2349 861 2385 se
959 2388 962 2395 ,

55 2411 178 2476 patietur,
196 2410 223 2458 00
243 2409 304 2471 quod
321 2407 403 2458 astutio
421 2407 502 2458 tendit.
517 2406 559 2455 Est
576 2407 652 2455 000000
669 2405 781 2456 laudabile
802 2404 862 2468 qnod

56 2481 143 2545 aliquio
162 2479 263 2544 patiatur
284 2479 398 2536 000000,
419 2477 544 2528 secuudum
560 2476 613 2526 illud
635 2478 645 2527 1
664 2476 700 2527 ud
722 2477 859 2533 Gor.,V1:

56 2571 72 2602 «
87 2555 165 2613 Quone
184 2563 229 2600 000
246 2550 319 2613 magis
335 2550 436 2600 fraudem
449 2546 562 2612 patimini.
574 2563 587 2594 ι)
602 2548 661 2611 Ergo
675 2547 738 2598 trous
751 2561 798 2598 non
810 2559 860 2611 per-

55 2624 121 2674 tinet
139 2623 168 2672 00
187 2621 302 2671 astutiam.

91 2700 116 2743 0.
132 2693 260 2754 Praeterea,
276 2691 337 2740 treus
354 2689 467 2754 pertinere
481 2689 570 2738 videtur
583 2689 611 2738 00
625 2687 727 2738 illicitam
744 2688 864 2750 exceptio·

56 2781 114 2819 nem
130 2765 168 2815 vel
180 2763 333 2828 receptionem
345 2761 480 2812 exteriorum
491 2772 581 2823 rorum3
591 2760 673 2809 dicitur
684 2758 745 2808 enim
759 2761 823 2812 Act„
833 2759 861 2818 V,

56 2838 125 2904 quod
143 2834 206 2886 cuir
216 2834 307 2900 guidam
323 2831 414 2886 nomine
429 2831 529 2882 Ananias
549 2844 600 2882 oum
614 2828 726 2895 sapphira
740 2841 809 2880 uxore
822 2841 863 2878 sua
