1992 3317
123 204 172 253 sot
250 206 503 262 mummolinum,
519 204 612 256 cumr.
630 210 658 263 x,
676 207 732 253 run.
750 214 787 255 vr.

152 298 178 343 t.
194 290 322 351 Prolem,
339 288 399 339 inter
415 288 533 339 humilem
550 291 613 341 tanto
631 288 725 342 herens
738 290 867 357 thuscorum
880 296 923 350 cie·

122 362 247 416 testahiliur
261 364 312 422 est,
323 362 408 425 quanto
423 359 448 410 in
461 359 567 425 pluribus
578 364 602 412 ct
614 361 812 428 principalioribus
828 368 924 421 ucntnti

122 434 175 487 liutei
190 432 365 485 contradicunt:
382 431 443 483 sicut
459 432 555 483 heresis
571 432 632 497 lcii,
647 434 687 497 qni
703 437 819 500 separauit
835 440 924 491 divini-

120 512 205 569 tatem‚
219 504 374 555 dctemahilior
382 504 440 567 tuit,
449 503 518 568 quim
528 505 622 555 heresis
637 506 746 569 Nestorii,
758 509 798 571 qui
809 512 925 574 emanavit

121 577 286 630 humanitatem
301 574 389 627 Chmsti
405 576 528 639 hpcrsona
540 575 581 625 lilii
591 575 642 626 ilci.
663 578 709 629 Sed
717 579 816 641 gentiles
829 580 854 631 im
867 584 923 647 plu-

121 651 185 701 rihus
199 652 224 700 et
239 646 437 713 principalioribus
450 646 560 697 recedunt
573 646 587 697 t
598 648 660 709 lide,
673 648 742 711 quiam
754 650 824 714 judaei
839 655 863 703 et
876 654 927 705 hu-
991 674 992 701 ;

121 721 202 784 retici3
220 720 275 785 quin
290 718 384 770 omnino
397 716 455 769 nihil
472 717 501 767 dc
521 717 564 769 lide
582 717 702 783 rempiunt
725 719 784 785 Ergo
797 719 924 775 inlicitas
991 728 992 775 l

122 806 200 844 corum
213 794 249 843 cst
259 789 402 856 grauissima.
827 857 829 863 Ι

153 868 177 914 a.
190 865 317 924 Praeterea,
331 862 496 914 omnebonum
512 865 548 913 est
560 862 721 913 diminutivum
734 862 797 913 moli.
813 864 859 916 Sed
877 866 922 917 ali-

122 938 180 1000 quod
196 936 282 987 honum
290 937 325 985 est
334 934 528 999 minimisque
540 935 674 985 confitentur
680 938 747 985 ‘uetus
757 938 925 989 testamentum
991 940 992 983 i

121 1019 172 1059 esse
183 1008 197 1059 i
209 1010 264 1060 heo.
280 1008 368 1059 Bonum
388 1005 457 1057 etiam
475 1009 510 1056 eet
523 1006 549 1055 in
567 1006 694 1069 haercticis,
710 1006 763 1070 quia
783 1012 927 1061 renuuntur
991 1006 992 1059 t

122 1093 207 1131 norum
218 1082 389 1131 teshmerrtunr.
403 1078 463 1140 ungo
476 1078 554 1128 miuus
566 1081 677 1142 peccant,
691 1078 759 1141 quim
771 1079 871 1141 gentiles
881 1082 926 1146 qni
991 1082 992 1115 ῑ

122 1153 421 1219 utrumque'tcstamentnm
436 1152 585 1203 detmtantur.

154 1227 199 1277 Sed
212 1229 290 1277 cuntur
301 1227 350 1285 est,
368 1224 429 1288 qnod
443 1224 525 1275 dicitur
541 1225 569 1274 li.
585 1226 666 1287 Petu,
680 1225 701 1275 n
716 1240 723 1273 z
739 1240 753 1272 u
769 1226 850 1276 Melius
875 1232 927 1279 erat

121 1297 168 1347 illis
176 1308 222 1347 nou
233 1307 367 1358 cognoscere
376 1295 437 1344 uiam
447 1295 554 1359 justitie,
568 1296 635 1359 quim
647 1298 701 1361 post
714 1295 869 1359 cognitionem
886 1312 926 1351 re-
991 1352 992 1355 ,

121 1370 220 1419 horsum
233 1366 344 1418 conuerti.
361 1381 376 1412 o
390 1366 436 1416 scd
449 1365 547 1429 gentiles
564 1378 610 1417 non
624 1369 778 1430 cognoverunt
795 1366 860 1418 sium
871 1368 927 1434 ios·
991 1372 992 1429 ξ

120 1438 176 1489 titio
186 1456 193 1502 3
205 1437 308 1489 haretici
320 1439 433 1488 autumet
448 1436 519 1501 judei
536 1438 664 1501 aliqualiter
681 1442 861 1503 cognoscentes,
879 1440 928 1493 tte-

123 1512 253 1561 sernerunt.
263 1510 323 1573 Ergo
333 1522 413 1560 eorum
422 1510 542 1573 peccatum
553 1511 588 1559 est
599 1510 700 1573 parius.

62 1586 72 1605 ‘
154 1583 316 1643 (Ouumnsro.
323 1609 356 1620 -
363 1582 496 1645 Qnunqrrnm
509 1580 607 1643 gentiles
615 1581 640 1630 in
649 1582 752 1645 pluribus
763 1586 839 1633 ament
851 1584 926 1647 prum

120 1652 191 1717 judei
197 1690 206 1717 ,
220 1657 245 1705 et
252 1654 324 1719 judei
334 1654 359 1703 in
372 1652 476 1717 plnrihus
489 1650 567 1702 arura
581 1653 627 1703 iiic
638 1654 748 1704 recedunt
766 1654 835 1717 quim
847 1656 926 1709 hmre·

121 1724 175 1787 tici,
189 1725 322 1791 simpliciter
335 1728 411 1775 tamen
421 1718 551 1787 iudeorum
565 1723 618 1787 (qui
630 1724 751 1788 Evangelii
761 1725 859 1789 liguram
872 1740 928 1781 sus-

122 1801 225 1863 ceptum,
239 1798 299 1849 mult
316 1795 486 1861 interpretando
509 1795 674 1860 corruperunt)
691 1796 814 1847 intidchus
834 1799 928 1861 grauior

123 1871 158 1918 est
170 1868 239 1931 quin
250 1866 380 1932 gentilium
393 1866 554 1918 hereticorum
570 1868 647 1919 tutem
662 1868 715 1931 (qni
733 1867 887 1933 suscipientes
901 1876 928 1923 et

122 1939 253 2003 prolitentes
268 1938 344 2003 ipsum
364 1938 521 2003 euangelium,
541 1938 597 1990 illud
618 1939 782 2005 corrumpunt)
800 1939 928 1996 inunctitns

123 2015 159 2063 est
172 2010 274 2061 omnium
295 2010 455 2075 gravissimu.)

154 2082 289 2145 Respondeo
299 2081 431 2143 dicendum,
445 2082 507 2147 quin
519 2081 545 2133 in
555 2081 695 2145 infidelitate,
707 2083 767 2133 sicut
783 2082 871 2133 dictum
879 2090 927 2149 cst,

123 2156 168 2206 duo
181 2156 278 2217 possunt
290 2153 437 2204 considerari.
447 2154 547 2213 Quorum
557 2166 627 2204 nuum
639 2156 674 2204 cst
684 2153 822 2217 comparatio
831 2156 884 2220 ejus
897 2160 939 2211 ad-

123 2227 205 2290 hdem3
216 2227 239 2275 et
249 2238 278 2276 cr
289 2226 334 2276 hac
344 2228 407 2291 parte
418 2226 500 2291 aliquis
511 2226 603 2291 grauius
614 2228 690 2277 contra
700 2227 767 2277 tidem
777 2231 871 2293 peccet,
883 2231 929 2295 qni

123 2299 177 2351 hiel
189 2296 294 2348 renititur
306 2301 430 2361 susceptae,
441 2298 509 2361 quim
522 2298 562 2361 qui
575 2298 679 2349 renititur
691 2297 744 2348 fidei
757 2300 861 2350 nondum
874 2316 930 2353 sus-

123 2373 196 2435 cepto
207 2385 213 2419 :
226 2368 284 2419 sicut
296 2368 387 2433 gruuim
400 2372 478 2435 peccat
487 2369 528 2433 qui
540 2382 586 2419 non
595 2369 675 2433 implut
685 2370 745 2435 quod
755 2370 861 2435 promisit
874 2374 927 2439 (i),

124 2442 191 2507 quin
205 2440 226 2491 si
244 2454 291 2492 non
309 2440 405 2505 implent
417 2441 479 2505 qnod
491 2454 608 2507 nunquam
629 2441 741 2505 promisit.
754 2442 784 2491 lit
796 2444 929 2496 secundum

123 2515 169 2565 hcc
180 2512 302 2565 infidelitas
313 2513 485 2578 hereticorum,
499 2512 539 2577 uui
551 2514 687 2578 profitentur
703 2514 770 2565 iidem
790 2516 928 2581 euangelii,

158 2687 189 2751 (ll
204 2694 271 2739 Juxta
282 2690 338 2737 illud
348 2691 451 2741 Euolet„
463 2693 495 2752 V,
515 2702 576 2738 uere.
590 2692 622 2737 h:
638 2688 812 2751 Quodcumque
825 2695 930 2741 uouees'a

123 2754 211 2805 rudo,
221 2756 282 2813 quic
294 2752 469 2799 multimeter
480 2758 514 2799 cet
531 2768 581 2801 unu
592 2766 678 2803 uouere
691 2756 763 2815 quum
775 2759 829 2814 poci
841 2760 930 2804 nutum

121 2820 244 2875 promisco
257 2814 425 2861 umrcdden.
435 2818 500 2871 haud
511 2824 594 2877 preter
608 2821 739 2878 genornlcm
748 2831 843 2869 sensum
852 2822 930 2867 etiarn
991 2804 992 2853 l

125 2881 155 2925 nd
171 2878 331 2937 complendam
347 2890 417 2934 opere
437 2879 506 2926 litem
526 2881 680 2943 Hieronymus
698 2884 785 2935 illitum
800 2882 891 2945 tulum
904 2888 932 2934 et
991 2870 992 2947 J

129 2941 567 3008 onustumcxnicuonenpocu.
991 2958 992 2995 r
