<?xml version="1.0" encoding="UTF-8"?>
<!DOCTYPE html PUBLIC "-//W3C//DTD XHTML 1.0 Transitional//EN"
    "http://www.w3.org/TR/xhtml1/DTD/xhtml1-transitional.dtd">
<html xmlns="http://www.w3.org/1999/xhtml" xml:lang="en" lang="en">
 <head>
  <title>
</title>
<meta http-equiv="Content-Type" content="text/html;charset=utf-8" />
  <meta name='ocr-system' content='tesseract 3.04.00' />
  <meta name='ocr-capabilities' content='ocr_page ocr_carea ocr_par ocr_line ocrx_word'/>
</head>
<body>
  <div class='ocr_page' id='page_1' title='image "./summatheologica03nicogoog_0762.png"; bbox 0 0 1992 3317; ppageno 0'>
   <div class='ocr_carea' id='block_1_1' title="bbox 342 137 558 180">
    <p class='ocr_par' dir='ltr' id='par_1_1' title="bbox 342 137 558 180">
     <span class='ocr_line' id='line_1_1' title="bbox 342 137 558 180; baseline 0 -2"><span class='ocrx_word' id='word_1_1' title='bbox 342 139 374 178; x_wconf 70' lang='lat' dir='ltr'>DE</span> <span class='ocrx_word' id='word_1_2' title='bbox 389 137 558 180; x_wconf 72' lang='lat' dir='ltr'>nmtldmid.</span> 
     </span>
    </p>
   </div>
   <div class='ocr_carea' id='block_1_2' title="bbox 177 323 720 506">
    <p class='ocr_par' dir='ltr' id='par_1_2' title="bbox 177 323 720 506">
     <span class='ocr_line' id='line_1_2' title="bbox 346 323 550 375; baseline -0.005 0"><span class='ocrx_word' id='word_1_3' title='bbox 346 323 506 375; x_wconf 74' lang='lat' dir='ltr'>reticentis</span> <span class='ocrx_word' id='word_1_4' title='bbox 521 325 550 375; x_wconf 90' lang='lat' dir='ltr'>ll.</span> 
     </span>
     <span class='ocr_line' id='line_1_3' title="bbox 177 446 720 506; baseline 0.004 -14"><span class='ocrx_word' id='word_1_5' title='bbox 177 447 262 493; x_wconf 71' lang='lat' dir='ltr'>Utrum</span> <span class='ocrx_word' id='word_1_6' title='bbox 273 446 419 505; x_wconf 73' lang='lat' dir='ltr'>negligentia</span> <span class='ocrx_word' id='word_1_7' title='bbox 432 452 566 506; x_wconf 83' lang='lat' dir='ltr'>opponatrtr</span> <span class='ocrx_word' id='word_1_8' title='bbox 582 449 720 506; x_wconf 69' lang='lat' dir='ltr'>medentia.</span> 
     </span>
    </p>
   </div>
   <div class='ocr_carea' id='block_1_3' title="bbox 28 573 914 2701">
    <p class='ocr_par' dir='ltr' id='par_1_3' title="bbox 57 573 851 994">
     <span class='ocr_line' id='line_1_4' title="bbox 89 573 845 639; baseline -0.001 -14"><span class='ocrx_word' id='word_1_9' title='bbox 89 575 251 626; x_wconf 81' lang='lat' dir='ltr'>ldaeoundnm</span> <span class='ocrx_word' id='word_1_10' title='bbox 264 573 298 625; x_wconf 82' lang='lat' dir='ltr'>uic</span> <span class='ocrx_word' id='word_1_11' title='bbox 311 574 439 638; x_wconf 89' lang='lat' dir='ltr'>proceditur</span> <span class='ocrx_word' id='word_1_12' title='bbox 455 573 501 639; x_wconf 81' lang='lat' dir='ltr'>(t).</span> <span class='ocrx_word' id='word_1_13' title='bbox 517 575 613 625; x_wconf 83' lang='lat' dir='ltr'>Videtur</span> <span class='ocrx_word' id='word_1_14' title='bbox 633 575 692 639; x_wconf 79' lang='lat' dir='ltr'>quod</span> <span class='ocrx_word' id='word_1_15' title='bbox 707 573 845 639; x_wconf 80' lang='lat' dir='ltr'>negligentia</span> 
     </span>
     <span class='ocr_line' id='line_1_5' title="bbox 59 645 848 711; baseline 0 -15"><span class='ocrx_word' id='word_1_16' title='bbox 59 661 103 698; x_wconf 91' lang='lat' dir='ltr'>non</span> <span class='ocrx_word' id='word_1_17' title='bbox 115 649 238 710; x_wconf 90' lang='lat' dir='ltr'>opponatur</span> <span class='ocrx_word' id='word_1_18' title='bbox 248 645 384 711; x_wconf 88' lang='lat' dir='ltr'>prudentie.</span> <span class='ocrx_word' id='word_1_19' title='bbox 398 645 539 708; x_wconf 81' lang='lat' dir='ltr'>Negligentia</span> <span class='ocrx_word' id='word_1_20' title='bbox 552 647 613 696; x_wconf 92' lang='lat' dir='ltr'>enim</span> <span class='ocrx_word' id='word_1_21' title='bbox 624 646 712 696; x_wconf 83' lang='lat' dir='ltr'>videtur</span> <span class='ocrx_word' id='word_1_22' title='bbox 723 659 772 696; x_wconf 83' lang='lat' dir='ltr'>esse</span> <span class='ocrx_word' id='word_1_23' title='bbox 787 646 848 696; x_wconf 89' lang='lat' dir='ltr'>idern</span> 
     </span>
     <span class='ocr_line' id='line_1_6' title="bbox 58 715 851 782; baseline -0.001 -14"><span class='ocrx_word' id='word_1_24' title='bbox 58 718 115 780; x_wconf 83' lang='lat' dir='ltr'>quod</span> <span class='ocrx_word' id='word_1_25' title='bbox 124 716 213 781; x_wconf 75' lang='lat' dir='ltr'>pigritia</span> <span class='ocrx_word' id='word_1_26' title='bbox 221 717 257 766; x_wconf 82' lang='lat' dir='ltr'>rel</span> <span class='ocrx_word' id='word_1_27' title='bbox 269 721 355 778; x_wconf 83' lang='lat' dir='ltr'>torpor,</span> <span class='ocrx_word' id='word_1_28' title='bbox 362 715 402 779; x_wconf 84' lang='lat' dir='ltr'>qui</span> <span class='ocrx_word' id='word_1_29' title='bbox 414 715 515 779; x_wconf 74' lang='lat' dir='ltr'>pertinet</span> <span class='ocrx_word' id='word_1_30' title='bbox 525 717 553 767; x_wconf 87' lang='lat' dir='ltr'>ad</span> <span class='ocrx_word' id='word_1_31' title='bbox 562 716 679 780; x_wconf 75' lang='lat' dir='ltr'>acediam,</span> <span class='ocrx_word' id='word_1_32' title='bbox 694 721 720 766; x_wconf 93' lang='lat' dir='ltr'>ut</span> <span class='ocrx_word' id='word_1_33' title='bbox 734 720 796 780; x_wconf 90' lang='lat' dir='ltr'>patet</span> <span class='ocrx_word' id='word_1_34' title='bbox 807 729 851 782; x_wconf 88' lang='lat' dir='ltr'>per</span> 
     </span>
     <span class='ocr_line' id='line_1_7' title="bbox 57 786 851 857; baseline -0.001 -18"><span class='ocrx_word' id='word_1_35' title='bbox 57 789 197 852; x_wconf 87' lang='lat' dir='ltr'>Gregorinm,</span> <span class='ocrx_word' id='word_1_36' title='bbox 210 786 283 838; x_wconf 83' lang='lat' dir='ltr'>lllllll</span> <span class='ocrx_word' id='word_1_37' title='bbox 296 787 388 838; x_wconf 86' lang='lat' dir='ltr'>iltorol.</span> <span class='ocrx_word' id='word_1_38' title='bbox 403 787 487 857; x_wconf 83' lang='lat' dir='ltr'>ltcedia</span> <span class='ocrx_word' id='word_1_39' title='bbox 504 792 579 837; x_wconf 91' lang='lat' dir='ltr'>autern</span> <span class='ocrx_word' id='word_1_40' title='bbox 597 799 643 838; x_wconf 91' lang='lat' dir='ltr'>non</span> <span class='ocrx_word' id='word_1_41' title='bbox 660 789 781 853; x_wconf 88' lang='lat' dir='ltr'>opponitur</span> <span class='ocrx_word' id='word_1_42' title='bbox 796 803 851 854; x_wconf 90' lang='lat' dir='ltr'>pru-</span> 
     </span>
     <span class='ocr_line' id='line_1_8' title="bbox 57 858 848 924; baseline 0.003 -16"><span class='ocrx_word' id='word_1_43' title='bbox 57 859 150 921; x_wconf 85' lang='lat' dir='ltr'>dentie,</span> <span class='ocrx_word' id='word_1_44' title='bbox 165 859 205 909; x_wconf 90' lang='lat' dir='ltr'>sed</span> <span class='ocrx_word' id='word_1_45' title='bbox 220 859 294 922; x_wconf 81' lang='lat' dir='ltr'>megia</span> <span class='ocrx_word' id='word_1_46' title='bbox 310 858 431 920; x_wconf 82' lang='lat' dir='ltr'>charitati,</span> <span class='ocrx_word' id='word_1_47' title='bbox 445 861 471 908; x_wconf 93' lang='lat' dir='ltr'>ut</span> <span class='ocrx_word' id='word_1_48' title='bbox 489 858 557 922; x_wconf 81' lang='lat' dir='ltr'>cupri</span> <span class='ocrx_word' id='word_1_49' title='bbox 577 858 664 908; x_wconf 90' lang='lat' dir='ltr'>dietum</span> <span class='ocrx_word' id='word_1_50' title='bbox 685 862 719 909; x_wconf 87' lang='lat' dir='ltr'>eat</span> <span class='ocrx_word' id='word_1_51' title='bbox 735 861 785 924; x_wconf 84' lang='lat' dir='ltr'>(qu.</span> <span class='ocrx_word' id='word_1_52' title='bbox 807 865 848 921; x_wconf 79' lang='lat' dir='ltr'>et,</span> 
     </span>
     <span class='ocr_line' id='line_1_9' title="bbox 57 929 711 994; baseline -0.002 -13"><span class='ocrx_word' id='word_1_53' title='bbox 57 934 98 981; x_wconf 88' lang='lat' dir='ltr'>art.</span> <span class='ocrx_word' id='word_1_54' title='bbox 109 930 148 993; x_wconf 71' lang='lat' dir='ltr'>a).</span> <span class='ocrx_word' id='word_1_55' title='bbox 161 931 221 992; x_wconf 84' lang='lat' dir='ltr'>Ergo</span> <span class='ocrx_word' id='word_1_56' title='bbox 233 929 372 993; x_wconf 85' lang='lat' dir='ltr'>negligentia</span> <span class='ocrx_word' id='word_1_57' title='bbox 383 941 430 979; x_wconf 88' lang='lat' dir='ltr'>nou</span> <span class='ocrx_word' id='word_1_58' title='bbox 441 929 561 994; x_wconf 91' lang='lat' dir='ltr'>opponitur</span> <span class='ocrx_word' id='word_1_59' title='bbox 578 929 711 992; x_wconf 70' lang='lat' dir='ltr'>prudentie.</span> 
     </span>
    </p>

    <p class='ocr_par' dir='ltr' id='par_1_4' title="bbox 53 999 851 1278">
     <span class='ocr_line' id='line_1_10' title="bbox 86 999 851 1065; baseline 0 -14"><span class='ocrx_word' id='word_1_60' title='bbox 86 1006 110 1051; x_wconf 77' lang='lat'>2.</span> <span class='ocrx_word' id='word_1_61' title='bbox 124 1003 248 1064; x_wconf 73' lang='lat' dir='ltr'>preterea,</span> <span class='ocrx_word' id='word_1_62' title='bbox 263 1000 292 1050; x_wconf 89' lang='lat' dir='ltr'>ad</span> <span class='ocrx_word' id='word_1_63' title='bbox 309 999 471 1063; x_wconf 80' lang='lat' dir='ltr'>negligentiam</span> <span class='ocrx_word' id='word_1_64' title='bbox 485 1000 575 1050; x_wconf 88' lang='lat' dir='ltr'>ridetur</span> <span class='ocrx_word' id='word_1_65' title='bbox 587 999 699 1064; x_wconf 84' lang='lat' dir='ltr'>pertinere</span> <span class='ocrx_word' id='word_1_66' title='bbox 715 1012 782 1051; x_wconf 90' lang='lat' dir='ltr'>omne</span> <span class='ocrx_word' id='word_1_67' title='bbox 796 1013 851 1065; x_wconf 87' lang='lat' dir='ltr'>pec-</span> 
     </span>
     <span class='ocr_line' id='line_1_11' title="bbox 55 1069 851 1135; baseline -0.005 -11"><span class='ocrx_word' id='word_1_68' title='bbox 55 1076 128 1124; x_wconf 83' lang='lat' dir='ltr'>catum</span> <span class='ocrx_word' id='word_1_69' title='bbox 149 1071 288 1122; x_wconf 80' lang='lat' dir='ltr'>omissionis.</span> <span class='ocrx_word' id='word_1_70' title='bbox 309 1070 353 1121; x_wconf 87' lang='lat' dir='ltr'>sed</span> <span class='ocrx_word' id='word_1_71' title='bbox 373 1074 491 1135; x_wconf 84' lang='lat' dir='ltr'>peecatum</span> <span class='ocrx_word' id='word_1_72' title='bbox 509 1069 639 1122; x_wconf 82' lang='lat' dir='ltr'>omissionis</span> <span class='ocrx_word' id='word_1_73' title='bbox 662 1083 707 1121; x_wconf 91' lang='lat' dir='ltr'>nou</span> <span class='ocrx_word' id='word_1_74' title='bbox 729 1071 851 1135; x_wconf 90' lang='lat' dir='ltr'>opponitur</span> 
     </span>
     <span class='ocr_line' id='line_1_12' title="bbox 53 1141 851 1207; baseline 0 -14"><span class='ocrx_word' id='word_1_75' title='bbox 53 1142 191 1207; x_wconf 79' lang='lat' dir='ltr'>prudentie,</span> <span class='ocrx_word' id='word_1_76' title='bbox 208 1143 249 1192; x_wconf 85' lang='lat' dir='ltr'>sed</span> <span class='ocrx_word' id='word_1_77' title='bbox 270 1141 344 1205; x_wconf 81' lang='lat' dir='ltr'>nugis</span> <span class='ocrx_word' id='word_1_78' title='bbox 361 1142 483 1192; x_wconf 69' lang='lat' dir='ltr'>emuntur</span> <span class='ocrx_word' id='word_1_79' title='bbox 500 1142 621 1194; x_wconf 76' lang='lat' dir='ltr'>morellus</span> <span class='ocrx_word' id='word_1_80' title='bbox 642 1141 775 1194; x_wconf 81' lang='lat' dir='ltr'>executivis.</span> <span class='ocrx_word' id='word_1_81' title='bbox 793 1143 851 1205; x_wconf 80' lang='lat' dir='ltr'>Euge</span> 
     </span>
     <span class='ocr_line' id='line_1_13' title="bbox 53 1212 541 1278; baseline -0.008 -12"><span class='ocrx_word' id='word_1_82' title='bbox 53 1214 193 1278; x_wconf 79' lang='lat' dir='ltr'>negligentia</span> <span class='ocrx_word' id='word_1_83' title='bbox 205 1226 252 1264; x_wconf 91' lang='lat' dir='ltr'>non</span> <span class='ocrx_word' id='word_1_84' title='bbox 266 1212 390 1276; x_wconf 88' lang='lat' dir='ltr'>opponitur</span> <span class='ocrx_word' id='word_1_85' title='bbox 406 1213 541 1277; x_wconf 87' lang='lat' dir='ltr'>prudentie.</span> 
     </span>
    </p>

    <p class='ocr_par' dir='ltr' id='par_1_5' title="bbox 46 1282 852 1692">
     <span class='ocr_line' id='line_1_14' title="bbox 84 1282 850 1349; baseline -0.003 -15"><span class='ocrx_word' id='word_1_86' title='bbox 84 1290 108 1334; x_wconf 82' lang='lat' dir='ltr'>e.</span> <span class='ocrx_word' id='word_1_87' title='bbox 123 1287 249 1346; x_wconf 74' lang='lat' dir='ltr'>preterea,</span> <span class='ocrx_word' id='word_1_88' title='bbox 258 1282 411 1347; x_wconf 81' lang='lat' dir='ltr'>imprudentia</span> <span class='ocrx_word' id='word_1_89' title='bbox 424 1287 459 1334; x_wconf 79' lang='lat' dir='ltr'>eet</span> <span class='ocrx_word' id='word_1_90' title='bbox 472 1284 531 1335; x_wconf 88' lang='lat' dir='ltr'>eirca</span> <span class='ocrx_word' id='word_1_91' title='bbox 545 1283 642 1349; x_wconf 79' lang='lat' dir='ltr'>aliquem</span> <span class='ocrx_word' id='word_1_92' title='bbox 656 1287 732 1334; x_wconf 90' lang='lat' dir='ltr'>actum</span> <span class='ocrx_word' id='word_1_93' title='bbox 748 1283 850 1335; x_wconf 84' lang='lat' dir='ltr'>rationis.</span> 
     </span>
     <span class='ocr_line' id='line_1_15' title="bbox 50 1352 852 1419; baseline -0.002 -13"><span class='ocrx_word' id='word_1_94' title='bbox 50 1357 96 1406; x_wconf 88' lang='lat' dir='ltr'>Sed</span> <span class='ocrx_word' id='word_1_95' title='bbox 114 1354 252 1418; x_wconf 85' lang='lat' dir='ltr'>negligentia</span> <span class='ocrx_word' id='word_1_96' title='bbox 268 1359 316 1404; x_wconf 87' lang='lat' dir='ltr'>non</span> <span class='ocrx_word' id='word_1_97' title='bbox 331 1352 439 1418; x_wconf 88' lang='lat' dir='ltr'>importat</span> <span class='ocrx_word' id='word_1_98' title='bbox 456 1355 585 1417; x_wconf 88' lang='lat' dir='ltr'>detectum,</span> <span class='ocrx_word' id='word_1_99' title='bbox 600 1368 674 1419; x_wconf 86' lang='lat' dir='ltr'>neque</span> <span class='ocrx_word' id='word_1_100' title='bbox 692 1356 751 1406; x_wconf 87' lang='lat' dir='ltr'>cirea</span> <span class='ocrx_word' id='word_1_101' title='bbox 772 1355 852 1406; x_wconf 84' lang='lat' dir='ltr'>conei-</span> 
     </span>
     <span class='ocr_line' id='line_1_16' title="bbox 48 1423 852 1491; baseline 0.002 -17"><span class='ocrx_word' id='word_1_102' title='bbox 48 1427 118 1488; x_wconf 88' lang='lat' dir='ltr'>lium,</span> <span class='ocrx_word' id='word_1_103' title='bbox 132 1425 155 1474; x_wconf 92' lang='lat' dir='ltr'>in</span> <span class='ocrx_word' id='word_1_104' title='bbox 171 1437 216 1488; x_wconf 84' lang='lat' dir='ltr'>quo</span> <span class='ocrx_word' id='word_1_105' title='bbox 227 1423 303 1475; x_wconf 87' lang='lat' dir='ltr'>delicit</span> <span class='ocrx_word' id='word_1_106' title='bbox 316 1427 508 1491; x_wconf 75' lang='lat' dir='ltr'>praecipitatio,</span> <span class='ocrx_word' id='word_1_107' title='bbox 521 1439 596 1490; x_wconf 85' lang='lat' dir='ltr'>neque</span> <span class='ocrx_word' id='word_1_108' title='bbox 610 1426 669 1476; x_wconf 82' lang='lat' dir='ltr'>eirca</span> <span class='ocrx_word' id='word_1_109' title='bbox 682 1425 806 1490; x_wconf 85' lang='lat' dir='ltr'>judicium,</span> <span class='ocrx_word' id='word_1_110' title='bbox 827 1426 852 1476; x_wconf 93' lang='lat' dir='ltr'>in</span> 
     </span>
     <span class='ocr_line' id='line_1_17' title="bbox 48 1496 852 1561; baseline -0.001 -12"><span class='ocrx_word' id='word_1_111' title='bbox 48 1511 95 1561; x_wconf 83' lang='lat' dir='ltr'>quo</span> <span class='ocrx_word' id='word_1_112' title='bbox 110 1496 186 1548; x_wconf 82' lang='lat' dir='ltr'>deficit</span> <span class='ocrx_word' id='word_1_113' title='bbox 205 1497 414 1554; x_wconf 72' lang='lat' dir='ltr'>inconsideratio,</span> <span class='ocrx_word' id='word_1_114' title='bbox 430 1511 504 1561; x_wconf 88' lang='lat' dir='ltr'>neque</span> <span class='ocrx_word' id='word_1_115' title='bbox 521 1498 579 1548; x_wconf 89' lang='lat' dir='ltr'>circa</span> <span class='ocrx_word' id='word_1_116' title='bbox 598 1500 750 1561; x_wconf 89' lang='lat' dir='ltr'>prereptum,</span> <span class='ocrx_word' id='word_1_117' title='bbox 767 1498 792 1548; x_wconf 92' lang='lat' dir='ltr'>in</span> <span class='ocrx_word' id='word_1_118' title='bbox 807 1511 852 1561; x_wconf 89' lang='lat' dir='ltr'>quo</span> 
     </span>
     <span class='ocr_line' id='line_1_18' title="bbox 47 1567 852 1633; baseline -0.002 -13"><span class='ocrx_word' id='word_1_119' title='bbox 47 1569 129 1620; x_wconf 85' lang='lat' dir='ltr'>delicit</span> <span class='ocrx_word' id='word_1_120' title='bbox 139 1569 315 1617; x_wconf 77' lang='lat' dir='ltr'>incomtuotia.</span> <span class='ocrx_word' id='word_1_121' title='bbox 329 1569 388 1632; x_wconf 85' lang='lat' dir='ltr'>llrgc</span> <span class='ocrx_word' id='word_1_122' title='bbox 400 1568 538 1632; x_wconf 87' lang='lat' dir='ltr'>negligentia</span> <span class='ocrx_word' id='word_1_123' title='bbox 551 1581 597 1624; x_wconf 89' lang='lat' dir='ltr'>uon</span> <span class='ocrx_word' id='word_1_124' title='bbox 610 1567 710 1633; x_wconf 90' lang='lat' dir='ltr'>pertinet</span> <span class='ocrx_word' id='word_1_125' title='bbox 727 1569 754 1618; x_wconf 89' lang='lat' dir='ltr'>ad</span> <span class='ocrx_word' id='word_1_126' title='bbox 766 1569 852 1633; x_wconf 88' lang='lat' dir='ltr'>impru-</span> 
     </span>
     <span class='ocr_line' id='line_1_19' title="bbox 46 1641 727 1692; baseline -0.003 0"><span class='ocrx_word' id='word_1_127' title='bbox 46 1641 162 1692; x_wconf 87' lang='lat' dir='ltr'>dentiam.</span> <span class='ocrx_word' id='word_1_128' title='bbox 626 1643 632 1653; x_wconf 87' lang='lat'>&#39;</span> <span class='ocrx_word' id='word_1_129' title='bbox 726 1641 727 1644; x_wconf 75' lang='grc'>’</span> 
     </span>
    </p>

    <p class='ocr_par' dir='ltr' id='par_1_6' title="bbox 41 1710 851 1989">
     <span class='ocr_line' id='line_1_20' title="bbox 83 1710 851 1774; baseline -0.004 -11"><span class='ocrx_word' id='word_1_130' title='bbox 83 1717 108 1764; x_wconf 79' lang='lat' dir='ltr'>i.</span> <span class='ocrx_word' id='word_1_131' title='bbox 124 1712 250 1774; x_wconf 81' lang='lat' dir='ltr'>Praeterea,</span> <span class='ocrx_word' id='word_1_132' title='bbox 264 1711 367 1768; x_wconf 70' lang='lat' dir='ltr'>derlee,</span> <span class='ocrx_word' id='word_1_133' title='bbox 379 1711 427 1774; x_wconf 83' lang='lat' dir='ltr'>vti,</span> <span class='ocrx_word' id='word_1_134' title='bbox 440 1710 522 1762; x_wconf 80' lang='lat' dir='ltr'>dictim</span> <span class='ocrx_word' id='word_1_135' title='bbox 535 1725 541 1760; x_wconf 74' lang='grc' dir='ltr'><strong>ε</strong></span> <span class='ocrx_word' id='word_1_136' title='bbox 556 1711 622 1770; x_wconf 81' lang='lat' dir='ltr'>‹rQui</span> <span class='ocrx_word' id='word_1_137' title='bbox 635 1711 700 1761; x_wconf 89' lang='lat' dir='ltr'>timet</span> <span class='ocrx_word' id='word_1_138' title='bbox 713 1711 783 1760; x_wconf 83' lang='lat' dir='ltr'>Deum</span> <span class='ocrx_word' id='word_1_139' title='bbox 793 1711 851 1762; x_wconf 89' lang='lat' dir='ltr'>nihil</span> 
     </span>
     <span class='ocr_line' id='line_1_21' title="bbox 45 1779 850 1848; baseline -0.004 -14"><span class='ocrx_word' id='word_1_140' title='bbox 45 1782 158 1848; x_wconf 84' lang='lat' dir='ltr'>negligit.</span> <span class='ocrx_word' id='word_1_141' title='bbox 174 1798 188 1830; x_wconf 85' lang='lat' dir='ltr'>u</span> <span class='ocrx_word' id='word_1_142' title='bbox 203 1783 248 1834; x_wconf 86' lang='lat' dir='ltr'>set</span> <span class='ocrx_word' id='word_1_143' title='bbox 264 1783 441 1846; x_wconf 75' lang='lat' dir='ltr'>uumgucdque</span> <span class='ocrx_word' id='word_1_144' title='bbox 457 1786 576 1847; x_wconf 87' lang='lat' dir='ltr'>peecatum</span> <span class='ocrx_word' id='word_1_145' title='bbox 596 1779 709 1846; x_wconf 77' lang='lat' dir='ltr'>precipue</span> <span class='ocrx_word' id='word_1_146' title='bbox 725 1781 850 1832; x_wconf 83' lang='lat' dir='ltr'>excluditur</span> 
     </span>
     <span class='ocr_line' id='line_1_22' title="bbox 41 1853 851 1919; baseline -0.004 -14"><span class='ocrx_word' id='word_1_147' title='bbox 41 1868 89 1919; x_wconf 90' lang='lat' dir='ltr'>per</span> <span class='ocrx_word' id='word_1_148' title='bbox 111 1853 218 1904; x_wconf 82' lang='lat' dir='ltr'>virtutem</span> <span class='ocrx_word' id='word_1_149' title='bbox 243 1853 376 1918; x_wconf 75' lang='lat' dir='ltr'>oppositam.</span> <span class='ocrx_word' id='word_1_150' title='bbox 398 1855 459 1918; x_wconf 83' lang='lat' dir='ltr'>Ergo</span> <span class='ocrx_word' id='word_1_151' title='bbox 476 1853 614 1919; x_wconf 78' lang='lat' dir='ltr'>negligentia</span> <span class='ocrx_word' id='word_1_152' title='bbox 641 1853 712 1917; x_wconf 87' lang='lat' dir='ltr'>magis</span> <span class='ocrx_word' id='word_1_153' title='bbox 730 1853 851 1918; x_wconf 81' lang='lat' dir='ltr'>opponitur</span> 
     </span>
     <span class='ocr_line' id='line_1_23' title="bbox 41 1923 632 1989; baseline -0.003 -14"><span class='ocrx_word' id='word_1_154' title='bbox 41 1924 127 1976; x_wconf 86' lang='lat' dir='ltr'>timori</span> <span class='ocrx_word' id='word_1_155' title='bbox 139 1924 208 1988; x_wconf 82' lang='lat' dir='ltr'>qutun</span> <span class='ocrx_word' id='word_1_156' title='bbox 222 1925 357 1989; x_wconf 83' lang='lat' dir='ltr'>prudentie.</span> <span class='ocrx_word' id='word_1_157' title='bbox 629 1923 632 1926; x_wconf 83' lang='grc'><strong>’</strong></span> 
     </span>
    </p>

    <p class='ocr_par' dir='ltr' id='par_1_7' title="bbox 40 1994 914 2132">
     <span class='ocr_line' id='line_1_24' title="bbox 77 1994 914 2058; baseline -0.004 -11"><span class='ocrx_word' id='word_1_158' title='bbox 77 1995 130 2047; x_wconf 85' lang='lat' dir='ltr'>Sed</span> <span class='ocrx_word' id='word_1_159' title='bbox 143 1998 222 2045; x_wconf 85' lang='lat' dir='ltr'>contra</span> <span class='ocrx_word' id='word_1_160' title='bbox 237 1998 284 2058; x_wconf 82' lang='lat' dir='ltr'>eet,</span> <span class='ocrx_word' id='word_1_161' title='bbox 299 1995 359 2058; x_wconf 83' lang='lat' dir='ltr'>qued</span> <span class='ocrx_word' id='word_1_162' title='bbox 373 1995 456 2045; x_wconf 89' lang='lat' dir='ltr'>dicitur</span> <span class='ocrx_word' id='word_1_163' title='bbox 472 1995 577 2056; x_wconf 73' lang='lat' dir='ltr'>derlee,</span> <span class='ocrx_word' id='word_1_164' title='bbox 593 1995 634 2046; x_wconf 86' lang='lat' dir='ltr'>llll</span> <span class='ocrx_word' id='word_1_165' title='bbox 653 2011 658 2045; x_wconf 93' lang='lat'><strong>:</strong></span> <span class='ocrx_word' id='word_1_166' title='bbox 673 2008 686 2042; x_wconf 89' lang='lat' dir='ltr'>u</span> <span class='ocrx_word' id='word_1_167' title='bbox 699 1995 808 2046; x_wconf 80' lang='lat' dir='ltr'>Lascivus</span> <span class='ocrx_word' id='word_1_168' title='bbox 828 1997 852 2046; x_wconf 89' lang='lat' dir='ltr'>et</span> <span class='ocrx_word' id='word_1_169' title='bbox 911 1994 914 2004; x_wconf 90' lang='lat'>&#39;</span> 
     </span>
     <span class='ocr_line' id='line_1_25' title="bbox 40 2067 853 2132; baseline 0.002 -16"><span class='ocrx_word' id='word_1_170' title='bbox 40 2067 186 2132; x_wconf 81' lang='lat' dir='ltr'>imprudens</span> <span class='ocrx_word' id='word_1_171' title='bbox 200 2079 247 2117; x_wconf 94' lang='lat' dir='ltr'>non</span> <span class='ocrx_word' id='word_1_172' title='bbox 261 2067 382 2116; x_wconf 76' lang='lat' dir='ltr'>obsecrant</span> <span class='ocrx_word' id='word_1_173' title='bbox 397 2071 498 2130; x_wconf 89' lang='lat' dir='ltr'>tempus.</span> <span class='ocrx_word' id='word_1_174' title='bbox 511 2083 524 2116; x_wconf 84' lang='lat' dir='ltr'>u</span> <span class='ocrx_word' id='word_1_175' title='bbox 539 2069 583 2118; x_wconf 82' lang='lat' dir='ltr'>Sed</span> <span class='ocrx_word' id='word_1_176' title='bbox 597 2069 641 2118; x_wconf 85' lang='lat' dir='ltr'>lnce</span> <span class='ocrx_word' id='word_1_177' title='bbox 650 2067 749 2132; x_wconf 86' lang='lat' dir='ltr'>pertinet</span> <span class='ocrx_word' id='word_1_178' title='bbox 762 2068 791 2117; x_wconf 87' lang='lat' dir='ltr'>ad</span> <span class='ocrx_word' id='word_1_179' title='bbox 812 2079 853 2118; x_wconf 89' lang='lat' dir='ltr'>ue·</span> 
     </span>
    </p>

    <p class='ocr_par' dir='ltr' id='par_1_8' title="bbox 36 2136 701 2203">
     <span class='ocr_line' id='line_1_26' title="bbox 36 2136 701 2203; baseline 0.002 -16"><span class='ocrx_word' id='word_1_180' title='bbox 36 2137 194 2202; x_wconf 83' lang='lat' dir='ltr'>gligentiam.</span> <span class='ocrx_word' id='word_1_181' title='bbox 209 2139 269 2200; x_wconf 85' lang='lat' dir='ltr'>Ergo</span> <span class='ocrx_word' id='word_1_182' title='bbox 282 2136 419 2200; x_wconf 87' lang='lat' dir='ltr'>negligentia</span> <span class='ocrx_word' id='word_1_183' title='bbox 432 2139 554 2202; x_wconf 86' lang='lat' dir='ltr'>opponitur</span> <span class='ocrx_word' id='word_1_184' title='bbox 567 2139 701 2203; x_wconf 83' lang='lat' dir='ltr'>prudentie.</span> 
     </span>
    </p>

    <p class='ocr_par' dir='ltr' id='par_1_9' title="bbox 36 2207 852 2344">
     <span class='ocr_line' id='line_1_27' title="bbox 77 2207 852 2273; baseline 0 -13"><span class='ocrx_word' id='word_1_185' title='bbox 77 2209 244 2272; x_wconf 81' lang='lat' dir='ltr'>(Concurrere.</span> <span class='ocrx_word' id='word_1_186' title='bbox 264 2231 296 2244; x_wconf 90' lang='lat'>-—</span> <span class='ocrx_word' id='word_1_187' title='bbox 316 2208 459 2272; x_wconf 88' lang='lat' dir='ltr'>Negligentia</span> <span class='ocrx_word' id='word_1_188' title='bbox 480 2209 563 2260; x_wconf 80' lang='lat' dir='ltr'>uitium</span> <span class='ocrx_word' id='word_1_189' title='bbox 582 2212 617 2259; x_wconf 82' lang='lat' dir='ltr'>est</span> <span class='ocrx_word' id='word_1_190' title='bbox 637 2210 680 2260; x_wconf 86' lang='lat' dir='ltr'>sub</span> <span class='ocrx_word' id='word_1_191' title='bbox 699 2207 852 2273; x_wconf 88' lang='lat' dir='ltr'>imprudentia</span> 
     </span>
     <span class='ocr_line' id='line_1_28' title="bbox 36 2278 850 2344; baseline -0.004 -12"><span class='ocrx_word' id='word_1_192' title='bbox 36 2281 200 2342; x_wconf 84' lang='lat' dir='ltr'>contentum,</span> <span class='ocrx_word' id='word_1_193' title='bbox 214 2279 272 2329; x_wconf 91' lang='lat' dir='ltr'>unde</span> <span class='ocrx_word' id='word_1_194' title='bbox 282 2278 441 2342; x_wconf 86' lang='lat' dir='ltr'>negligentiam</span> <span class='ocrx_word' id='word_1_195' title='bbox 452 2279 577 2342; x_wconf 88' lang='lat' dir='ltr'>prudentie</span> <span class='ocrx_word' id='word_1_196' title='bbox 586 2279 670 2344; x_wconf 90' lang='lat' dir='ltr'>opponi</span> <span class='ocrx_word' id='word_1_197' title='bbox 683 2279 850 2343; x_wconf 73' lang='lat' dir='ltr'>consequitur.)</span> 
     </span>
    </p>

    <p class='ocr_par' dir='ltr' id='par_1_10' title="bbox 28 2349 853 2701">
     <span class='ocr_line' id='line_1_29' title="bbox 72 2349 852 2414; baseline -0.001 -13"><span class='ocrx_word' id='word_1_198' title='bbox 72 2349 220 2413; x_wconf 85' lang='lat' dir='ltr'>Responden</span> <span class='ocrx_word' id='word_1_199' title='bbox 239 2349 373 2411; x_wconf 79' lang='lat' dir='ltr'>diendum,</span> <span class='ocrx_word' id='word_1_200' title='bbox 393 2349 454 2414; x_wconf 83' lang='lat' dir='ltr'>qndd</span> <span class='ocrx_word' id='word_1_201' title='bbox 467 2350 605 2414; x_wconf 87' lang='lat' dir='ltr'>negligentia</span> <span class='ocrx_word' id='word_1_202' title='bbox 623 2351 707 2402; x_wconf 80' lang='lat' dir='ltr'>directe</span> <span class='ocrx_word' id='word_1_203' title='bbox 730 2351 852 2414; x_wconf 87' lang='lat' dir='ltr'>opponitur</span> 
     </span>
     <span class='ocr_line' id='line_1_30' title="bbox 29 2418 851 2486; baseline -0.005 -12"><span class='ocrx_word' id='word_1_204' title='bbox 29 2419 207 2474; x_wconf 80' lang='lat' dir='ltr'>sollicitudini.</span> <span class='ocrx_word' id='word_1_205' title='bbox 221 2418 353 2470; x_wconf 85' lang='lat' dir='ltr'>Sollicitudo</span> <span class='ocrx_word' id='word_1_206' title='bbox 367 2425 443 2470; x_wconf 89' lang='lat' dir='ltr'>autem</span> <span class='ocrx_word' id='word_1_207' title='bbox 460 2423 558 2486; x_wconf 91' lang='lat' dir='ltr'>pertinet</span> <span class='ocrx_word' id='word_1_208' title='bbox 573 2421 734 2483; x_wconf 82' lang='lat' dir='ltr'>eductionem,</span> <span class='ocrx_word' id='word_1_209' title='bbox 747 2425 770 2472; x_wconf 86' lang='lat' dir='ltr'>et</span> <span class='ocrx_word' id='word_1_210' title='bbox 783 2421 851 2471; x_wconf 88' lang='lat' dir='ltr'>recti·</span> 
     </span>
     <span class='ocr_line' id='line_1_31' title="bbox 30 2490 853 2556; baseline -0.005 -12"><span class='ocrx_word' id='word_1_211' title='bbox 30 2495 101 2544; x_wconf 90' lang='lat' dir='ltr'>tudo</span> <span class='ocrx_word' id='word_1_212' title='bbox 116 2490 282 2542; x_wconf 84' lang='lat' dir='ltr'>eolliuitudiuia</span> <span class='ocrx_word' id='word_1_213' title='bbox 294 2491 322 2541; x_wconf 90' lang='lat' dir='ltr'>ad</span> <span class='ocrx_word' id='word_1_214' title='bbox 334 2492 484 2554; x_wconf 88' lang='lat' dir='ltr'>prudentiam.</span> <span class='ocrx_word' id='word_1_215' title='bbox 500 2493 563 2542; x_wconf 87' lang='lat' dir='ltr'>Unde</span> <span class='ocrx_word' id='word_1_216' title='bbox 579 2505 621 2556; x_wconf 90' lang='lat' dir='ltr'>per</span> <span class='ocrx_word' id='word_1_217' title='bbox 635 2493 764 2556; x_wconf 86' lang='lat' dir='ltr'>oppositum</span> <span class='ocrx_word' id='word_1_218' title='bbox 782 2491 853 2556; x_wconf 88' lang='lat' dir='ltr'>negli-</span> 
     </span>
     <span class='ocr_line' id='line_1_32' title="bbox 28 2561 852 2630; baseline -0.002 -14"><span class='ocrx_word' id='word_1_219' title='bbox 28 2563 124 2630; x_wconf 87' lang='lat' dir='ltr'>gentia</span> <span class='ocrx_word' id='word_1_220' title='bbox 139 2563 170 2612; x_wconf 86' lang='lat' dir='ltr'>cd</span> <span class='ocrx_word' id='word_1_221' title='bbox 180 2561 356 2626; x_wconf 87' lang='lat' dir='ltr'>imprudentiam</span> <span class='ocrx_word' id='word_1_222' title='bbox 366 2563 472 2626; x_wconf 87' lang='lat' dir='ltr'>pertinet.</span> <span class='ocrx_word' id='word_1_223' title='bbox 487 2563 517 2612; x_wconf 80' lang='lat' dir='ltr'>ltt</span> <span class='ocrx_word' id='word_1_224' title='bbox 525 2565 568 2613; x_wconf 87' lang='lat' dir='ltr'>luoc</span> <span class='ocrx_word' id='word_1_225' title='bbox 580 2562 649 2613; x_wconf 85' lang='lat' dir='ltr'>etium</span> <span class='ocrx_word' id='word_1_226' title='bbox 659 2576 688 2614; x_wconf 87' lang='lat' dir='ltr'>ex</span> <span class='ocrx_word' id='word_1_227' title='bbox 697 2563 747 2628; x_wconf 83' lang='lat' dir='ltr'>ipsc</span> <span class='ocrx_word' id='word_1_228' title='bbox 759 2564 852 2614; x_wconf 93' lang='lat' dir='ltr'>nomine</span> 
     </span>
     <span class='ocr_line' id='line_1_33' title="bbox 28 2632 852 2701; baseline -0.005 -14"><span class='ocrx_word' id='word_1_229' title='bbox 28 2636 160 2701; x_wconf 84' lang='lat' dir='ltr'>apparet,</span> <span class='ocrx_word' id='word_1_230' title='bbox 182 2633 237 2695; x_wconf 86' lang='lat' dir='ltr'>quia</span> <span class='ocrx_word' id='word_1_231' title='bbox 252 2632 312 2685; x_wconf 85' lang='lat' dir='ltr'>eicut</span> <span class='ocrx_word' id='word_1_232' title='bbox 330 2633 431 2686; x_wconf 83' lang='lat' dir='ltr'>leidcrua</span> <span class='ocrx_word' id='word_1_233' title='bbox 453 2633 508 2685; x_wconf 88' lang='lat' dir='ltr'>dicit</span> <span class='ocrx_word' id='word_1_234' title='bbox 524 2634 548 2685; x_wconf 85' lang='lat' dir='ltr'>in</span> <span class='ocrx_word' id='word_1_235' title='bbox 570 2634 610 2684; x_wconf 87' lang='lat' dir='ltr'>nt.</span> <span class='ocrx_word' id='word_1_236' title='bbox 631 2634 777 2698; x_wconf 78' lang='lat' dir='ltr'>Etpmotop.</span> <span class='ocrx_word' id='word_1_237' title='bbox 794 2634 852 2699; x_wconf 85' lang='lat' dir='ltr'>(vel</span> 
     </span>
    </p>
   </div>
   <div class='ocr_carea' id='block_1_4' title="bbox 28 2785 852 2913">
    <p class='ocr_par' dir='ltr' id='par_1_11' title="bbox 28 2785 852 2913">
     <span class='ocr_line' id='line_1_34' title="bbox 65 2785 852 2853; baseline -0.001 -18"><span class='ocrx_word' id='word_1_238' title='bbox 65 2786 112 2853; x_wconf 84' lang='lat'>(1)</span> <span class='ocrx_word' id='word_1_239' title='bbox 131 2788 167 2836; x_wconf 84' lang='lat' dir='ltr'>Ite</span> <span class='ocrx_word' id='word_1_240' title='bbox 180 2786 218 2834; x_wconf 83' lang='lat' dir='ltr'>nir</span> <span class='ocrx_word' id='word_1_241' title='bbox 234 2786 305 2833; x_wconf 80' lang='lat' dir='ltr'>ctiam</span> <span class='ocrx_word' id='word_1_242' title='bbox 323 2787 407 2849; x_wconf 83' lang='lat' dir='ltr'>euprt,</span> <span class='ocrx_word' id='word_1_243' title='bbox 421 2798 461 2847; x_wconf 86' lang='lat' dir='ltr'>qu.</span> <span class='ocrx_word' id='word_1_244' title='bbox 482 2785 523 2848; x_wconf 76' lang='lat' dir='ltr'>ti,</span> <span class='ocrx_word' id='word_1_245' title='bbox 539 2793 583 2835; x_wconf 80' lang='lat' dir='ltr'>art.</span> <span class='ocrx_word' id='word_1_246' title='bbox 601 2786 671 2844; x_wconf 71' lang='lat' dir='ltr'>iret</span> <span class='ocrx_word' id='word_1_247' title='bbox 683 2788 707 2834; x_wconf 91' lang='lat' dir='ltr'>in</span> <span class='ocrx_word' id='word_1_248' title='bbox 726 2787 852 2848; x_wconf 70' lang='lat' dir='ltr'>Epicteti</span> 
     </span>
     <span class='ocr_line' id='line_1_35' title="bbox 28 2851 372 2913; baseline -0.015 -10"><span class='ocrx_word' id='word_1_249' title='bbox 28 2852 280 2913; x_wconf 73' lang='lat' dir='ltr'>enieep..erp.1n,</span> <span class='ocrx_word' id='word_1_250' title='bbox 290 2851 337 2898; x_wconf 82' lang='lat' dir='ltr'>eol.</span> <span class='ocrx_word' id='word_1_251' title='bbox 347 2851 372 2898; x_wconf 65' lang='grc' dir='ltr'>ἢ.</span> 
     </span>
    </p>
   </div>
   <div class='ocr_carea' id='block_1_5' title="bbox 0 0 1000 3317">
    <p class='ocr_par' dir='ltr' id='par_1_12' title="bbox 0 0 1000 3317">
     <span class='ocr_line' id='line_1_36' title="bbox 0 0 1000 3317; baseline 0 0"><span class='ocrx_word' id='word_1_252' title='bbox 0 0 1000 3317; x_wconf 95' lang='lat' dir='ltr'> </span> 
     </span>
    </p>
   </div>
  </div>
 </body>
</html>
