1992 3317
201 171 233 205 ue
249 167 357 205 auocato
374 170 529 206 uersarentur
546 172 570 207 arr
587 172 713 209 caparam.
815 164 859 209 hal

57 246 156 306 quaudo,
169 244 269 308 grauium
289 248 369 306 peccat
386 244 455 307 quhm
479 244 599 296 homicida.
614 246 764 297 homicidium
782 252 859 298 tameo

54 316 150 379 primum
163 317 243 367 locutu
256 320 321 367 leuet
331 316 391 367 iuter
403 320 497 380 peccata
510 316 534 367 iu
543 317 669 381 proximum
681 320 811 370 commissa.

9 367 10 432 l
83 388 117 437 aa
130 388 259 438 aunuum
278 388 415 447 urendum,
429 387 491 450 quau
511 402 579 453 super
595 390 650 439 roua
663 390 699 439 uo
718 392 795 455 rapa,
806 392 857 441 lv:

57 477 69 505 a
81 458 228 522 Bhaphemia
238 458 334 508 tollatur
344 457 357 507 h
368 456 449 520 vohis,
467 476 481 505 »
496 458 550 509 dicit
561 461 640 510 Glossa
652 459 686 525 (1)
700 476 706 509 :
720 462 816 525 «Pejus
827 465 861 513 est

56 531 209 593 blasphemare
220 530 293 593 quam
303 530 417 593 peierare.
428 547 442 577 a
455 530 500 587 Qui
513 524 573 581 enim
583 532 685 595 peierat,
700 546 746 583 uon
757 533 812 583 dicii
820 538 861 584 aut

60 599 128 649 scutit
140 599 224 663 ahquid
241 600 327 649 falsum
345 601 373 649 de
392 601 453 663 lleo,
466 600 525 649 sicul
543 602 704 666 blasphemus3
727 604 766 653 sed
789 605 860 653 lleum

61 671 149 720 adhibet
160 675 244 721 testem
260 670 383 733 falsitatis,
400 684 448 722 uuo
463 674 568 733 hupham
582 672 697 723 aestimaus
718 675 789 725 heum
808 686 858 724 essa

60 742 136 791 lulium
155 746 253 806 testem,
268 742 311 791 sad
328 744 438 805 tauquam
455 755 549 805 sperans
566 742 627 807 quhd
646 745 706 795 heus
727 758 796 809 super
814 745 860 795 hoo

60 826 104 862 uou
115 813 252 863 laetificetur
264 825 308 875 per
323 812 416 874 aliquod
430 811 523 862 evidens
537 811 636 874 siguum.

90 884 124 932 hd
139 883 229 932 tertium
243 884 384 943 dicendum,
395 882 455 946 quod
475 882 590 932 excusatio
607 884 695 946 peccati
712 886 747 934 est
757 884 859 947 quadarn

61 953 223 1003 circumtantia
244 966 372 1017 aggravans
390 966 458 1003 omne
473 956 605 1015 peccatum,
620 952 688 1003 etiam
709 954 781 1017 ipsam
800 954 861 1003 hlas-

61 1024 199 1086 phemiam:
218 1029 243 1075 el
262 1037 306 1089 pro
325 1028 389 1074 tauto
411 1024 494 1075 dicitur
515 1038 565 1074 esse
586 1024 709 1074 marimum
728 1029 859 1088 peccatum,

61 1094 112 1156 poia
124 1096 240 1159 quodlibet
253 1096 311 1146 lacit
320 1095 406 1159 majus.

352 1264 512 1315 lhtlcdttls
529 1266 567 1314 IV.

265 1380 353 1425 Utrum
370 1380 481 1423 damnali
491 1380 661 1437 blasphement.

89 1500 121 1550 ld
133 1502 242 1562 quartum
261 1497 296 1547 sic
308 1496 441 1561 proceditur
452 1495 495 1559 (a).
510 1496 602 1545 Videtur
614 1495 673 1559 quhd
693 1498 794 1547 damnali
816 1510 861 1547 uon

61 1571 226 1634 blasphement.
249 1570 399 1618 heterreutur
419 1566 478 1616 enim
496 1579 558 1615 nuuc
574 1565 644 1629 aliqui
662 1567 717 1615 mali
729 1564 742 1615 a
755 1566 861 1629 hlasphe-

62 1640 145 1690 maudo
153 1644 245 1704 propter
259 1639 365 1689 timorem
376 1637 503 1685 futurarum
515 1650 641 1699 penarum.
654 1636 698 1685 Sed
709 1636 811 1685 damuati
820 1638 862 1685 has

62 1723 141 1773 ponas
155 1712 314 1775 experiuntur,
333 1709 396 1759 unde
416 1706 489 1770 magis
508 1719 546 1757 eae
565 1707 695 1756 abhorrent.
717 1706 776 1767 Ergo
792 1704 863 1755 multo

61 1781 130 1845 mapa
141 1781 155 1831 h
166 1781 348 1846 blasphemando
362 1781 546 1843 compescuntur.

89 1858 112 1904 2.
126 1855 256 1912 Praeterea,
270 1850 428 1915 blasphemia,
446 1848 497 1898 chm
514 1849 544 1899 sit
558 1848 716 1913 gravissimum
734 1850 861 1911 peccalum,

62 1929 93 1974 est
107 1923 207 1975 maxiud
225 1920 405 1973 demeritorium.
419 1920 463 1971 Sed
475 1920 501 1969 iu
514 1920 590 1969 lutura
605 1920 651 1969 aila
669 1933 715 1969 nou
737 1922 772 1969 esl
791 1922 862 1971 status

62 1995 161 2045 merendi
173 2006 250 2057 neque
261 1992 403 2043 demerendi.
414 1992 474 2054 Ergo
488 1992 563 2041 nullus
575 1991 618 2041 erit
631 1991 693 2041 locus
706 1990 859 2054 blasphemia.

90 2070 112 2117 a.
132 2068 261 2127 Praeterea,
276 2063 381 2126 dioclea,
395 2064 430 2123 ll,
448 2062 546 2121 dicitur,
564 2062 624 2127 quod
646 2080 660 2111 «
673 2062 697 2111 io
720 2074 861 2125 quocumque

63 2139 107 2187 loco
120 2137 211 2200 lignum
234 2134 355 2197 ceciderit,
371 2134 405 2183 ihi
421 2134 471 2183 erit.
489 2150 503 2181 a
525 2134 560 2183 Er
578 2146 622 2195 quo
642 2136 720 2195 polet,
735 2130 795 2195 quid
811 2136 863 2195 post

64 2210 117 2258 hauc
135 2208 207 2257 utam
222 2204 311 2255 homiui
331 2218 379 2255 nou
398 2203 519 2265 accrescit,
531 2216 574 2253 uec
589 2204 708 2265 meritum,
720 2216 763 2252 uec
778 2216 862 2266 pecca-

64 2285 119 2342 tum,
133 2280 196 2343 quod
218 2290 267 2327 uuo
281 2276 363 2326 hahuit
383 2276 408 2325 iu
425 2274 535 2324 hachila.
555 2274 598 2324 Sed
617 2274 681 2323 multi
699 2274 863 2323 daruuahuulur

64 2350 98 2411 qui
112 2351 135 2399 iu
148 2351 194 2399 hac
209 2348 258 2397 vila
275 2360 323 2397 uou
337 2346 430 2395 luerunt
442 2345 575 2409 blasphemi.
598 2346 656 2408 Ergo
675 2358 717 2395 nec
738 2345 762 2393 iu
788 2344 862 2393 lutura

65 2421 106 2470 rita
122 2418 327 2483 blasphemabunt.
486 2414 490 2420 ”

92 2493 135 2542 Sed
155 2495 235 2542 contra
253 2494 303 2552 esi,
318 2488 380 2552 qaod
395 2487 660 2551 diciturapoc.,llv1:
675 2502 688 2535 u
703 2486 864 2536 AEstuaveruut

97 2606 127 2669 (1)
141 2610 210 2655 Nullo
224 2610 258 2653 ihi
269 2608 366 2653 nomine
380 2611 520 2661 prenotata,
531 2604 571 2650 sed
582 2610 673 2661 sumpta
688 2608 724 2647 ost
736 2615 763 2647 ex
773 2602 864 2657 Augus-

69 2670 127 2731 tino,
135 2673 177 2717 lih.
192 2672 285 2717 ceretro
295 2670 468 2719 mendacium,
478 2680 530 2723 cap.
543 2668 571 2711 lll
580 2700 585 2724 ,
595 2680 623 2711 cx
634 2678 679 2723 quo
691 2670 713 2710 et
726 2665 749 2708 iu
759 2664 864 2709 cumdem

70 2731 141 2776 locum
152 2734 212 2779 Beda
226 2734 312 2778 relert.

103 2800 130 2861 (2)
143 2806 174 2848 Ile
183 2804 221 2848 his
230 2804 302 2848 etiam
316 2803 360 2845 111.
374 2805 445 2861 part,
456 2814 496 2856 qu.
509 2800 547 2858 63,
563 2806 606 2843 art.
619 2798 643 2858 3,
657 2798 685 2842 ad
699 2796 727 2848 3;
744 2801 767 2839 ot
780 2796 865 2838 lucu„

73 2865 134 2924 t'lll,
146 2866 199 2910 lect.
212 2865 239 2926 6,
253 2864 301 2909 col.
314 2862 338 2907 l.
