1992 3317
117 124 165 171 ast
235 129 490 175 munimina,
506 127 600 174 otnsr.
617 129 674 177 un,
692 129 751 167 aar.
769 131 796 168 v.

117 213 233 270 numam
248 210 272 257 in
290 207 373 269 quibus
388 206 452 268 ptura
466 210 519 254 suut
534 205 673 255 attendenda
692 207 721 255 ad
738 207 800 257 reete
817 208 923 272 judjffifl.

118 283 188 342 dum,
201 283 270 343 quani
282 280 351 328 etiarn
369 278 394 326 in
406 278 567 343 speculativis,
588 278 641 342 quia
660 281 811 343 operationes
827 285 884 330 aaut
900 279 924 329 in

118 353 281 415 singutaritrrrs

412 457 615 508 inmissi.

122 589 207 634 neren
221 586 383 630 inconstantia
396 585 429 628 sit
437 585 524 628 vitient
538 585 582 628 cub
595 583 760 640 inprudentia
774 591 926 631 contentane.

149 715 183 763 nd
194 714 299 776 quintum
319 713 352 761 sic
364 712 500 774 penditur.
513 711 606 760 t'idetur
619 709 680 773 quod
700 711 865 762 inconstantia
880 729 927 764 nou

119 787 150 835 sit
164 786 244 833 uitium
258 784 301 834 sub
317 783 469 846 imprudentia
485 787 627 831 ronnntun.
641 783 800 832 inconstantia
814 790 879 834 enirn
892 787 926 833 ri·

120 859 186 906 detur
199 856 223 904 in
237 857 282 906 troc
296 857 438 913 consistere,
450 853 511 916 quod
529 855 598 902 horno
618 867 663 902 nou
677 854 788 916 persistat
808 855 834 904 in
850 857 926 918 atiquo

120 928 216 977 diiticiti.
230 929 275 976 Sed
290 928 412 991 persistere
422 927 447 974 in
460 924 591 973 diiticititrus
604 926 704 988 pertinet
714 926 743 974 ad
756 926 926 976 tortitudinem.

119 1002 181 1064 Ergo
192 999 344 1050 inconstantia
356 998 430 1059 magis
438 998 560 1060 opponitur
572 995 698 1046 tortitudini
709 997 778 1059 quim
789 1000 926 1061 prudentie.

151 1078 176 1122 t.
192 1075 316 1132 Praeterea,
331 1072 395 1124 irre„
407 1070 452 1131 ill,
467 1069 570 1118 dicitnr:
586 1084 600 1114 e
617 1068 660 1117 Uni
670 1068 732 1118 retus
748 1073 773 1118 et
788 1072 925 1131 contendo,

121 1144 152 1194 ibi
169 1142 337 1200 inconstantia,
349 1145 374 1190 et
387 1153 455 1190 omne
472 1153 531 1202 opus
543 1152 647 1202 pravum.
662 1155 677 1184 n
697 1139 742 1188 Sed
766 1141 833 1190 aetus
849 1144 879 1190 ad
892 1143 926 1190 in-

120 1216 205 1263 vidiam
219 1213 326 1276 pertinet.
341 1213 400 1273 Ergo
414 1209 566 1259 incontentia
581 1223 626 1259 non
640 1209 741 1274 pertinet
754 1211 783 1259 ad
795 1211 927 1275 impruden·

120 1284 185 1345 taur,
199 1285 237 1332 sed
250 1282 322 1344 magis
336 1283 365 1330 ad
376 1282 495 1330 inuidiam.

152 1360 174 1403 a.
194 1357 321 1415 Pretem,
341 1348 380 1403 itte
395 1353 547 1402 videturesse
560 1353 710 1416 inconstans,
722 1353 761 1416 qui
775 1368 825 1404 nou
843 1367 925 1419 perse-

120 1430 184 1475 uerat
198 1426 221 1474 in
238 1438 266 1474 eo
283 1425 342 1487 quod
359 1427 508 1488 proposuerat
526 1423 608 1486 :quod
626 1424 718 1485 quidem
730 1425 834 1488 pertinet
846 1427 874 1476 in
891 1429 928 1477 de·

122 1496 281 1546 lectationitrus
301 1497 329 1545 ad
343 1496 530 1556 inminentem,
543 1495 603 1544 etin
614 1495 712 1544 tristitiis
725 1497 753 1545 ad
772 1499 868 1548 motem
882 1498 927 1548 sire

121 1568 252 1631 delicatum,
261 1572 287 1616 ut
295 1568 377 1616 dieitur
383 1568 422 1616 vn
433 1567 518 1614 erate.
532 1566 591 1629 Ergo
600 1567 757 1616 inconstantia
768 1581 816 1618 non
830 1570 927 1632 pertinet

126 1642 154 1691 ad
167 1639 352 1704 imprudentiam.

153 1713 197 1762 Sed
206 1716 284 1760 contra
297 1714 341 1769 est,
354 1708 415 1771 qnod
428 1709 456 1757 ad
465 1709 607 1772 prudentiam
618 1707 718 1772 pertinet
728 1710 842 1772 preferre
854 1715 927 1773 nraJus

123 1785 207 1834 bunum
222 1782 296 1830 ninus
307 1781 386 1830 bono:
401 1792 458 1842 ergo
474 1780 582 1829 desistere
599 1779 612 1827 i
627 1779 715 1830 netiori
730 1779 831 1843 pertinet
842 1783 870 1831 ad
887 1782 928 1831 in·

125 1853 276 1918 prudentiam.
291 1853 333 1901 Sed
348 1851 391 1900 hoc
407 1854 444 1900 est
460 1850 623 1900 inconstantia.
635 1851 694 1914 Ergo
705 1851 860 1903 inconstantia
877 1867 926 1917 per·

127 1925 187 1974 tinet
201 1924 229 1972 ad
244 1923 428 1985 imprudentiam.

159 1996 317 2057 (incensio.
338 2021 370 2030 -
383 1993 537 2044 inconstantia
560 1992 640 2041 uitium
660 1995 696 2043 est
713 1994 756 2043 suit
772 1995 924 2060 inprudentia

126 2070 273 2126 contentum,
288 2076 333 2127 quo
346 2067 398 2128 quis
412 2066 539 2115 contemnit
550 2063 675 2128 precipere
688 2078 716 2115 ea
731 2079 784 2128 que
803 2068 925 2118 secundun

125 2142 210 2188 rectam
222 2135 332 2185 rationem
347 2141 400 2186 ante
413 2139 477 2187 erant
488 2136 589 2200 judicata
601 2139 624 2186 et
637 2135 763 2198 proposita.
782 2137 792 2200 )

155 2206 290 2269 Respondeo
301 2207 436 2267 dicendum,
450 2206 510 2271 qudd
523 2206 676 2257 inconstantia
689 2206 797 2270 importat
810 2221 924 2259 recessum

123 2279 244 2343 quendam
255 2277 335 2328 abono
344 2277 459 2342 proposito
468 2277 575 2328 diffinito.
587 2277 723 2342 Hujusnrodi
731 2281 810 2328 annm
822 2293 924 2330 recessus

124 2349 259 2413 principium
272 2350 364 2412 quidem
375 2351 444 2400 habet
455 2349 501 2400 tri
509 2349 651 2413 appetitiva3
664 2349 783 2400 nonenim
793 2351 876 2416 adens
890 2365 924 2402 re-

123 2422 184 2471 cedit
202 2420 215 2469 i
233 2420 303 2483 priori
319 2421 379 2471 bono
394 2423 526 2485 proposito,
544 2420 588 2470 nisi
604 2423 697 2484 propter
709 2421 795 2484 aliquid
807 2424 869 2485 quod
881 2424 921 2473 siti

122 2491 249 2550 inordinati
261 2493 344 2556 placet,
354 2494 397 2543 Sed
413 2494 455 2543 iste
468 2505 571 2542 nanus
583 2503 629 2542 nnn
639 2491 812 2542 'consummatur
824 2493 871 2561 nisi
887 2508 924 2560 per

123 2563 235 2614 detectum
252 2562 358 2626 rationis,
371 2577 423 2626 que
438 2564 514 2613 attitur
531 2561 555 2611 in
571 2563 614 2613 troc
630 2562 692 2626 quod
706 2563 811 2628 repudiat
824 2564 848 2614 id
866 2565 923 2629 quod

123 2634 186 2686 recte
210 2639 377 2698 acceptaverat.
391 2636 420 2685 Et
438 2635 508 2698 quia,
526 2633 578 2684 citur
594 2633 666 2698 possit
688 2635 795 2685 resistcre
815 2635 923 2701 impulsui

123 2706 269 2770 passionen,
285 2706 305 2756 si
319 2719 366 2756 non
376 2705 480 2767 renunt,
494 2707 539 2755 troc
552 2708 629 2756 estex
643 2705 758 2757 debititate
772 2703 860 2770 ipsius,
876 2721 922 2772 que

125 2791 170 2829 non
182 2781 244 2828 tend
258 2789 283 2826 se
298 2775 392 2828 firmiter
404 2777 428 2826 in
439 2777 500 2828 bono
511 2776 628 2840 proposito
642 2781 750 2840 wncepto
760 2815 767 2839 ,
777 2777 830 2828 ideo
843 2779 923 2830 incon·

126 2849 223 2913 stantia,
234 2852 344 2912 runnu
357 2849 385 2900 ad
393 2848 431 2901 sui
443 2847 680 2913 connnnctiouen,
692 2847 793 2914 pertinet
804 2849 924 2915 audete
