1992 3317
354 201 387 237 ort
402 201 465 239 auru
482 201 553 238 mom.
806 192 851 240 tte

64 279 175 342 homnem,
186 280 238 329 sire
255 275 353 341 majoris
366 276 417 327 sire
430 290 507 342 parre
525 278 613 342 atatis,
624 277 715 328 liberari
726 278 739 327 a
750 278 853 342 contagio

62 350 129 401 monh
141 352 164 399 et
176 348 318 411 obligatione
331 348 433 413 peccati,
447 349 493 399 nisi
503 362 548 412 per
561 362 631 399 unum
649 349 797 401 mediatorem
814 350 854 399 llei

60 422 215 484 etbominum‚
233 420 315 469 Jesuru
329 420 455 470 Christum.
471 438 485 467 a

87 494 239 557 [Conccusro.
250 491 346 541 -Chm
362 504 405 555 per
417 492 578 543 lucarnationis
591 493 727 558 mysterium
738 493 808 543 inerit
825 494 854 544 ab

61 571 134 615 eterno
146 562 284 627 dispositum
291 599 300 625 ,
315 566 343 611 ut
361 575 427 612 suam
441 562 546 615 homiues
562 568 737 627 assequerentur
748 566 853 626 salutern,

62 636 150 698 oportuit
159 635 223 685 omni
236 637 341 697 tempore
355 634 419 683 credi
428 634 504 698 aliquo
515 635 582 687 modo
599 635 705 700 explicite
723 637 855 701 mysterium

61 706 215 757 lucarnationis
225 705 321 755 Christi.
334 706 342 767 l

87 780 216 843 Respoodeo
237 776 376 839 dicendum,
394 776 456 840 qudd
474 778 532 828 siem
549 779 618 843 suprd
636 778 721 829 domm
735 784 785 843 est,
800 780 855 831 illud

61 851 142 915 proprie
154 854 179 899 et
195 861 274 913 perse
289 849 391 912 pertinet
403 850 431 898 ad
444 848 557 912 objectum
571 850 638 911 fidei,
651 864 693 914 per
706 853 765 914 quod
785 854 855 903 bomo

62 921 213 971 beabmdinem
227 919 383 983 consequitur.
403 920 445 969 Via
462 924 538 971 autern
558 922 688 971 homiuibus
705 924 810 975 veniendi
829 922 857 973 ad

63 992 213 1042 beatitudinem
224 995 263 1042 est
275 991 413 1055 mysterium
423 992 586 1042 lucarnationis
597 996 620 1041 et
637 992 750 1043 Passionis
761 994 856 1057 Christi;

64 1065 138 1114 dicitur
152 1064 211 1114 enim
224 1065 294 1123 Aah,
303 1064 334 1112 tv
353 1079 359 1111 :
374 1079 388 1111 rr
404 1064 455 1112 Non
471 1067 507 1113 est
523 1060 584 1113 aliud
598 1076 682 1113 nomen
695 1065 772 1113 datum
784 1065 859 1115 homi-

63 1136 134 1199 nibus,
147 1137 170 1185 in
184 1149 230 1199 quo
244 1137 352 1197 oporteat
369 1146 414 1184 nos
426 1134 502 1184 salros
519 1134 579 1184 fieri.
594 1151 608 1181 »
622 1136 651 1184 ht
663 1134 714 1185 ideo
728 1136 858 1199 mysterium

63 1208 215 1258 incarnationis
239 1206 330 1257 Christi
346 1206 474 1269 aliqualiter
496 1206 595 1271 oportuit
610 1206 674 1257 omni
691 1209 793 1271 tempore
810 1220 858 1259 essa

60 1280 161 1329 creditum
171 1280 233 1343 apud
249 1291 333 1328 omnes
342 1317 349 1339 ‚
359 1276 514 1327 diversimode
527 1282 602 1328 tamen
614 1279 738 1329 secuudum
754 1280 858 1330 diversi·

63 1355 125 1399 utem
132 1354 260 1415 temporum
270 1354 295 1399 ct
302 1349 525 1413 personarumltam
535 1352 587 1399 ante
598 1353 681 1399 statum
693 1351 780 1415 peccati
789 1352 858 1401 homo

65 1421 133 1470 babuit
151 1422 287 1485 explicitam
305 1420 374 1472 fidem
397 1421 427 1470 de
447 1420 530 1470 Christi
546 1421 719 1485 lucarnatione,
735 1424 859 1475 serrandum

66 1493 117 1553 qnod
128 1494 276 1544 ordinabatur
287 1493 314 1541 ad
329 1491 548 1541 consummationem
566 1492 655 1555 gloriae,
667 1507 712 1544 nou
730 1498 805 1545 autem
823 1508 861 1543 se·

63 1564 153 1613 cundum
170 1564 233 1627 quod
248 1562 397 1613 ordinabatur
411 1562 439 1611 ad
457 1562 610 1614 liberationem
622 1566 634 1614 l
645 1569 737 1628 peccato
752 1579 793 1629 per
807 1566 862 1614 Pus·

58 1635 139 1685 sionem
153 1640 177 1686 et
191 1635 410 1696 Resurrectionem
421 1634 474 1697 quia
484 1636 552 1686 bomo
571 1649 619 1686 non
628 1636 673 1686 tuit
689 1637 798 1700 prescius
810 1648 863 1699 pec·

59 1708 102 1756 cati
124 1707 205 1757 tutori.
227 1707 326 1756 Videtur
351 1708 430 1756 antem
452 1706 614 1758 lucarnationis
640 1708 725 1759 Christi
754 1708 863 1771 prescius

60 1780 142 1841 tuisse,
151 1794 192 1844 per
207 1781 253 1829 hoc
267 1778 330 1841 quod
342 1778 418 1827 dixit:
432 1793 446 1825 rr
454 1779 548 1841 Propter
561 1782 604 1830 hoo
616 1778 729 1842 relinquet
742 1780 810 1829 horno
824 1790 864 1843 pa-

58 1856 114 1901 trem
124 1855 148 1903 et
158 1856 266 1911 matrem,
277 1853 302 1899 et
313 1848 439 1900 adhaerebit
448 1848 514 1899 mori
526 1864 601 1910 suma
611 1854 638 1900 nt
645 1851 739 1901 babetur
750 1851 821 1909 Gen„
831 1850 861 1901 tl.

58 1925 85 1972 Et
95 1925 139 1973 hoc
150 1922 277 1986 apostotus
288 1921 324 1971 ud
333 1922 436 1984 Epirus„
445 1921 474 1983 V,
489 1921 543 1971 dicit
556 1938 570 1969 u
578 1922 747 1975 Sacramentum
757 1935 864 1986 magnum

58 2008 110 2045 esse
124 1995 149 2044 in
161 1994 255 2044 Christo
267 1997 292 2044 et
304 1992 423 2053 Ecclesia3
434 1992 621 2055 »quodquidam
635 1994 802 2043 Sacramentum
819 2004 865 2043 uon

58 2069 93 2113 est
102 2063 212 2115 credibile
220 2063 321 2126 primum
330 2062 450 2113 bominem
460 2061 585 2125 ignorasse.
597 2064 652 2113 Post
661 2066 779 2127 peecatum
790 2066 865 2113 autem

57 2136 100 2183 tuit
118 2133 231 2199 expheitb
244 2135 359 2184 creditum
376 2132 511 2197 mysterium
525 2133 688 2183 Incaruationis
704 2134 803 2195 Christi,
820 2143 866 2184 non

57 2207 130 2255 solum
155 2209 268 2269 quantum
287 2207 317 2256 ad
338 2205 534 2265 lucarnationem,
556 2206 596 2255 sad
618 2205 687 2257 etiam
705 2210 816 2269 quantum
839 2205 867 2255 ad

57 2278 189 2340 passionem
201 2281 226 2327 et
243 2278 447 2339 resurrectionem,
466 2276 548 2339 quibus
563 2277 687 2325 humanum
699 2278 794 2339 genus'a
812 2292 867 2342 peo-

56 2354 106 2399 cato
117 2354 142 2399 et
162 2353 237 2400 morte
249 2349 368 2399 liberatur.
380 2349 452 2397 Aliter
459 2348 522 2398 enim
531 2361 579 2399 non
587 2347 768 2411 praefigurassent
782 2348 869 2399 Christi

56 2423 192 2483 passionem
210 2421 349 2484 quibusdam
365 2418 498 2480 mundtiis,
513 2422 601 2471 etanta
615 2419 704 2481 legem,
719 2423 743 2470 et
753 2421 795 2470 sub
809 2420 868 2481 lege,
912 2453 915 2461 ·

57 2505 156 2553 qnorum
179 2492 272 2555 quidem
290 2490 460 2541 Saonhciorum
477 2490 626 2553 significatum
648 2489 752 2554 explicite
772 2490 868 2554 majoros

58 2563 243 2626 cognoscebant3
256 2562 359 2612 minores
373 2563 450 2610 autem
464 2561 507 2611 sub
516 2561 628 2612 velamine
641 2561 730 2611 illorum
745 2561 869 2612 sacrificio·

57 2648 124 2694 rum,
138 2636 261 2685 credentes
274 2646 303 2684 ea
311 2632 425 2684 divinitus
437 2645 488 2682 esse
502 2632 624 2697 disposita,
635 2633 663 2684 de
674 2633 762 2685 Christo
773 2636 870 2683 venturo

59 2707 229 2765 quodammodo
245 2706 362 2755 habebant
381 2704 482 2754 velatam
495 2704 655 2767 cognitionem.
670 2706 715 2768 ht,
729 2706 789 2754 siout
803 2703 870 2767 suprh

59 2775 152 2825 dictum
161 2782 196 2829 est
203 2816 212 2842 ,
227 2790 255 2829 ea
271 2791 323 2841 que
335 2776 365 2827 ad
375 2775 484 2840 mysteria
497 2775 582 2827 Christi
594 2777 724 2841 pertinent,
736 2778 801 2825 tanto
823 2773 869 2822 dis·

58 2846 159 2899 tinctius
178 2852 335 2914 cognorerunt
356 2851 443 2913 quanto
465 2848 555 2899 Christo
573 2846 747 2913 propinquiores
766 2842 868 2920 luerunt.

55 2918 113 2968 Post
126 2924 222 2987 tempus
236 2925 314 2977 mrem
326 2920 407 2989 praliae
423 2920 531 2976 mtebto
538 2956 548 2987 ,
561 2923 609 2975 tam
628 2921 728 2985 majoros
740 2923 808 2983 quam
823 2924 868 2964 mr*
