1992 3317
122 156 168 199 tsi
247 162 352 201 securus
368 162 494 207 susurrum,
509 161 600 204 quase.
616 160 670 206 xrv,
687 160 741 196 aar.
758 158 793 195 rr.

123 242 165 289 hor
181 242 256 287 tumen
270 248 314 285 nou
329 236 472 298 praeluditur
482 235 520 284 uia
532 233 660 284 remittendi
674 239 698 283 et
708 234 805 283 sanandi
821 235 935 298 ommipo-

123 310 200 361 teutire
215 312 239 357 et
256 305 414 356 misericordie
433 306 491 366 liei,
507 318 548 369 per
563 317 631 367 quam
645 303 766 367 aliquando
784 304 845 355 talos
860 306 934 368 quasi

123 376 255 429 miraculose
272 376 417 440 spiritualiter
430 380 546 427 sanantur.

153 451 185 499 hd
201 448 297 511 primum
311 460 365 511 ergo
379 446 514 509 dic-endum,
529 447 589 511 quod
603 448 631 496 de
649 446 742 497 nemine
757 446 935 509 desperandum

123 524 157 569 est
171 519 195 568 iu
209 520 251 567 hac
264 518 324 581 vita,
340 517 479 568 considerata
492 516 657 583 omnipotentia
667 521 691 567 et
708 516 863 567 misericordia
877 519 932 579 nee

123 592 162 639 sed
174 588 312 639 considerata
326 588 454 638 conditione
470 589 559 652 peceati
576 587 682 640 dicuutur
698 588 767 651 aliqui
780 587 833 651 filii
850 588 933 653 diffi-

124 662 223 715 (lentim,
238 663 264 709 ut
277 660 373 711 habetur
383 660 418 709 od
431 660 533 723 Ephee,
546 660 574 709 ll.

157 733 189 781 hd
204 732 325 781 seeundum
341 730 475 792 dicendum,
494 732 555 793 qood
573 732 629 780 ratio
641 731 680 779 illa
698 730 801 793 procedit
815 743 845 779 ex
864 735 936 794 parte

125 802 294 866 omnipotentiae
309 802 362 864 liei,
378 816 424 851 uon
439 803 564 853 secundum
581 800 733 850 conditionem
747 798 845 864 peceati.

157 874 190 922 hd
199 872 290 923 tertium
302 873 432 937 diremtum,
444 872 505 937 quod
522 872 618 923 liberum
627 871 748 921 arbitrium
759 874 863 921 remanet
877 874 936 935 qui·

126 946 176 993 dem
192 958 281 1008 semper
294 944 318 993 iu
332 946 374 994 hae
384 945 431 994 uita
443 942 563 1007 vertibila;
578 947 656 993 tamen
671 942 806 1005 quaudoque
822 942 908 1004 abjicit
922 941 937 994 a

125 1028 151 1065 se
168 1014 191 1064 id
205 1028 244 1079 per
259 1016 319 1079 quod
333 1016 392 1065 verti
406 1018 481 1079 potest
494 1014 522 1063 ad
536 1015 635 1074 bouum,
648 1020 759 1076 quartum
771 1012 794 1060 irr
806 1012 859 1075 ipso
877 1019 934 1063 est:

127 1086 186 1135 uude
200 1091 305 1150 exparte
323 1098 364 1135 sua
383 1090 500 1148 peceatum
515 1088 551 1135 est
567 1082 735 1145 irremissibile,
749 1083 801 1133 licet
811 1083 876 1133 oeus
894 1098 935 1135 re-

127 1156 215 1206 mittere
229 1155 309 1219 possit.

421 1255 583 1306 sustentus
598 1253 636 1303 lV.

165 1366 249 1411 Uirium
260 1366 327 1410 horno
334 1367 407 1420 pomo
416 1369 494 1423 primo
503 1380 599 1423 peecare
608 1369 634 1410 io
644 1367 759 1423 Spiritum
769 1370 892 1411 sonetum.

159 1482 192 1531 hd
218 1486 324 1545 quartum
344 1483 376 1531 sie
399 1482 578 1545 procediturtt).
600 1481 693 1531 Videtur
714 1482 774 1544 quod
794 1482 869 1531 homo
883 1496 936 1533 roo

128 1553 200 1616 possit
211 1552 285 1617 primo
303 1567 396 1618 peecare
410 1553 434 1602 iu
450 1552 558 1617 Spiritum
573 1557 685 1614 sanctum,
701 1553 745 1602 uisi
760 1554 936 1616 prasuppositie

128 1622 177 1672 aliis
192 1624 299 1687 peccatis.
315 1617 427 1675 Naturalis
445 1624 506 1673 euim
526 1625 581 1674 ordo
598 1627 649 1686 est,
663 1627 689 1672 ut
707 1624 737 1673 ah
749 1623 887 1686 imperfecto
902 1628 934 1675 ad

128 1694 252 1757 perlectum
269 1696 319 1759 quis
334 1699 449 1747 moueatur
464 1710 469 1743 :
486 1698 510 1744 et
527 1696 571 1743 hoo
586 1694 679 1757 quidem
697 1694 721 1742 io
733 1693 800 1744 bouis
818 1700 936 1757 apparet,
990 1739 992 1742 .

129 1768 254 1817 seeundum
269 1767 323 1817 illud
335 1768 419 1825 Proh„
432 1766 461 1815 lV
474 1782 479 1813 :
492 1765 628 1814 «iustorum
637 1764 718 1814 semita
728 1763 791 1827 quad
802 1764 843 1811 lux
851 1766 936 1827 splen-

129 1838 185 1887 dens
201 1838 295 1896 erescit,
308 1840 330 1887 et
343 1837 431 1901 prolicit
443 1849 516 1899 usque
531 1836 559 1895 ad
572 1836 697 1899 perfeetum
707 1836 776 1886 diem.
790 1852 805 1882 u
816 1836 862 1885 Sed
877 1850 934 1901 per-
990 1865 992 1892 ;

129 1908 213 1957 lectum
226 1908 308 1957 dieitur
323 1908 347 1957 iu
361 1909 425 1959 malis
440 1910 500 1971 quod
514 1910 551 1957 est
569 1907 691 1958 maximum
710 1908 810 1968 mmmm,
826 1912 853 1955 ut
867 1913 937 1971 patet·
990 1899 992 1962 ἓ

129 1990 170 2039 per
183 1978 343 2040 Philosophum
355 1978 380 2028 in
395 1981 422 2028 V.
433 1980 544 2041 metaph.
555 1978 623 2041 (text.
633 1978 684 2041 at).
699 1978 757 2027 Cum
771 1990 825 2040 ergo
839 1991 931 2040 peeca-
990 1977 992 2030 ζ

128 2052 176 2096 tuor
191 2048 215 2095 iu
229 2048 337 2111 Spiritum
347 2053 450 2101 sanetum
460 2050 488 2101 sit
502 2048 673 2113 gravissimum,
685 2048 775 2099 ridetur
787 2047 846 2111 quod
860 2050 936 2101 homo

129 2120 155 2167 ad
171 2120 213 2169 hoe
232 2124 349 2181 peceatum
366 2121 484 2184 perveniat
500 2134 540 2185 per
552 2121 597 2169 alia
610 2123 703 2184 peecata
720 2119 817 2169 minora.

161 2194 184 2237 a.
202 2189 327 2249 Praeterea,
342 2205 434 2255 perrare
449 2193 473 2243 iu
494 2192 605 2256 Spiritum
623 2194 726 2241 sanetum
742 2194 779 2239 est
792 2203 888 2253 peceare
900 2204 934 2241 er

129 2264 189 2309 certa
212 2260 296 2309 malitia
314 2261 362 2312 sire
382 2277 410 2313 er
429 2263 550 2314 electione.
573 2263 619 2311 Sed
637 2264 681 2311 hoo
695 2274 742 2311 nou
759 2260 838 2310 statim
855 2266 935 2325 potest

128 2332 197 2381 homo
207 2335 327 2395 autequam
341 2334 473 2385 multotiens
487 2333 630 2398 pecearedtr
640 2332 696 2381 dicit
705 2332 766 2382 euim
777 2331 936 2397 Philosophus

130 2401 154 2450 iu
168 2402 196 2449 V.
222 2402 315 2457 Μία,
337 2404 396 2466 quhd
411 2422 423 2452 r<
440 2406 484 2455 etsi
504 2407 572 2454 homo
590 2403 663 2467 possit
682 2403 768 2466 injusta
781 2403 858 2453 faeere
866 2441 875 2467 ,
885 2416 936 2453 uorr

129 2475 207 2521 iernen
223 2476 297 2535 potest
315 2476 391 2524 statim
410 2476 501 2539 operari¹
513 2476 572 2524 siout
589 2474 747 2538 injustustal,
763 2489 777 2519 »
793 2474 885 2524 scilieet
903 2487 936 2523 er

164 2594 194 2657 (l)
211 2602 242 2645 De
253 2601 366 2646 hisetiam
380 2603 403 2645 irr
417 2605 449 2663 ΙΙ,
462 2602 541 2650 Seut„
552 2602 606 2646 dist.
619 2598 659 2660 ld,
675 2606 718 2646 art.
731 2600 757 2653 35
769 2606 794 2645 et
807 2613 848 2657 qu.
860 2600 889 2657 Ξ,
905 2601 935 2645 de

130 2661 208 2721 verit,
226 2666 269 2706 art.
281 2662 318 2723 to,
332 2664 359 2708 ad
370 2664 392 2710 1.

166 2729 195 2791 (ἲ)
213 2734 247 2777 Ex
265 2727 317 2791 rap.
341 2735 370 2779 12
388 2742 411 2780 et
430 2748 482 2792 eap.
504 2734 534 2779 ta
556 2736 683 2793 graeculae.
703 2735 830 2791 colligitur,
851 2736 887 2779 rel
907 2747 936 2779 ex

132 2803 188 2899 Ἣ
196 2794 224 2866 1ιῦ
236 2801 259 2839 rt
271 2809 322 2851 rap.
335 2796 365 2841 to
378 2798 402 2841 in
420 2798 535 2859 antiquis,
546 2810 571 2842 ac
591 2797 650 2869 apud
665 2800 688 2843 S.
700 2798 810 2859 Thomam
823 2798 879 2842 leet.
893 2796 932 2855 ts,

133 2866 145 2897 e
175 2868 290 2913 rerureps.
