1992 3317
116 170 147 217 tt
234 176 651 229 nnunnsncuunn,oumsn.un11,
669 174 724 214 nnn.
743 176 789 215 vn.

116 254 227 307 ineodem
235 255 346 320 subjecto,
359 254 423 305 aliter
433 258 469 305 est
479 254 642 305 consideranda
650 254 675 303 in
684 252 721 303 nis
731 266 782 317 que
795 253 925 321 subjacent

116 326 224 390 tempon',
235 331 257 376 et
271 325 336 376 aliter
348 323 372 374 in
383 325 481 388 hisque
501 326 554 375 sunt
573 336 642 388 supra
655 326 751 388 tempus,
766 324 792 373 lu
803 322 841 375 his
854 327 923 381 enim

116 411 166 459 qne
182 396 301 461 subjacent
313 396 425 461 tempori,
437 410 483 447 non
497 398 533 446 est
548 396 600 445 dure
612 395 716 445 ultimum
727 394 817 445 instans
831 396 856 447 in
872 412 923 463 quo

116 467 187 519 torma
197 469 257 533 prior
268 469 370 532 subjecto
382 469 457 531 inest3
470 470 508 517 est
522 470 598 516 eutem
613 467 665 517 dane
674 465 779 517 ultimum
793 468 889 532 tempus
900 474 927 521 et

116 540 212 603 primum
229 539 317 591 instans
331 540 356 590 in
376 553 422 603 quo
436 539 510 590 formu
527 536 669 601 subsequens
686 538 745 588 inest
764 538 865 590 nemrim
881 544 925 593 vel

116 612 227 675 subjecto.
241 612 312 676 Cujus
325 612 383 662 ratio
407 614 457 670 est,
468 610 523 673 qnia
539 609 564 659 in
583 612 684 673 tempore
700 621 747 659 non
760 612 837 673 potest
850 610 931 677 accipi

115 687 167 733 unite
178 697 250 735 unum
258 683 345 734 instans
360 683 420 732 aliud
429 681 518 731 instnns
526 682 656 747 precedens
666 679 795 731 immediate
803 719 810 743 ‚
819 694 847 731 eo
859 687 928 747 qnod

11 777 12 786 1
114 755 222 805 instantia
238 768 284 805 non
299 756 466 817 consequenter
479 766 505 805 se
521 753 620 803 habeant
636 752 660 801 in
676 756 791 817 tempore,
806 752 867 803 sicut
880 768 930 808 nec

115 830 200 891 punctu
213 826 237 876 iu
250 826 328 889 linea,
339 829 366 874 ut
382 824 523 889 prohatunin
537 825 574 874 ll.
590 827 663 889 Plope
682 824 757 888 (text.
771 828 785 873 t
800 838 874 889 usque
892 831 925 881 ad
993 828 994 853 ¹

118 902 149 947 to
160 897 180 961 l.
199 898 243 948 Sed
260 901 352 961 tempus
366 896 498 949 terminatur
510 898 537 947 ad
551 897 656 947 instans:
670 900 693 947 et
703 896 753 947 ideo
770 896 793 947 iu
805 900 854 948 toto
865 902 933 951 tem-

116 982 170 1031 pone
185 969 321 1032 precedenti
332 982 377 1033 quo
388 968 473 1033 aliquid
486 972 589 1019 movetur
604 969 712 1019 adunam
726 968 830 1031 formam,
844 972 931 1025 subest

115 1041 193 1091 lonmae
202 1041 329 1104 oppositae3
343 1044 366 1091 et
375 1040 400 1091 in
411 1040 491 1093 ultimo
502 1041 596 1091 instanti
607 1040 670 1090 illins
681 1040 798 1105 temporis,
810 1043 874 1105 quod
887 1048 929 1097 est

115 1111 212 1174 primum
229 1112 319 1163 instans
336 1112 453 1175 sequentis
473 1111 596 1176 temporis,
618 1112 688 1163 habet
707 1113 801 1161 loentum
816 1126 868 1177 qum
886 1121 929 1167 est

114 1182 223 1232 terminus
236 1182 319 1233 moltis.
331 1183 376 1233 Sed
393 1182 416 1232 in
432 1183 468 1233 his
485 1196 537 1246 quae
549 1188 601 1233 sunt
613 1196 683 1247 supra
696 1185 800 1247 tempus,
813 1183 881 1237 aliter
895 1202 925 1241 se

115 1253 184 1303 hebet
196 1270 201 1302 :
215 1254 236 1304 si
249 1268 294 1318 qua
305 1254 366 1305 enim
380 1254 491 1306 successio
502 1254 531 1305 sit
545 1254 576 1305 ini
589 1254 710 1305 affectuum
723 1255 760 1304 vel
771 1254 925 1311 intellectua-

114 1325 170 1375 lium
182 1326 355 1390 conceptionum
371 1328 434 1389 (putu
446 1325 470 1376 in
483 1326 580 1390 angelis)
599 1326 651 1377 tuis
663 1326 777 1377 successio
792 1340 840 1377 non
853 1342 927 1383 men·

115 1399 205 1447 sumlui
216 1400 317 1461 tempore
328 1397 452 1460 continuo,
466 1398 506 1449 sed
520 1403 622 1465 tempore
635 1397 738 1461 discreto,
755 1398 814 1449 siout
826 1404 853 1449 et
867 1401 927 1467 ipsa

114 1482 165 1531 «pum
178 1472 337 1518 mensurantur
350 1482 396 1518 non
406 1473 459 1519 sunt
470 1469 592 1531 continua,
609 1474 635 1519 ut
649 1469 673 1519 in
683 1469 757 1533 primo
768 1469 873 1521 nubium
885 1480 928 1528 est
993 1490 994 1531 l

117 1537 226 1601 (quill,
246 1542 289 1589 art.
300 1544 315 1589 2
326 1543 372 1592 et3
383 1538 402 1604 ).
418 1538 481 1590 Unde
496 1540 522 1589 iu
533 1539 617 1591 talibus
636 1544 670 1591 cst
688 1540 787 1592 dandum
806 1541 925 1599 ultimum
993 1538 994 1605 l

115 1609 201 1661 instans
211 1610 236 1660 in
249 1624 294 1675 quo
307 1612 404 1675 primum
417 1611 476 1675 luit,
491 1614 514 1661 et
528 1611 625 1675 primum
641 1611 729 1662 instans
743 1611 826 1675 inquo
840 1616 876 1663 est
898 1616 928 1669 id
993 1608 994 1621 ¹

114 1681 173 1745 quod
186 1682 294 1745 sequitur.
304 1684 351 1733 Nec
363 1686 453 1747 oportet
465 1696 518 1733 esse
531 1686 622 1747 tempus
633 1682 745 1743 medium;
757 1682 871 1745 quianon
883 1692 927 1740 est

114 1752 147 1803 ibi
156 1753 292 1806 continuitas
303 1755 410 1819 temporis
421 1768 471 1820 que
486 1756 515 1805 ad
528 1756 572 1805 hoo
584 1754 746 1819 requirebatur.
764 1754 827 1805 llens
839 1760 927 1810 nutem

114 1826 214 1875 humone
226 1840 277 1890 que
287 1827 436 1891 justificetur,
450 1825 575 1878 secundum
587 1840 612 1877 se
626 1824 717 1891 quidem
726 1829 761 1877 est
775 1838 844 1891 supra
856 1833 926 1881 tem-

115 1909 172 1960 pus,
187 1897 227 1947 sed
239 1910 281 1961 pen
292 1898 398 1949 accidens
411 1897 514 1949 subditur
528 1896 640 1961 tempori,
656 1897 681 1947 in
700 1901 810 1961 quantum
829 1898 928 1957 scilicet

114 1966 221 2031 iutelligit
234 1981 285 2018 cum
303 1969 411 2019 continno
423 1973 447 2021 et
465 1972 579 2035 tempore,
593 1970 717 2021 secundum
734 1969 921 2039 phantesmata,

115 2040 139 2090 iu
153 2038 235 2103 ombus
253 2040 342 2104 species
363 2040 518 2105 intelligibiles
537 2040 680 2110 considerat,
695 2043 721 2091 ut
740 2040 763 2091 in
781 2038 857 2105 primo
875 2044 930 2097 dic-

115 2114 162 2160 tnm
175 2114 210 2161 cst
225 2111 281 2177 (qu.
297 2112 336 2174 33,
351 2114 394 2161 nrt.
411 2116 423 2161 t
436 2117 460 2163 et
469 2116 482 2161 3
491 2114 511 2177 ).
521 2114 550 2162 Et
562 2112 612 2165 ideo
619 2112 769 2177 judicandum
782 2116 819 2163 est
833 2127 922 2169 secuu-

115 2182 168 2231 dum
181 2182 224 2231 hoo
243 2183 271 2233 de
289 2181 341 2245 ejus
356 2182 479 2237 mutatione
494 2186 619 2235 secuudum
634 2182 789 2235 conditionem
809 2190 924 2243 motuum

115 2252 285 2316 temporalium,
303 2257 329 2303 ut
343 2254 428 2308 scilicet
447 2256 547 2307 dicemus
558 2256 617 2321 quod
632 2268 677 2306 nou
694 2258 729 2305 est
743 2256 797 2305 done
808 2256 924 2313 ultimum

114 2321 202 2373 insunt
214 2324 238 2375 in
251 2338 296 2389 quo
314 2326 380 2391 eulpa
396 2327 478 2389 infuit,
492 2328 533 2377 sed
547 2326 650 2377 ultimum
668 2329 767 2391 tempus.
783 2328 824 2379 Est
838 2332 926 2395 nutem

115 2397 168 2445 dune
181 2397 279 2459 primum
296 2396 419 2448 instensin
437 2412 481 2463 quo
495 2400 569 2463 gnatia
580 2399 651 2464 inest3
664 2398 688 2449 in
699 2402 746 2449 tolo
766 2401 843 2450 numm
858 2404 926 2455 tem-

116 2481 169 2530 pone
181 2469 319 2532 procedenti
330 2470 404 2521 inctut
420 2471 495 2535 culpa.
