1992 3317
296 270 328 306 un
342 267 490 307 urrnunaus
507 268 610 308 unauna.
829 264 858 311 83

59 356 118 407 quau
135 345 218 395 dunum
236 343 316 408 gratie
331 344 482 410 justificantis
502 345 598 409 impium
614 362 620 395 :
636 348 659 397 ει
675 347 802 399 secundum
815 350 860 399 hoc

59 414 178 476 glorificatio
193 415 311 479 justorum
326 421 363 467 εει
380 416 458 481 majus
474 430 532 480 epus
550 430 616 479 quant
631 418 765 481 justificatio
779 420 854 484 impii.

57 487 99 537 ,llio
107 489 173 539 modo
181 489 267 538 dicitur
273 489 361 553 aliquid
370 502 481 552 magmm
490 489 614 553 quantitate
624 490 784 555 proportione,
796 491 857 541 sicut

57 559 129 608 dicitnr
139 574 205 613 mons
216 575 330 625 paruus.
342 564 366 612 et
385 560 475 611 milium
490 576 627 625 mappam
639 566 662 613 ει
680 564 725 612 hoc
734 564 802 615 modo
813 566 858 616 du-

57 643 102 679 nun
113 632 192 693 gratiae
198 630 299 695 impium
311 629 463 695 justificantis
477 629 672 696 estmajusquam
686 634 769 683 donum
779 634 858 698 gloriae

57 699 199 753 beaddcautis
211 702 320 765 justum3
338 701 394 765 quia
410 701 464 767 plus
478 700 566 753 excedit
586 703 670 755 dunum
690 702 768 768 gratiae
784 706 859 770 digni-

57 776 116 835 talen
125 774 206 837 impii,
216 775 259 838 qui
269 778 319 823 erat
330 773 416 837 dignus
424 786 507 837 poena,
517 786 585 837 otram
595 776 679 825 dournu
691 775 768 838 gloriae
781 776 857 840 digni-

57 846 117 893 tatem
128 845 201 907 iusti,
215 845 257 909 qni
275 858 305 895 ex
318 846 365 895 hoc
383 844 434 907 ipso
448 845 508 907 quud
526 848 561 895 εει
572 844 709 907 justificatus
724 851 759 897 cst
775 846 857 909 dignus

56 914 124 973 gloria.
139 917 168 965 El
181 916 235 966 ideo
253 915 397 979 August-inus
410 913 468 964 dicit
481 913 582 965 ibidem:
600 933 613 963 n
628 916 716 967 iudicet
732 917 772 981 qui
782 922 857 981 potest

57 989 122 1035 utrum
130 988 206 1052 majus
216 987 247 1036 sit
257 987 335 1050 justos
344 986 440 1049 angelos
449 998 540 1047 creare,
552 1000 620 1049 quam
630 986 854 1052 impiusjustidcare‚

56 1061 109 1106 certe
120 1058 139 1107 si
151 1058 250 1123 equalis
263 1062 299 1109 est
313 1061 437 1121 utrumque
452 1057 578 1120 potentiae,
597 1058 641 1109 hcc
655 1058 749 1121 majoris
766 1063 800 1110 est
814 1060 856 1109 uri-

54 1128 180 1181 sericordiae.
199 1146 213 1177 ε

80 1201 106 1249 Et
114 1215 155 1264 per
163 1203 209 1251 lruc
222 1204 287 1265 patet
299 1201 424 1264 responsio
438 1200 467 1250 ad
477 1198 583 1263 primum.

79 1272 109 1321 ld
122 1272 250 1323 secundnm
265 1272 408 1335 dicendum,
430 1272 491 1334 quod
508 1272 591 1323 bouum
607 1270 708 1323 universi
727 1274 764 1323 est
781 1275 855 1338 majus

52 1356 113 1404 nouam
134 1343 224 1394 bouum
246 1342 385 1405 particulare
408 1342 494 1405 unius,
514 1343 533 1393 si
556 1340 679 1407 accipiatur
695 1347 814 1407 utrumque
833 1344 857 1395 iu

53 1416 124 1465 cedem
146 1427 246 1478 genere3
269 1415 308 1464 scd
330 1414 419 1464 bunum
436 1413 515 1476 gratia
537 1412 605 1466 unius
623 1415 697 1479 majus
714 1418 764 1477 est,
788 1428 856 1478 quam

51 1486 126 1535 turnum
140 1489 231 1536 natum
244 1485 315 1535 totius
329 1485 442 1536 universi.

79 1560 109 1609 ld
125 1558 221 1609 tertium
243 1556 383 1620 dicendum,
405 1558 468 1623 quud
488 1558 546 1609 cutio
564 1558 602 1609 illa
623 1559 774 1623 proceditur
793 1561 856 1623 parte

52 1630 106 1679 nodi
119 1630 212 1695 agendi,
223 1630 352 1681 secundum
366 1642 437 1694 quem
449 1630 533 1679 creatio
545 1634 580 1681 εει
592 1630 718 1683 maximum
730 1624 788 1695 opud
802 1629 855 1681 Dei.

350 1799 512 1851 anniculus
527 1800 555 1850 x.

189 1914 431 1974 Utrdmjmtfflcatc‘o
440 1910 509 1970 impii
518 1915 549 1959 rit
560 1914 714 1961 miraculosa.

81 2036 109 2085 ld
129 2036 245 2088 decimum
267 2034 301 2085 sic
320 2033 453 2099 proceditur
468 2032 510 2096 (1).
528 2032 623 2083 Videtur
642 2034 702 2097 quod
720 2032 856 2097 justificatio

49 2107 110 2170 nnpii
122 2108 155 2157 sit
167 2120 227 2173 opus
241 2105 417 2155 miraculosum.
432 2104 579 2167 operaenim
593 2104 726 2156 miraculosa
743 2108 796 2156 εεει
808 2118 856 2154 mu-

45 2192 93 2237 one
108 2192 156 2229 uon
173 2176 329 2229 miraculosis.
345 2176 394 2226 Sed
410 2174 546 2239 justificatio
563 2176 626 2239 impii
643 2180 679 2226 ast
694 2176 770 2243 majus
783 2188 856 2237 apae,

48 2264 112 2311 quam
123 2251 169 2301 alia
179 2264 251 2314 opera
262 2249 416 2309 miraculosa,
426 2250 523 2311 utputet
534 2260 575 2310 per
584 2247 734 2309 Augustinurn
746 2248 771 2297 in
780 2248 857 2297 auctu·

50 2322 115 2371 ritate
127 2323 236 2372 adducta.
257 2322 318 2383 Ergo
333 2318 470 2384 justificatio
483 2316 548 2382 inpii
562 2322 597 2369 est
612 2331 670 2383 opus
685 2318 855 2369 miraculosum.

78 2398 100 2442 Ξ.
115 2395 243 2457 Praeterea,
257 2398 334 2442 motus
347 2388 474 2441 uoluntatis
489 2390 522 2439 ita
537 2392 572 2440 εει
585 2388 610 2438 in
623 2390 697 2439 anima
711 2390 770 2439 sicut
784 2388 853 2438 incli-

49 2464 109 2514 natio
121 2465 234 2517 mentalis
247 2465 354 2515 iuretur
367 2461 518 2512 naturalitus.
534 2462 580 2513 Sed
592 2460 681 2524 quando
694 2462 758 2513 Deus
770 2459 855 2523 aliquid

46 2542 150 2598 operalur
162 2538 187 2587 in
204 2538 274 2587 rebus
285 2535 428 2585 pennalibus
442 2537 521 2583 contra
534 2532 706 2587 inclinationem
717 2536 813 2592 natura,
821 2536 855 2584 est

45 2622 101 2669 opus
115 2610 278 2659 mimculosum
297 2623 303 2656 ε
320 2608 382 2657 εἰεει
399 2619 453 2655 cunr
469 2604 583 2655 illuminat
599 2616 685 2655 caecum
703 2604 740 2653 vel
762 2603 857 2653 suscitat

45 2685 174 2729 nonnum:
184 2679 299 2730 voluntas
317 2681 397 2727 autem
411 2674 478 2739 impii
489 2676 562 2727 tendit
575 2676 598 2727 in
612 2675 704 2726 nalum.
719 2676 776 2725 Curn
787 2673 857 2736 igitur·

78 2796 109 2856 (i)
125 2802 158 2845 lle
169 2800 206 2844 lais
215 2800 289 2845 etiam
303 2801 324 2842 1.
335 2802 399 2855 part.
405 2829 411 2853 ‚
427 2807 467 2851 qu.
479 2794 534 2850 105,
546 2800 591 2839 ert.
611 2795 639 2852 7,
655 2796 683 2840 ad
699 2794 726 2846 1;
743 2797 768 2837 ut
779 2798 802 2847 ει
811 2793 853 2835 111.

45 2867 116 2917 parc,
131 2875 172 2919 qu.
185 2861 232 2921 te,
246 2866 292 2907 art.
305 2859 331 2918 3,
345 2860 373 2906 ed
387 2856 400 2904 1
414 2856 472 2906 ει3,
486 2863 510 2902 ει
521 2858 552 2913 ιι,
563 2856 641 2905 Sunt,
658 2856 710 2905 dist.
722 2854 762 2909 ιδ,
776 2864 815 2908 qu.
828 2850 855 2903 15

46 2929 90 2965 art.
103 2922 131 2982 1,
143 2926 212 2979 ad23
229 2932 252 2970 ει
265 2925 352 2969 ltemm
373 2922 421 2979 lv,
440 2918 518 2968 Sunt„
533 2919 587 2965 dist.
605 2916 649 2976 17,
662 2932 701 2975 qu.
725 2914 753 2974 1.,
771 2918 814 2959 ari·
827 2908 854 2964 5,

43 2986 180 3040 dumne·
193 2986 222 3043 ις
237 2991 261 3035 ει
274 2984 358 3047 qud,
373 2984 515 3043 depetunt,
529 2980 657 3041 antimi
670 2980 695 3025 d.
