1992 3317
371 145 402 186 ort
418 147 484 188 outo.
781 139 826 186 itt

25 219 105 271 dieitur
113 221 217 275 mosot„
226 221 277 274 llll.
288 223 332 274 Sel
345 223 422 274 edium
434 223 475 274 Dei
489 236 535 274 nou
548 227 691 290 oompulatur
703 224 763 276 iuter
776 237 828 289 spo
855 250 859 257 ·

24 293 68 344 cies
84 295 175 359 peccati
187 294 211 344 in
233 295 341 360 Spiritum
359 299 475 358 sanetum,
490 299 516 345 ut
534 308 563 346 ex
580 295 648 362 suprl
669 297 736 348 dietis
754 300 825 361 pelet.

23 366 82 428 Ergo
95 365 175 416 odium
187 367 230 416 liei
244 381 290 418 non
303 371 338 420 est
351 367 512 430 grrvmsimum
525 372 676 431 peuatomm

55 442 79 490 1.
100 439 214 489 Preterea
222 443 359 504 ,peceatum
372 439 474 490 consistit
490 441 515 490 in
529 438 669 504 elongatione
681 439 696 490 lt
707 440 763 491 ileo.
779 439 827 491 Sed

25 508 97 572 magis
116 508 206 559 violetur
218 523 269 563 esse
279 511 395 574 elongatus
409 511 479 562 llleo
495 511 607 575 infidelis,
619 511 658 575 qni
671 525 714 562 nee
726 512 767 563 liei
785 525 830 562 eo-

26 581 154 643 gnitionem
172 581 259 642 habet,
280 595 349 645 quam
368 583 452 645 tidelis,
469 583 510 646 qni
531 583 611 634 saltem
631 583 738 646 quamuis
755 584 829 635 mom

25 656 161 716 eognoscat,
177 652 253 717 ipsum
266 657 344 703 tamen
358 652 409 704 nolio
421 655 500 704 habu.
513 655 574 718 Ergo
585 654 674 704 ridetur
680 691 689 717 ‚
702 654 763 718 pron
778 669 830 718 gra·

27 724 76 774 vius
93 725 125 776 sit
135 728 254 788 peecatum
265 724 405 776 infidelitatis
418 761 424 786 ‚
441 739 509 790 quam
524 730 643 789 peecatum
654 725 700 776 ollii
711 725 737 775 iu
747 727 827 777 Deum.

57 801 80 846 ³.
102 797 230 858 Preterea,
251 797 311 848 Deus
330 797 427 848 habetur
453 797 505 848 odio
527 798 600 848 solum
625 797 713 848 ratione
736 809 829 847 suorum

28 867 153 918 elieetuum
169 867 210 931 qui
222 871 350 932 repugnant
366 868 495 932 uoluntati,
512 868 572 920 inter
585 881 643 931 quos
654 868 783 932 precipuus
793 871 843 918 est.

26 952 101 1000 poena.
114 937 157 989 Sed
172 937 234 988 odire
250 952 342 1002 posnam
356 943 450 990 nonest
463 940 588 990 maximnm
602 943 754 1005 pennatorum.
765 940 827 1003 Erue

26 1008 103 1060 olium
115 1009 156 1060 oei
166 1023 213 1060 nou
229 1014 265 1060 est
279 1011 402 1062 maximum
415 1014 569 1075 peecatorum.

58 1081 102 1131 Sed
118 1083 198 1132 eontra
211 1084 259 1144 est,
270 1081 330 1145 quod
346 1081 458 1146 «optimo
475 1083 602 1147 opponitur
615 1080 756 1146 possisnam,
770 1096 785 1128 n
804 1086 830 1132 ut

27 1156 89 1216 patet
103 1165 145 1217 per
158 1152 322 1218 Philosophum
339 1153 366 1203 in
383 1153 435 1203 lilll
450 1155 534 1204 litiis.
545 1153 590 1204 Sed
603 1153 680 1204 odium
697 1151 739 1202 liei
755 1165 828 1216 oppo-

29 1225 88 1274 nitur
102 1223 219 1274 dilectioni
229 1223 285 1288 Dei,
300 1225 325 1274 in
338 1237 383 1288 qua
395 1224 502 1277 consistit
521 1224 634 1288 optimum
646 1222 754 1274 hominis.
770 1224 831 1286 Ergo

26 1297 102 1346 odium
118 1295 160 1347 Dei
176 1299 211 1346 est
221 1297 347 1360 pessimum
360 1301 477 1361 peecatum
488 1297 595 1348 hominis.

58 1367 213 1431 (Gonmusro.
228 1393 258 1404 -
268 1366 325 1418 Cium
338 1380 380 1432 per
394 1368 435 1419 llei
447 1367 525 1419 ostium
539 1381 579 1432 per
592 1381 618 1419 se
633 1371 703 1420 lromo
717 1371 832 1418 avertetur

29 1437 41 1488 l
54 1439 114 1500 lleo,
131 1439 206 1503 ipsum
219 1438 259 1490 llei
268 1439 346 1490 odium
358 1439 418 1490 inter
431 1443 526 1504 peoeata
539 1439 701 1504 paruulorum
712 1451 764 1490 esse
774 1451 832 1490 oon·

28 1509 155 1573 seqnitur.)

57 1580 194 1645 Respondes
215 1580 350 1643 lieentum,
364 1579 425 1644 quod
445 1580 658 1645 delectus-peooati
680 1581 785 1632 consistit
806 1581 831 1630 in

27 1651 145 1702 aversione
159 1651 173 1702 l
187 1652 249 1714 lieo,
268 1654 294 1700 ut
308 1650 377 1716 supro
390 1651 474 1702 dietum
487 1655 524 1702 est
538 1652 582 1716 (1).
597 1652 732 1715 liujusrnodi
755 1654 831 1701 aulem

28 1722 117 1774 aversio
126 1723 238 1792 rationem
247 1722 319 1786 enlpe
331 1735 378 1772 nort
389 1722 546 1784 heistetensi
554 1723 682 1772 uoluntaria
691 1725 760 1772 esset.
768 1721 832 1771 llnde

29 1793 87 1844 ratio
101 1794 173 1858 culpe
185 1793 291 1845 consistit
300 1792 324 1844 in
332 1793 460 1844 voluntarla
473 1793 591 1844 aversione
600 1793 614 1843 l
622 1795 677 1845 ileo.
687 1794 742 1843 llaec
754 1793 833 1842 numm

29 1865 159 1916 voluntaria
176 1865 267 1916 aversio
283 1864 369 1926 illae,
386 1878 428 1928 per
442 1877 466 1914 se
480 1864 572 1927 quidem
592 1864 726 1928 importatur
739 1863 764 1912 in
781 1861 840 1913 odio‘

29 1936 84 1999 liei,
100 1937 125 1987 in
139 1937 191 1988 aliis
205 1941 280 1987 summ
292 1935 391 2000 peeeam
407 1934 472 1998 quasi
485 1934 659 2000 participative,
673 1938 697 1985 et
708 1933 833 1984 seeundum

30 2009 106 2072 aliud3
119 2008 177 2059 sieut
196 2007 257 2058 enim
270 2008 376 2058 uolontas
392 2019 433 2070 per
445 2019 469 2058 se
487 2005 587 2057 inheret
601 2007 624 2057 ei
638 2006 698 2069 quod
711 2007 786 2066 amat,
800 2003 833 2054 its

28 2080 157 2131 seeundum
175 2093 200 2130 se
213 2078 296 2142 relugn'l
311 2079 333 2128 id
349 2079 409 2142 quenl
422 2077 471 2128 odit
483 2093 491 2126 ι
505 2079 581 2142 unde,
590 2077 681 2142 qnando
691 2075 772 2140 uliquis
785 2075 835 2126 odit

29 2152 111 2216 Deum,
122 2151 229 2202 voluntas
242 2151 293 2214 ejus
304 2151 427 2200 seeundum
440 2162 464 2200 se
475 2148 488 2200 l
498 2150 545 2199 lieo
558 2150 676 2200 avertitur.
686 2148 731 2198 Sed
745 2147 769 2196 in
782 2147 835 2198 aliis

30 2222 145 2286 peeeatis,
156 2221 212 2287 put'a
225 2235 278 2271 oum
291 2220 373 2285 aliquis
386 2220 511 2272 fornicatur
517 2258 526 2284 ,
538 2234 584 2271 non
596 2220 703 2271 avertitur
713 2218 727 2269 l
737 2220 784 2277 lieo
799 2228 836 2270 se*

31 2297 130 2346 cundum
141 2307 180 2357 se,
201 2293 242 2344 sed
255 2293 379 2344 seeundum
394 2293 469 2355 aliud,
482 2293 506 2344 io
520 2297 631 2358 qnantum
641 2293 728 2343 scilieet
745 2290 833 2355 appetit

29 2366 183 2417 inordinatam
197 2363 386 2425 delectationem,
400 2377 450 2426 que
461 2365 531 2415 habet
542 2377 654 2414 annexam
665 2363 807 2414 aversionem
821 2361 835 2412 l

32 2439 88 2490 ouo.
103 2439 196 2501 Semper
211 2439 287 2486 autem
300 2435 323 2486 iol
335 2437 396 2500 quod
410 2439 444 2486 est
453 2449 493 2500 per
503 2449 544 2500 se,
556 2439 594 2501 est
605 2433 718 2500 potinseo
728 2434 789 2497 quod
799 2436 834 2484 est

32 2509 158 2561 seeundum
167 2507 237 2559 aliud.
248 2509 313 2560 Unde
323 2507 400 2560 odium
410 2507 451 2558 llei
458 2507 518 2558 inter
529 2508 574 2558 alia
582 2510 676 2572 peecata
685 2508 721 2556 est
731 2504 833 2568 granius.

42 2713 45 2718 -
66 2681 97 2744 (1)
113 2681 320 2738 Tuminlruelpsa
329 2685 401 2740 part,
417 2691 457 2735 qu.
468 2677 508 2737 lli,
519 2678 562 2725 nrt.
571 2678 595 2737 3,
605 2678 646 2724 nbi
655 2677 684 2723 le
693 2674 836 2744 infidelitatis

34 2746 159 2804 prailtntos
175 2751 224 2790 tum
234 2745 257 2789 in
269 2743 293 2804 l,
304 2745 329 2803 2,
341 2755 382 2800 qn.
393 2741 433 2799 st,
448 2746 492 2788 art.
503 2742 528 2799 2,
540 2743 581 2786 nbi
594 2742 622 2786 tle
636 2741 714 2788 radiee
726 2743 833 2797 pesestas

34 2808 173 2933 {omnmo
187 2807 352 2865 equleelerrtsr
364 2817 405 2862 qu.
418 2803 465 2864 71,
479 2809 524 2851 art.
536 2803 562 2863 θ,
573 2805 615 2850 ulti
629 2803 719 2862 pseusti
731 2799 835 2847 munins
