1992 3317
284 149 314 187 su
329 149 416 189 ouuuur
431 147 586 193 entmlrrss
789 144 835 192 tte

62 226 96 278 ld
111 224 239 277 smmlum
252 225 384 292 dicendum,
398 228 458 292 qubd
472 229 605 281 Ambrosius
617 228 754 294 loquiturdo
766 227 836 281 dilec-

30 302 91 351 tione
100 303 211 363 quantum
221 299 250 349 ad
260 300 370 351 beueliciu
380 313 431 365 quae
440 302 558 365 pertinent
566 302 596 351 sd
609 301 836 354 communicationem

6 388 7 429 t
30 372 124 435 gratiae,
140 370 229 420 scilieet
246 372 274 421 de
293 371 443 422 iustmctioue
459 386 555 423 morum.
574 374 601 423 lu
619 374 663 424 buc
679 372 743 425 euim
762 374 836 437 magis

5 509 6 513 ἵ
28 444 96 494 debet
108 444 178 492 bomo
193 442 314 496 subuenire
325 442 378 493 liliis
388 443 558 507 spiritualibus,
568 458 626 509 quos
638 444 785 509 spiritualiter
795 459 835 509 ge-

5 534 6 570 r
30 515 94 575 nuit,
107 512 176 579 qulm
189 512 241 564 liliis
254 514 422 579 corporalibus,
431 515 515 580 quibus
527 520 618 567 tenetur
628 516 702 581 magis
713 517 835 581 providere

29 585 220 649 incorporalibus
234 585 353 636 subsidiis.

60 658 97 707 dd
107 655 198 707 tertium
209 657 339 719 dicendum,
348 656 409 721 quod
418 671 447 709 ex
454 660 498 711 boc
506 660 567 723 quod
577 660 629 710 duci
638 660 752 712 exercitus
760 661 835 725 magis

31 728 137 780 obeditur
148 728 172 779 in
183 728 256 795 bello,
269 743 336 794 quam
349 730 409 794 patri
414 766 423 794 ,
438 742 485 781 nou
498 732 606 795 probatur
623 731 684 795 qudd
698 733 834 797 simpliciter

31 805 94 863 pater
112 800 190 851 minus
207 800 321 865 diligatur,
341 801 397 864 sed,
415 802 477 867 qubd
497 802 572 851 miuus
591 801 692 866 diligitur
707 805 833 855 secuudum

31 872 97 935 quid,
112 872 200 937 idest,
214 873 337 923 secundum
349 873 495 925 dilectionem
508 872 596 924 bellico
610 874 831 927 communicationis.

327 1045 486 1097 duciculus
500 1044 540 1094 lll.

35 1160 118 1207 Ulrbm
129 1160 200 1205 domu
214 1172 243 1204 ex
252 1158 369 1205 ctoritate
377 1160 455 1268 meppie
464 1161 545 1205 debeat
559 1159 659 1218 dripere
666 1160 750 1217 fllium
760 1171 834 1217 quom

378 1236 409 1280 pu
420 1236 479 1269 rem.

60 1345 92 1395 ld
108 1354 197 1395 uorum
209 1341 242 1393 sic
254 1340 382 1406 proceditur
395 1340 440 1406 (1).
454 1341 547 1392 Videtur
558 1340 618 1406 qubd
632 1342 700 1392 homo
713 1354 742 1393 ex
756 1341 832 1391 churi-

3 1458 10 1474 ,
32 1420 73 1467 tate
92 1416 168 1479 msps
185 1414 268 1465 debeat
288 1412 380 1477 diligere
398 1412 469 1464 tilium
488 1413 748 1477 qubmpatrem.111um
769 1413 831 1463 euim

3 1478 8 1543 l
34 1488 101 1551 magm
117 1486 228 1537 debemus
241 1483 351 1547 diligere,
364 1484 401 1535 oui
412 1484 484 1549 magis
500 1485 609 1535 debemus
627 1485 769 1535 benefacere.
790 1484 833 1533 Sed

33 1558 101 1622 magu
113 1559 225 1609 debemus
233 1557 367 1607 benefacere
377 1556 444 1621 filiis,
457 1569 526 1619 quum
542 1555 689 1620 parentibus3
701 1556 755 1606 dicit
767 1555 831 1605 enim

32 1630 184 1695 lpostolusll
205 1628 242 1679 ud
255 1631 325 1685 Gor„
345 1628 385 1678 llll
400 1644 406 1677 :
424 1644 438 1675 r
450 1628 503 1678 Nou
519 1628 602 1679 debent
621 1628 663 1679 filii
680 1628 831 1678 thesaurizare

33 1703 176 1765 parentibus,
193 1700 234 1751 sed
250 1704 358 1763 parentes
378 1700 439 1751 liliis.
455 1718 467 1746 u
486 1701 545 1763 Ergo
560 1699 633 1765 magis
653 1705 707 1750 suut
724 1698 833 1763 diligendi

33 1774 82 1836 lrtii,
99 1786 170 1838 quam
184 1774 298 1837 parentes.

61 1852 83 1897 2.
100 1848 229 1909 Procerus,
245 1845 316 1909 gratis
336 1844 426 1909 perluit
443 1848 554 1895 naturam.
573 1845 618 1895 Sed
638 1845 772 1896 naturaliter
791 1857 832 1908 pa-

33 1922 106 1969 rentes
115 1919 171 1982 plus
185 1916 282 1978 dlligurrt
296 1917 354 1967 lilios
361 1952 369 1979 ‚
379 1916 446 1979 quim
456 1917 484 1966 ab
494 1916 528 1966 eis
541 1915 672 1981 diligantur,
684 1920 710 1967 ut
723 1916 830 1967 Philoso-

33 1990 89 2051 plrus
102 1988 160 2040 dicit
173 1988 198 2038 iu
208 1989 267 2039 Vlll.
281 1988 363 2039 Etbir.
374 1988 433 2051 Ergo
447 1988 519 2053 magis
530 1988 639 2039 debemus
655 1988 748 2053 diligere
762 1986 830 2052 lilios,

33 2074 97 2124 quam
110 2064 229 2126 parentes.

64 2138 86 2183 ³.
104 2136 232 2198 Protema,
251 2146 293 2197 per
306 2132 437 2184 charitatem
455 2132 550 2183 affectus
562 2132 661 2182 bominis
676 2133 724 2182 ileo
744 2133 832 2183 uonlor·

35 2208 112 2255 mrtur.
126 2204 172 2256 Sed
185 2205 245 2256 Deus
253 2204 325 2267 mag'm
335 2204 408 2269 diligit
417 2204 475 2256 filios
486 2202 555 2267 quim
564 2201 668 2267 diligetur
678 2204 706 2253 ab
717 2203 760 2253 eis.
772 2202 832 2265 Ergo

2 2268 3 2279 ¹
33 2275 132 2328 etiamst
143 2289 186 2327 uos
198 2277 271 2341 magis
285 2277 393 2327 debemus
404 2276 498 2340 diligere
512 2274 571 2325 lbos
584 2273 652 2337 quim
665 2278 780 2339 parentes.

63 2348 107 2399 Sed
119 2350 200 2398 contra
218 2351 266 2410 est,
282 2349 342 2412 quud
355 2347 486 2399 Ambrosius
505 2344 559 2396 dicit
575 2346 608 2413 (dt
627 2361 633 2395 :
650 2344 752 2396 ‹r'Primb
770 2345 831 2397 Deus

36 2418 159 2483 diligendus
169 2422 213 2481 est,
225 2418 448 2483 corrumperemus,
462 2418 543 2469 deinde
554 2416 608 2481 dlii,
616 2420 669 2481 post
679 2416 807 2468 domestici.
816 2432 830 2463 u

63 2492 222 2554 (Coresusro.
232 2516 263 2529 —
270 2493 410 2556 Quamquam
421 2504 450 2543 ex
464 2493 528 2554 parte
539 2488 655 2554 diligibilis
666 2493 774 2555 parentes
785 2488 832 2540 siut

69 2626 99 2690 (l)
121 2633 154 2677 lle
167 2630 281 2675 bisetium
293 2630 376 2689 mill,
392 2630 470 2681 seur„
484 2630 539 2675 dist.
550 2628 593 2687 29,
607 2634 651 2677 ert.
667 2628 696 2683 'lp
709 2634 735 2674 et
748 2641 789 2685 qu.
802 2628 830 2687 2,

36 2688 61 2734 de
74 2694 162 2751 virtut,
175 2699 218 2737 art.
233 2692 262 2749 9,
279 2694 307 2737 ud
322 2692 363 2747 18;
379 2698 403 2738 et
414 2693 445 2738 ud
459 2693 560 2751 prss„
574 2694 604 2749 V,
618 2693 673 2737 leet.
687 2690 716 2737 lt)
728 2724 734 2750 ,
748 2692 793 2736 col.
807 2690 831 2737 1.

66 2752 98 2816 (2)
114 2756 150 2801 ste
167 2760 234 2801 motat
250 2757 330 2802 dlusse
341 2768 410 2813 super
427 2756 484 2803 illud
503 2755 585 2805 Cant..
595 2756 639 2801 11:
657 2755 790 2800 ordinavit
801 2754 832 2798 trs

35 2818 236 2871 mecharitatem
252 2818 294 2864 sed
312 2825 429 2877 sumptum
439 2825 475 2864 ess
491 2830 521 2863 ex
533 2819 639 2878 origene,
651 2818 738 2863 Homil.
748 2818 791 2862 ΙΙΙ.
806 2816 831 2858 iu

38 2876 117 2931 Cast„
130 2888 156 2926 ut
166 2894 196 2927 ox
205 2878 311 2937 prulesso
323 2888 347 2927 et
360 2880 449 2938 plenius
460 2882 505 2929 lib.
513 2882 556 2929 111.
570 2880 650 2937 Seni-0
661 2880 716 2929 dist.
726 2878 768 2941 2⁹,
779 2876 795 2941 ἓ
805 2876 831 2926 3.
