1992 3317
327 171 359 208 ult
374 170 476 210 moleto.
756 163 802 208 833

62 241 182 307 ltprimum
195 254 247 306 ergo
260 240 389 305 dicendum,
401 241 462 306 qndd
475 242 630 307 pronuntiatio
643 243 745 294 ueritatis
757 257 801 294 uun

38 313 124 378 inportat
132 313 296 378 compulsionem
311 313 339 364 ad
350 315 393 364 hoo
405 312 464 377 quod
481 312 631 378 suscipiatur3
649 317 689 366 sed
707 315 803 366 liberum

38 391 64 436 ost
81 386 185 449 amantque
199 399 248 436 eam
262 385 372 449 recipere,
382 385 419 436 vel
434 399 478 436 non
492 384 593 449 recipere
604 391 671 450 prout
683 387 742 436 vult.
757 387 802 437 Sed

34 458 127 518 ,julleium
135 457 231 520 importat
239 457 358 520 quamdam
369 456 538 520 impulsionem.
546 458 576 506 Et
587 457 638 508 ideo
648 458 759 522 injustum
769 462 803 508 est

34 527 802 594 rpuldallqulsjudieeturabeoqulpublicatuauctoritatemnonhabet.

56 601 86 650 ld
103 601 213 651 amandum
225 599 357 660 dicendum,
378 597 439 663 qutd
455 600 545 664 llopses
562 600 650 651 ridetur
672 601 804 665 lligppttum

32 672 204 736 occidissemus
215 686 243 722 on
252 671 396 736 inspiratione
406 671 483 721 divina
491 671 646 722 auctoritatem
657 674 753 736 adeptus
761 673 805 736 (t),

32 748 51 792 ut
63 743 143 794 ridetur
154 757 192 808 per
204 743 248 793 hoo
261 743 321 806 qnod
339 742 421 792 dieitur
435 742 559 797 Asturum,
575 743 628 804 llll,
647 743 708 807 quod
724 762 738 791 u
751 757 803 808 per-

31 827 87 864 cusso
101 815 198 880 AEgpptio
210 814 336 865 estimabat
348 814 437 879 lttopses
450 813 575 878 intelligere
588 815 670 864 tratres
684 828 736 864 suos
749 828 806 879 quo·

31 886 82 934 niam
100 886 198 937 Dominus
210 899 253 950 per
266 897 357 934 manum
370 885 441 950 ipsius
458 885 522 935 daret
533 886 628 935 salutem
639 885 718 934 lsrael.
734 886 801 936 uvel

31 962 93 1019 polest
108 957 148 1009 dini
164 957 325 1023 pndd'llopses
343 958 426 1008 ooeidit
444 958 574 1022 AEgpptium
587 957 729 1007 defendendo
749 971 802 1007 eum

31 1032 57 1090 pri
72 1029 168 1092 injuniau
188 1029 326 1093 potionatur,
339 1042 391 1078 oum
408 1028 561 1079 moderamine
577 1028 697 1092 inculpate
715 1029 803 1079 tutele.

35 1102 81 1150 {ude
93 1101 215 1151 Ambrosius
226 1099 282 1150 aluit
294 1101 319 1150 iu
330 1100 370 1150 lib.
387 1101 423 1148 De
438 1099 512 1163 Osfie.
524 1099 573 1164 (lilt.
584 1100 603 1162 l,
614 1113 665 1162 eap.
681 1099 731 1162 36),
743 1098 805 1162 quod

31 1170 85 1233 aqui
101 1184 143 1220 uon
156 1171 243 1235 repellit
262 1169 395 1234 injuriant
413 1170 474 1222 socio
491 1183 542 1220 eum
560 1174 648 1234 potest,
663 1172 709 1219 tam
729 1174 765 1220 est
782 1169 805 1218 iu

31 1241 78 1302 itio,
94 1254 155 1306 quam
168 1243 205 1292 ille
219 1243 258 1306 qui
277 1243 338 1292 lauit.
352 1259 366 1289 n
381 1241 412 1290 Et
428 1242 515 1292 inducit
532 1243 659 1306 exemplum
671 1241 751 1305 Mopsi.
764 1241 805 1291 Vel

31 1317 90 1363 *otest
107 1313 148 1363 diei
167 1314 226 1364 siunt
241 1313 295 1364 dioit
312 1313 450 1378 Augustinus
466 1313 490 1362 in
501 1314 667 1377 quaestionibus
677 1313 702 1363 in
718 1313 803 1363 and.

31 1399 63 1447 pu.
75 1384 108 1448 2),
120 1384 178 1448 qurdd
190 1403 203 1434 u
215 1385 273 1436 siout
282 1388 356 1449 terra,
372 1388 423 1435 ante
436 1384 498 1435 utilia
512 1386 612 1445 semina,
625 1386 744 1436 herbarum
755 1385 806 1434 inu·

31 1457 86 1506 lium
109 1457 220 1508 fertilitate
243 1457 359 1520 laudatum
375 1457 407 1506 sio
427 1457 482 1507 illud
500 1458 573 1521 llopsi
590 1458 674 1506 laetum
697 1457 805 1506 uitiosum

31 1530 105 1579 uidem
115 1529 157 1578 luit
165 1567 172 1590 ,
181 1529 220 1579 sed
230 1541 318 1592 magne
326 1527 449 1578 fertilitatis
461 1529 550 1592 signum
560 1528 688 1590 genuinum
698 1532 807 1590 quantum

31 1601 98 1650 tiliuet
105 1606 152 1650 erat
161 1599 249 1664 signum
258 1599 349 1650 uirtutis
359 1599 408 1664 ejus
417 1599 455 1663 qui
463 1599 570 1662 populum
580 1600 715 1648 liberaturus
727 1602 782 1648 erat.
794 1614 808 1643 u

31 1687 41 1721 s
56 1671 154 1722 Phineos
168 1676 243 1722 antem
258 1671 376 1722 dicendum
395 1674 430 1720 est
442 1670 502 1732 qurdd
519 1684 546 1720 ex
556 1669 705 1734 inspiratione
719 1669 807 1732 diuina,

31 1745 59 1794 elo
75 1743 115 1794 liei
133 1745 274 1804 commotus,
288 1743 333 1794 troo
346 1742 399 1792 feeit
409 1757 416 1804 3
428 1743 466 1792 rel
482 1741 552 1804 quia,
567 1742 620 1791 lieet
637 1742 736 1790 nondum
748 1745 810 1791 esset

31 1830 115 1866 rmmus
134 1817 257 1876 sacerdos,
270 1819 318 1865 erat
334 1818 411 1864 tamen
430 1813 491 1864 lilius
503 1814 585 1862 summi
597 1812 732 1876 sacerdotis,
744 1815 768 1862 et
782 1813 809 1862 ad

31 1901 58 1936 lm
73 1890 118 1938 hoo
131 1887 243 1956 judicium
258 1886 397 1951 pertinebat,
410 1886 468 1936 siout
482 1888 505 1935 et
515 1885 543 1934 ad
559 1884 616 1935 ahos
625 1884 714 1949 jndices
727 1883 811 1947 quibus

31 1975 51 2009 ro
64 1961 115 2010 erat
129 1963 279 2023 preceptum.

35 2033 70 2080 dul
89 2031 185 2082 tertium
199 2029 403 2093 dicendumque
416 2031 518 2093 potestas
528 2027 642 2078 secularis
653 2027 756 2077 subditur
767 2027 812 2092 spi·

35 2103 96 2164 uati,
114 2101 176 2152 sieut
194 2115 276 2166 corpus
293 2101 375 2152 animae
392 2103 434 2163 (ut
447 2100 569 2163 Gregorius
588 2099 747 2149 Nazianzenus
758 2099 813 2150 dieit

31 2178 80 2223 rol.
94 2174 146 2236 l'l)
165 2187 171 2222 a
184 2175 208 2223 et
221 2173 274 2223 ideo
284 2185 330 2222 nou
340 2175 374 2222 est
385 2174 519 2234 usurpatum
526 2170 647 2235 judicium,
658 2169 677 2219 si
690 2169 814 2234 spiritualis

31 2247 116 2296 uelatus
135 2259 163 2296 se
180 2243 317 2294 intromittat
336 2243 363 2293 de
382 2241 556 2306 temporalibus,
571 2245 681 2304 quantum
695 2242 723 2290 ad
744 2253 771 2292 ea
789 2242 814 2291 in

32 2318 87 2367 ihus
111 2316 221 2366 subditur
237 2315 258 2366 ei
276 2313 383 2365 secularis
396 2317 511 2379 potestas,
531 2313 569 2363 uel
591 2327 640 2376 que
657 2313 677 2363 ei
693 2312 814 2364 aseentari

31 2391 120 2438 testate
136 2387 308 2450 relinquuntur.

31 2462 66 2510 dd
82 2463 200 2524 quartum
220 2458 353 2518 dicendum,
368 2456 428 2522 quod
445 2457 536 2506 habitus
558 2455 658 2507 scientie
675 2461 699 2507 et
720 2457 815 2521 justitiae

31 2534 53 2579 ut
63 2529 231 2594 perfectiones
240 2526 359 2592 singularis
368 2539 471 2592 personae
482 2543 488 2574 ι
501 2529 525 2577 et
536 2527 588 2576 ideo
598 2541 639 2590 per
650 2541 729 2578 eorum
740 2527 816 2577 doleo·

31 2618 43 2652 u
65 2615 117 2652 non
131 2601 223 2651 dieitur
237 2603 368 2663 usurpatum
382 2599 507 2663 judicium,
521 2598 581 2648 siout
597 2611 638 2662 per
651 2600 764 2650 delectum
775 2614 817 2664 pn-

31 2687 61 2723 rae
77 2671 246 2732 auctoritatis,
262 2683 290 2722 en
301 2683 345 2734 qua
357 2669 467 2734 judicium
476 2669 526 2720 *rim
540 2668 665 2720 coactivam
676 2671 752 2720 habet.

36 2825 63 2886 1)
82 2827 134 2874 Vel
149 2802 281 2874 diuinitate
297 2827 450 2875 admonitus,
466 2830 492 2870 nt
504 2825 646 2882 Augustinus
663 2794 744 2882 uuest.
756 2824 779 2867 11
793 2824 817 2867 in

33 2889 83 2935 od.
98 2889 225 2952 conjicit‚'
232 2895 257 2935 et
266 2902 296 2936 ex
306 2889 388 2936 eodem
398 2901 490 2948 quoque
501 2887 617 2936 Actorum
626 2889 679 2933 loco
692 2887 785 2944 proluat.
