1992 3317
379 97 409 134 oe
424 73 559 134 nonrcruro'.
818 83 864 131 879

23 225 24 228 ,
70 172 139 221 aliam
156 170 278 222 feliciorem
292 183 337 222 nou
349 171 451 234 subjacet
465 171 536 222 litero
545 171 757 232 arbitriolrominis‚
771 173 810 222 sed
821 186 863 235 po·

73 241 148 292 testati
160 241 250 294 divinae.
265 243 294 292 llt
308 243 359 294 ideo
374 255 419 294 non
434 242 487 293 licet
508 244 594 294 homini
607 243 707 308 seipsum
722 244 862 305 interficere,

72 317 98 362 ul
111 314 137 363 ad
156 311 277 364 feliciorem
288 316 388 364 transcat
404 313 493 376 nitam3
510 314 612 365 similiter
622 315 691 365 etiem
702 327 746 364 nec
756 317 782 363 ut
796 327 864 377 quas-

72 383 128 434 libet
140 383 241 434 miserius
255 384 372 449 presentis
390 385 444 436 vita
455 385 549 448 evadat,
564 386 619 448 qnia
629 385 735 434 ultimum
754 385 864 436 mulorum

72 456 140 522 nujus
150 456 202 506 nita
211 459 234 506 et
243 455 341 506 maxime
351 455 460 518 terribile,
470 459 507 506 est
519 469 588 520 mors,
600 459 626 505 nt
634 460 749 521 patetper
760 457 864 508 Philoso-

72 529 142 590 plmm
155 527 179 578 in
193 527 224 576 lll
238 527 321 578 liidie.
333 529 362 576 m
371 527 423 579 ideo
434 526 520 578 inferre
530 527 574 578 sibi
585 532 679 577 mortem
689 528 716 576 ad
728 528 784 577 alias
795 528 865 591 luins

71 598 124 650 uitae
137 597 233 661 injurias
242 599 420 662 eradendas‚est
430 600 506 663 majus
516 599 599 648 malum
607 611 722 650 assumere
733 599 761 648 ad
771 599 864 649 minoris

70 669 126 719 mali
142 669 282 719 vitationem.
295 669 402 720 Similiter
416 669 485 719 ctiam
496 683 542 720 non
558 670 613 719 licet
623 669 723 734 scipsum
737 670 863 720 interimere

70 743 162 804 propter
180 738 271 803 aliquod
284 743 402 803 peccatum
417 741 575 801 commissum,
589 745 637 790 tum
655 741 708 804 quita
721 740 746 790 in
764 743 808 792 luoc
819 741 865 792 sibi

71 810 170 862 maxime
179 814 260 874 nocet,
274 811 334 875 quod
345 811 388 862 sibi
400 811 480 862 adimit
491 812 645 862 necessarium
652 812 795 875 penitentie
806 816 864 863 tem

71 897 127 946 pns3
138 885 186 931 tum
202 881 271 933 etiam
280 883 332 946 quia
342 883 509 934 malefactorem
518 881 620 933 occidere
630 896 676 933 non
689 883 751 943 licet,
766 883 810 933 nisi
823 897 864 947 per

68 954 179 1018 judicium
192 954 288 1017 publicae
298 953 425 1018 potestatis.
440 953 549 1004 Similiter
563 953 632 1004 etiam
646 966 694 1002 non
706 952 760 1003 licet
772 955 865 1004 mulieri

70 1025 168 1088 seipsam
184 1024 295 1086 occidere,
309 1039 337 1075 ne
350 1026 378 1075 ah
392 1025 435 1076 alie
449 1028 616 1089 corrumpatur,
632 1025 686 1088 quia
701 1037 748 1074 non
758 1025 825 1074 deltet
839 1025 864 1074 in

69 1111 96 1147 se
113 1095 253 1146 committere
265 1096 349 1147 crimen
362 1097 494 1159 maximum,
509 1097 570 1159 quod
582 1099 618 1147 est
630 1095 666 1145 sni
676 1095 751 1158 psius
760 1095 863 1155 occisio,

70 1171 95 1217 ut
113 1167 170 1218 vitet
186 1167 262 1218 minus
273 1168 359 1218 crimen
372 1167 480 1218 alienum.
497 1169 549 1218 lton
561 1168 622 1218 enim
633 1170 669 1216 est
678 1167 765 1217 crimen
775 1166 865 1216 mulieri

70 1253 111 1302 per
125 1238 256 1288 violentiam
268 1238 369 1297 niente,
378 1238 531 1288 siconsensus
539 1251 585 1290 uon
595 1238 663 1300 adsit,
677 1238 784 1300 quia-nou
792 1237 866 1300 inqui-

70 1313 137 1360 natur
147 1322 230 1373 corpus
240 1309 285 1360 nisi
299 1311 327 1360 de
339 1323 453 1362 consensu
466 1309 564 1372 mentis,
576 1309 681 1359 utiocto
692 1307 757 1358 dixit.
773 1311 866 1359 censat
885 1296 928 1363 ό
952 1350 962 1361 .

71 1384 146 1432 aarum
153 1380 229 1433 minus
238 1393 288 1431 esse
296 1385 412 1445 peccatam
419 1380 593 1432 fornicationem
600 1381 637 1431 nel
646 1380 789 1441 odolerium,
797 1379 864 1442 quim

71 1451 232 1514 homicidium,
247 1455 272 1502 et
283 1451 397 1516 precipue
411 1453 552 1517 suiipsius:
567 1454 628 1516 qnod
637 1456 672 1502 est
689 1451 863 1514 gravissimum,

71 1523 123 1586 quia
146 1523 253 1588 sibiipsi
273 1526 354 1584 nocet,
366 1524 404 1572 cui
423 1525 546 1574 maximam
561 1523 706 1574 dilectionem
726 1522 808 1584 debet,
829 1525 865 1571 est

71 1595 139 1644 ctiam
156 1593 388 1659 periculosissimum,
402 1595 513 1658 quianon
525 1597 597 1645 restat
610 1597 714 1656 ternpus,
727 1597 753 1642 ut
761 1606 803 1655 per
816 1606 866 1655 pce

71 1665 191 1716 nitentium
209 1665 321 1728 expietur.
334 1665 441 1716 Similiter
455 1663 524 1716 etiam
543 1664 601 1714 nulli
620 1664 675 1714 lieet
687 1664 786 1726 seipsum
801 1664 866 1712 occi-

71 1738 123 1787 dere
141 1738 171 1788 ob
190 1737 294 1787 timorem
312 1750 342 1788 ne
360 1737 487 1788 consentiat
499 1738 524 1786 in
537 1735 736 1800 peccatumque
752 1747 799 1785 non
812 1740 866 1784 snut

70 1809 174 1859 facienda
193 1810 253 1858 mala
266 1811 292 1858 nt
310 1809 406 1858 veniant
422 1809 497 1870 homa,
509 1809 546 1858 vel
564 1810 590 1856 nt
602 1806 702 1856 uitentur
720 1807 793 1868 mala,
807 1819 866 1869 prae·

70 1879 148 1929 sertim
160 1879 248 1930 minora
262 1883 286 1930 et
300 1880 377 1930 minds
392 1883 461 1931 certa.
483 1882 595 1929 incertum
614 1879 675 1928 enim
689 1881 725 1928 est
738 1891 767 1926 au
784 1879 866 1940 aliquis

69 1951 93 1999 in
105 1951 206 2001 turturum
220 1952 346 2002 consentiat
356 1951 380 2000 in
388 1953 520 2015 peccatnm;
533 1953 660 2014 potensest
673 1951 734 2000 enim
747 1951 807 1999 llens
823 1951 865 1999 lno-

71 2022 169 2085 minem,
183 2035 324 2086 quacumque
337 2024 462 2074 tentatione
477 2022 667 2085 superveniente,
681 2021 775 2070 liberare
789 2019 866 2084 dpec-

69 2099 129 2143 ceto.

100 2165 135 2222 Ad
149 2168 255 2228 quartum
269 2165 471 2230 dicendum,qndd
483 2166 542 2215 sicut
555 2163 694 2226 Augustinus
704 2163 760 2213 dicit
768 2162 814 2212 inl
828 2164 866 2211 De

70 2235 151 2286 creet.
173 2238 223 2286 Dei
236 2237 299 2302 (cup.
312 2237 365 2301 tt),
382 2254 396 2288 u
410 2251 453 2287 nec
472 2238 569 2287 Samson
588 2236 653 2286 aliter
669 2238 790 2285 excusatur
806 2234 866 2298 quod

67 2307 171 2370 seipsum
181 2321 233 2358 curn
240 2309 344 2358 hostibus
354 2308 419 2358 ruini
426 2308 507 2358 domis
517 2306 636 2370 oppressit,
648 2306 692 2356 nisi
700 2305 761 2369 quod
769 2307 867 2356 latenter

67 2379 168 2443 Spiritus
180 2383 273 2430 sauctus
282 2381 326 2429 hoc
333 2381 440 2444 jusserat,
453 2380 492 2444 qni
502 2392 543 2442 per
552 2380 614 2428 illum
623 2378 730 2427 miracula
738 2378 843 2427 faciebat.
852 2373 868 2422 »¹

67 2452 95 2499 El
109 2451 216 2501 eamdem
234 2451 345 2500 rationem
355 2452 455 2514 assignat
468 2453 495 2500 dc
506 2451 638 2514 quibusdam
650 2449 736 2499 sanctis
754 2448 866 2514 luminis,

65 2535 120 2584 quae
141 2525 244 2586 tempore
261 2523 426 2585 persecutionis
443 2522 531 2588 seipsas
548 2521 694 2579 occiderunt,
708 2533 803 2583 quarum
816 2532 868 2568 me·
969 2540 970 2547 ε

66 2592 142 2644 moria
166 2594 192 2642 in
210 2593 312 2644 Ecclesia
329 2595 452 2648 celebratur
473 2594 548 2658 (sicut
567 2594 647 2643 eodem
666 2592 734 2654 litero,
751 2603 801 2654 cap.
823 2595 866 2652 to,
966 2632 967 2641 ,

66 2664 146 2716 videre
157 2667 218 2726 cst).

98 2738 135 2786 ad
145 2737 251 2799 parictem
265 2737 397 2799 dicendum,
409 2737 467 2800 qrrdd
484 2737 512 2785 ed
526 2737 679 2786 fortitudinem
693 2735 792 2798 pertinet
809 2733 867 2797 qnod

63 2806 151 2870 aliquis
169 2806 197 2858 ab
212 2806 256 2858 alio
270 2813 363 2860 mortem
376 2809 423 2872 pali
439 2821 485 2858 non
500 2807 597 2870 refugiat
612 2810 706 2871 propter
722 2806 806 2856 honum
822 2805 868 2853 vir·
961 2858 964 2869 ἶ
