1992 3317
127 187 174 239 eoi
240 189 351 235 mentun
367 189 497 241 sueorum,
513 178 605 237 oum.
623 187 690 238 urm,
707 185 763 231 nur.
781 190 817 232 ru.

158 280 181 326 ὃ.
196 274 324 333 mim,
338 268 418 334 Ρθΐὶῐίθ
438 268 474 322 082
491 265 664 347 Wflva
680 266 747 332 W,
760 267 821 319 dm
841 270 940 327 dmm

125 350 169 400 ert.
189 346 233 397 Sed
252 340 315 394 tirn'tt
333 340 409 405 poteo
425 341 494 393 ione
507 337 593 403 eloquii
606 340 684 403 potue
699 338 729 390 eh
746 340 853 394 homine.
868 344 940 412 longo

125 418 189 471 licite
204 416 282 483 potest
300 424 392 478 operere
405 412 433 462 ab
446 424 482 463 eu.

156 490 203 540 Sed
214 490 294 539 eontra
305 488 357 548 est,
367 483 429 549 quii
438 482 521 534 dieitur
527 481 593 545 lere,
604 482 665 534 xiil
677 481 943 544 relinquorum

129 562 169 628 qui
180 559 274 612 contidit
286 560 312 610 iu
324 557 426 609 homine.
440 572 454 604 u

158 634 322 699 (corennum.
332 654 364 671 -·-
376 630 516 693 Quamquam
536 627 561 678 in
580 627 629 678 lteo
646 626 712 689 uolo,
726 630 753 679 ut
768 626 794 678 in
807 628 944 698 principali

124 718 191 759 eausa
202 702 362 765 beatitudiuis,
374 701 405 753 eit
416 700 561 765 sperandum,
571 700 626 751 iieet
640 703 717 751 tumen
732 700 874 766 innomine,
895 710 943 759 vel

123 777 148 828 iu
163 776 207 827 ullu
223 779 340 836 ereetum,
350 776 465 837 tamquam
476 771 594 835 inurente
602 771 735 823 seeuudmm
748 775 774 824 et
787 770 942 828 instrumen-

124 848 178 911 tuti‚
195 848 245 899 utili
258 848 285 897 ud
307 846 493 909 consequendum
511 843 603 907 aliquod
618 844 704 895 iorum
715 846 746 897 ed
761 846 942 901 ieafituiinem

59 962 67 971 .
123 914 264 984 ordinatum,
280 932 344 985 rpem
357 917 496 977 collocare.)

155 993 290 1057 Respondeo
306 991 435 1051 uiuentium,
446 988 507 1053 quod
519 1001 582 1053 sper,
596 988 655 1040 oiuut
662 987 749 1040 dietum
759 992 796 1041 eet
806 990 815 1055 t
824 994 870 1043 ert.
884 996 938 1060 1),

63 1064 67 1069 '
124 1062 168 1116 ruo
182 1064 276 1130 respicit
291 1080 297 1114 :
310 1062 396 1115 miiiuet
408 1062 494 1113 hunum
507 1060 568 1125 quod
581 1060 684 1112 obtinere
693 1061 806 1125 intendit,
820 1064 845 1115 et
861 1068 940 1118 auxi-

122 1134 179 1187 lium
194 1148 234 1201 per
251 1136 310 1199 quod
331 1134 387 1183 illud
413 1133 497 1183 bouum
519 1131 641 1184 obtinetur.
664 1133 752 1185 Bonum
771 1138 850 1186 eutem
868 1141 942 1200 quod

124 1207 203 1273 uliquis
210 1209 287 1269 operat
300 1203 456 1267 obtinendum,
465 1204 535 1255 habet
547 1202 660 1254 rationem
675 1216 750 1256 mure
762 1205 856 1271 floretis3
867 1211 944 1261 euxi-

123 1276 180 1327 lium
190 1279 265 1326 uutem
275 1275 383 1338 perquoi
392 1274 475 1339 uliquis
485 1277 563 1339 eperat
571 1274 626 1325 illuri
636 1274 722 1326 bonnm
729 1276 849 1342 obtinere,
859 1279 944 1333 habet

122 1346 232 1397 rutionem
244 1358 319 1397 urusu
333 1344 464 1397 eitiuientir.
482 1348 510 1395 ln
524 1358 607 1411 genere
626 1350 703 1398 eutem
713 1348 833 1413 utriusque
848 1362 939 1406 ouusae

122 1418 237 1469 invenitur
255 1417 378 1482 principale
400 1421 425 1467 et
443 1417 601 1469 emuudrmum
618 1433 625 1467 ε
643 1417 776 1483 prineiqeiis
796 1420 860 1471 euim
875 1422 941 1477 iinis

122 1491 158 1539 est
172 1487 226 1539 flniu
238 1488 346 1551 ultimus3
360 1487 509 1539 secundarius
522 1492 599 1539 autem
608 1489 661 1539 timis
671 1493 707 1540 est
718 1490 804 1541 burrum
817 1492 882 1554 quoi
893 1502 941 1547 ese

123 1559 151 1609 ud
164 1559 241 1610 tinem.
255 1559 363 1610 Similiter
374 1558 506 1623 principetur
518 1572 588 1610 urum
605 1572 677 1623 aquus
689 1562 726 1611 est
735 1561 832 1625 primum
844 1574 939 1632 egens3

122 1629 320 1682 secundariorum
334 1643 403 1681 eausa
416 1629 521 1681 efficiens
534 1634 570 1681 eet
583 1643 653 1695 agens
666 1631 826 1682 secundarium
840 1632 941 1689 instru-

122 1704 229 1753 mentale.
252 1702 310 1766 Spes
334 1704 410 1751 autem
434 1700 528 1765 respicit
548 1701 713 1753 beatitudiuem
735 1707 846 1754 eternam
869 1706 941 1760 eieut

121 1772 189 1824 fluum
200 1774 319 1835 ultimum,
331 1773 435 1823 divinum
446 1776 523 1821 autem
534 1772 645 1822 auxilinm
654 1773 713 1823 siunt
730 1774 826 1839 primum
833 1789 942 1833 eausam

121 1843 266 1895 inducentem
281 1846 310 1894 ud
318 1842 492 1894 beatitudiuem.
503 1842 568 1893 Sient
580 1857 634 1907 ergo
647 1857 694 1895 non
708 1844 764 1894 treet
779 1859 876 1909 operare
887 1852 941 1905 au.

122 1913 184 1977 quod
203 1914 287 1963 honour
304 1917 386 1978 preter
399 1912 575 1977 beatitudinem,
590 1913 649 1966 sieut
668 1914 772 1966 ultimum
783 1916 875 1983 finem,
891 1926 942 1976 sed

123 1984 196 2033 solum
213 1980 273 2033 sicut
283 1983 306 2033 id
321 1984 380 2049 quui
397 1987 432 2035 est
441 1984 470 2033 uei
483 1984 552 2035 tinem
568 1981 717 2034 beatitudiuis
729 1984 862 2039 ordinatum
873 1990 939 2059 (1);
976 2033 978 2036 .

121 2054 154 2103 iter
165 2052 234 2105 etiarn
251 2065 298 2106 uon
315 2052 369 2106 iicet
386 2068 475 2119 sperare
493 2056 521 2106 de
537 2054 614 2119 aliquo
630 2056 738 2117 homine,
755 2056 792 2108 uel
807 2058 836 2109 rie
851 2059 942 2129 aliqua

121 2128 233 2190 ereatura,
246 2124 304 2177 siout
317 2126 346 2177 de
356 2126 429 2193 primu
438 2139 509 2177 eausa
519 2130 626 2178 mouente
638 2128 665 2178 iu
674 2127 852 2181 beatitudiuem.
864 2132 940 2187 Licet

122 2198 197 2247 auteur
208 2210 298 2263 sperare
312 2196 339 2248 de
352 2199 427 2263 aliquo
440 2198 548 2265 homine,
559 2198 634 2250 uelde
648 2198 725 2263 eliqua
735 2204 855 2267 ereatura,
868 2204 940 2260 sieut

122 2268 150 2319 de
166 2272 247 2331 agente
261 2268 394 2321 monaterio
406 2273 430 2321 et
439 2270 621 2334 instrumenteti,
632 2284 674 2336 per
683 2272 743 2335 quod
761 2273 847 2338 aliquis
862 2276 940 2343 rriJ'u·

121 2342 187 2391 votur
198 2341 226 2391 ad
240 2354 386 2408 quoecumque
400 2342 459 2393 bonu
477 2343 638 2411 consequenda
648 2342 672 2391 iu
685 2342 853 2397 beatitudiuem
865 2351 938 2401 ordi-

121 2412 182 2461 natu.
195 2412 224 2462 lit
234 2414 279 2462 hoe
297 2412 365 2463 modo
382 2414 410 2463 ud
426 2416 518 2465 sunetos
534 2414 695 2477 convertimur,
705 2418 729 2465 et
743 2416 771 2466 ui
789 2418 937 2473 homiuibus

121 2481 191 2533 etium
209 2482 284 2549 aliqua
296 2482 411 2549 petimus;
426 2486 449 2535 et
469 2484 628 2550 vituperantur
643 2484 679 2539 illi
699 2486 727 2537 de
745 2487 830 2555 quibus
843 2492 940 2558 uliquis

121 2554 263 2607 considerare
274 2568 321 2610 uon
332 2558 409 2620 potest
420 2554 448 2607 ad
462 2556 574 2609 auritium
586 2556 717 2609 terendum.

152 2626 181 2675 Et
194 2640 235 2691 per
248 2627 292 2681 hoo
304 2629 369 2693 putet
379 2626 496 2697 responsio
511 2628 540 2682 uu
552 2627 652 2696 obtecto.

155 2792 189 2859 (i)
203 2798 251 2852 omo
266 2808 347 2853 nempe
362 2798 431 2843 modo
442 2800 580 2857 temporalia
593 2795 745 2848 indominica
758 2801 871 2851 oratione
885 2819 938 2858 nos

120 2864 201 2923 petere
209 2859 288 2909 duouit
299 2860 401 2911 ὓωίειιυ
406 2894 417 2923 ,
426 2858 481 2913 eim
492 2863 592 2919 petinet
605 2863 901 2924 quotidianum,
909 2872 939 2920 id

122 2924 379 2987 remuneratorius
392 2929 418 2991 ut
432 2922 458 2976 in
469 2918 697 2997 quotoquoque.
706 2925 746 2998 ii,
756 2927 942 2994 intumum
