1992 3317
142 165 320 208 ure-mrusurrm
333 167 360 204 ru
373 166 473 206 mucius
489 168 521 206 ux
536 165 613 207 ussus
626 165 748 208 sernum.
795 152 843 207 tte

70 243 104 294 dd
116 243 244 298 mcuudum
260 243 378 296 dicendum
388 281 395 304 ,
405 243 465 308 quod
477 244 536 294 sicut
553 244 625 295 uirtus
636 244 786 308 corrumpitur
801 258 843 310 per

41 314 274 380 superabundantium
283 319 307 367 ct
315 317 437 378 delectum,
450 316 482 366 ite
494 316 577 381 uliquis
589 317 615 366 ur
626 317 750 379 indecens,
766 321 790 368 st
802 331 844 382 per

41 389 115 452 majus
134 390 159 438 et
175 387 317 451 perminus.
334 390 363 438 lit
383 391 475 453 propter
489 390 534 440 hoc
547 388 637 452 quidum
655 395 761 440 urcentm·
772 389 786 439 d
798 403 843 454 pa-

43 459 140 510 trocinio
150 459 277 522 prestando
291 459 315 510 in
324 459 409 523 censis,
419 461 472 524 quia
481 464 533 510 scrut
542 458 844 524 mejores'telioiiicio,sirut

42 531 146 596 religiosi
161 535 185 583 et
197 531 286 596 clerici3
302 533 395 596 quidem
413 533 477 597 uero,
491 533 545 597 quie
557 537 610 583 suut
621 533 721 584 minores
738 533 805 598 quern
819 536 845 582 ut

43 603 74 654 eis
94 605 141 658 hoc
159 603 259 654 officiunt
272 607 393 668 competet,
409 605 468 655 sicut
479 605 576 656 intumos
587 609 612 654 et
621 604 733 656 infideles.

73 677 107 726 ud
123 675 219 726 tertium
228 676 358 738 dicendum,
373 676 432 741 quod
443 691 488 728 nou
502 677 535 727 ita
546 677 650 727 imminet
663 677 749 729 homini
762 691 841 729 neces

20 807 21 810 Ἴ
44 751 98 799 sites
121 749 281 812 patrocinandi
300 749 374 800 causis
395 749 503 812 aliorum,
520 750 579 800 sicut
602 750 713 814 propriis,
730 751 783 815 quie
804 750 844 801 elii

43 823 141 884 possunt
156 819 201 872 sici
210 819 275 870 aliter
285 822 406 872 subvenire
419 837 425 871 :
440 822 502 872 unde
514 827 606 874 nonest
618 821 699 873 similis
711 822 779 874 retio.

342 1003 501 1056 cuneolos
516 1003 555 1054 lli.

73 1129 164 1175 Utru'cm
179 1127 308 1174 advocetur
321 1131 411 1188 peccet,
426 1129 447 1172 sl
461 1129 579 1184 injustum
588 1141 685 1194 cecorum
699 1129 820 1179 detrudat}

74 1258 109 1308 ud
122 1256 219 1307 tertium
232 1255 264 1306 sic
273 1255 412 1321 proceditur.
423 1255 517 1306 Videtur
529 1255 590 1320 quod
602 1255 724 1307 advocatus
737 1269 783 1306 non
792 1269 846 1322 pec-

45 1333 93 1393 cet,
101 1329 124 1380 si
132 1328 345 1392 injustumcausenr
355 1329 470 1379 detondet.
480 1327 544 1378 Sicut
555 1329 617 1378 enirn
628 1328 756 1378 ostenditur
765 1329 847 1394 peritia

46 1399 146 1462 medici,
157 1400 180 1450 si
193 1399 347 1451 infirmitatem
361 1401 501 1466 desperatam
512 1403 587 1459 senet,
598 1399 630 1448 itu
639 1399 709 1450 etium
719 1401 848 1451 ostenditur

43 1472 127 1535 peritia
136 1472 256 1534 advocati,
269 1471 289 1523 si
301 1473 411 1536 injustam
421 1484 513 1522 oausam
522 1471 643 1522 defendere
652 1471 733 1534 possit.
746 1472 790 1522 Sed
800 1485 847 1521 me-

44 1545 108 1596 dicus
123 1543 232 1594 laudetur
245 1543 265 1594 si
280 1543 435 1597 infirmitatem
452 1543 595 1606 desperatum
613 1545 685 1592 cuneo.
705 1543 765 1604 Ergo
778 1543 846 1592 etiem

44 1617 170 1668 advocatus
182 1629 228 1666 non
246 1619 339 1679 peccat,
357 1617 395 1666 sed
409 1613 481 1678 magis
497 1613 623 1664 mudsnduc
641 1616 684 1674 est,
699 1614 722 1664 si
738 1614 846 1676 injustum

20 1735 21 1738 ,
44 1700 136 1738 causum
150 1686 268 1738 detondet.
351 1717 356 1730 .

74 1764 98 1808 2.
113 1759 244 1818 Preterec‚
261 1756 274 1806 lu
287 1757 389 1820 quolibet
399 1758 495 1821 peccuto
508 1756 561 1806 licet
575 1756 694 1807 desistere.
714 1756 758 1806 Sed
775 1756 845 1806 adro·

20 1833 22 1892 ζ
45 1832 106 1880 culus
124 1829 235 1894 punitur,
251 1829 274 1879 si
300 1842 390 1879 causam
410 1841 474 1878 mem
497 1828 640 1893 prodiderit,
656 1833 682 1878 ut
701 1828 796 1879 hebetur
817 1829 846 1889 ll,

21 1939 22 1942 η
45 1916 81 1964 qu.
93 1907 108 1952 3
121 1903 168 1966 (t).
182 1903 241 1965 Ergo
255 1902 376 1952 advocatus
389 1916 436 1952 uon
447 1905 527 1965 peccet
540 1901 649 1965 inlunem
662 1913 754 1950 causum
766 1900 846 1950 detsu-

45 1975 127 2037 dendo,
142 1976 163 2025 si
177 1985 228 2024 eam
239 1973 404 2024 defendendum
417 1973 552 2037 susceperit.

75 2050 97 2097 e.
114 2048 245 2106 Preietos,
269 2046 342 2109 majus
364 2045 453 2096 ridetur
476 2057 527 2094 esse
550 2041 717 2109 peceatum,si
738 2042 849 2107 injustitie

45 2120 119 2168 utetur
130 2117 258 2181 adjustum
267 2129 357 2166 censens
369 2116 532 2166 detrudendum
544 2113 616 2178 (pute
624 2115 769 2178 producendo
778 2113 850 2165 teleos

45 2193 127 2250 usos,
145 2189 184 2238 uel
199 2188 316 2252 allegando
330 2188 400 2238 ielses
409 2187 494 2252 leges),
509 2187 576 2250 quim
586 2187 696 2250 injustam
706 2197 798 2241 reusam
811 2185 850 2234 de·

47 2261 179 2322 tendendo;
195 2259 306 2323 quiahoc
320 2263 356 2308 est
372 2262 489 2323 peccatum
503 2258 528 2308 iu
539 2259 628 2319 torma,
644 2256 698 2306 illud
711 2255 737 2305 in
747 2255 849 2306 muteris.

20 2377 21 2384 ,
45 2333 86 2382 Sed
106 2331 199 2382 ridetur
217 2331 325 2382 uduouuto
343 2331 414 2382 licere
428 2330 513 2380 talibus
532 2327 623 2380 astutiis
640 2328 687 2391 nti,
708 2329 765 2378 deut
784 2327 850 2378 militi

46 2403 98 2454 licet
118 2417 148 2454 ex
169 2401 259 2452 insidiis
277 2416 387 2466 pugnero.
402 2403 460 2466 Ergo
479 2401 568 2452 videtur
584 2399 644 2465 quod
664 2401 786 2450 aduncatus
806 2412 868 2461 nous

45 2478 135 2538 peccet,
153 2473 175 2523 si
185 2473 296 2538 injustum
310 2486 402 2525 oensem
413 2474 529 2525 detondet.

77 2636 113 2702 (t)
131 2639 253 2699 Colligitur
269 2651 297 2686 eu
313 2640 440 2697 appendice
456 2639 559 2686 Gratiani
572 2639 601 2683 ed
613 2649 664 2695 cap.
675 2638 704 2684 si
717 2648 789 2696 quem
800 2649 851 2694 poe·

46 2703 170 2752 uetuerit,
193 2702 233 2748 ubi
251 2715 278 2748 ex
299 2702 397 2762 Ulpiano
418 2703 490 2750 refert
513 2703 663 2757 aduocatum,
683 2701 703 2746 si
727 2699 853 2758 prodiderit

46 2777 143 2812 oensem
153 2777 231 2823 suern,
243 2767 318 2824 puniri
330 2772 394 2814 extre
404 2767 510 2814 ordinem
519 2767 605 2823 solere,
620 2765 675 2822 quie
688 2763 852 2822 prevaricator

47 2827 141 2888 proprio
157 2839 206 2874 nou
215 2833 259 2886 est,
273 2835 297 2874 ct
306 2835 433 2892 propterea¹
443 2826 561 2878 ordinarit
573 2829 775 2887 prnrerioetorurn
784 2825 850 2885 pont

48 2897 146 2938 nonest
159 2891 297 2953 puniendus.
343 2943 347 2956 ,
