<?xml version="1.0" encoding="UTF-8"?>
<!DOCTYPE html PUBLIC "-//W3C//DTD XHTML 1.0 Transitional//EN"
    "http://www.w3.org/TR/xhtml1/DTD/xhtml1-transitional.dtd">
<html xmlns="http://www.w3.org/1999/xhtml" xml:lang="en" lang="en">
 <head>
  <title>
</title>
<meta http-equiv="Content-Type" content="text/html;charset=utf-8" />
  <meta name='ocr-system' content='tesseract 3.04.00' />
  <meta name='ocr-capabilities' content='ocr_page ocr_carea ocr_par ocr_line ocrx_word'/>
</head>
<body>
  <div class='ocr_page' id='page_1' title='image "./summatheologica03nicogoog_0714.png"; bbox 0 0 1992 3317; ppageno 0'>
   <div class='ocr_carea' id='block_1_1' title="bbox 128 175 849 228">
    <p class='ocr_par' dir='ltr' id='par_1_1' title="bbox 128 175 849 228">
     <span class='ocr_line' id='line_1_1' title="bbox 128 175 849 228; baseline 0 -3"><span class='ocrx_word' id='word_1_1' title='bbox 128 188 160 226; x_wconf 87' lang='lat' dir='ltr'><strong>os</strong></span> <span class='ocrx_word' id='word_1_2' title='bbox 175 185 283 228; x_wconf 82' lang='lat' dir='ltr'><strong>smnusrs</strong></span> <span class='ocrx_word' id='word_1_3' title='bbox 298 185 440 225; x_wconf 79' lang='lat' dir='ltr'><strong>rsuomrrs</strong></span> <span class='ocrx_word' id='word_1_4' title='bbox 457 184 573 226; x_wconf 71' lang='lat' dir='ltr'><strong>cursous</strong></span> <span class='ocrx_word' id='word_1_5' title='bbox 589 183 768 226; x_wconf 71' lang='lat' dir='ltr'><strong>muneremur.</strong></span> <span class='ocrx_word' id='word_1_6' title='bbox 802 175 849 225; x_wconf 76' lang='lat' dir='ltr'><strong>ill</strong></span> 
     </span>
    </p>
   </div>
   <div class='ocr_carea' id='block_1_2' title="bbox 46 261 852 1032">
    <p class='ocr_par' dir='ltr' id='par_1_2' title="bbox 46 261 851 828">
     <span class='ocr_line' id='line_1_2' title="bbox 47 261 849 328; baseline -0.002 -11"><span class='ocrx_word' id='word_1_7' title='bbox 47 264 156 317; x_wconf 72' lang='lat' dir='ltr'><strong>elabitm</strong></span> <span class='ocrx_word' id='word_1_8' title='bbox 177 264 240 316; x_wconf 86' lang='lat' dir='ltr'><strong>Unde</strong></span> <span class='ocrx_word' id='word_1_9' title='bbox 250 266 275 316; x_wconf 89' lang='lat' dir='ltr'><strong>et</strong></span> <span class='ocrx_word' id='word_1_10' title='bbox 285 262 372 314; x_wconf 79' lang='lat' dir='ltr'><strong>Tullius</strong></span> <span class='ocrx_word' id='word_1_11' title='bbox 385 261 441 313; x_wconf 87' lang='lat' dir='ltr'><strong>dicit</strong></span> <span class='ocrx_word' id='word_1_12' title='bbox 451 262 478 312; x_wconf 91' lang='lat' dir='ltr'><strong>in</strong></span> <span class='ocrx_word' id='word_1_13' title='bbox 488 275 530 312; x_wconf 92' lang='lat' dir='ltr'><strong>sua</strong></span> <span class='ocrx_word' id='word_1_14' title='bbox 541 262 688 321; x_wconf 69' lang='lat' dir='ltr'><strong>dieterico,</strong></span> <span class='ocrx_word' id='word_1_15' title='bbox 703 263 764 328; x_wconf 84' lang='lat' dir='ltr'><strong>qudd</strong></span> <span class='ocrx_word' id='word_1_16' title='bbox 778 265 849 316; x_wconf 85' lang='lat' dir='ltr'><strong>osol-</strong></span> 
     </span>
     <span class='ocr_line' id='line_1_3' title="bbox 47 334 848 400; baseline -0.002 -11"><span class='ocrx_word' id='word_1_17' title='bbox 47 337 143 389; x_wconf 90' lang='lat' dir='ltr'><strong>licitudo</strong></span> <span class='ocrx_word' id='word_1_18' title='bbox 159 338 278 388; x_wconf 82' lang='lat' dir='ltr'><strong>conseruat</strong></span> <span class='ocrx_word' id='word_1_19' title='bbox 294 335 394 400; x_wconf 73' lang='lat' dir='ltr'><strong>integras</strong></span> <span class='ocrx_word' id='word_1_20' title='bbox 411 334 584 386; x_wconf 75' lang='lat' dir='ltr'><strong>simulacrorum</strong></span> <span class='ocrx_word' id='word_1_21' title='bbox 601 335 692 397; x_wconf 71' lang='lat' dir='ltr'><strong>liguas.</strong></span> <span class='ocrx_word' id='word_1_22' title='bbox 710 351 724 383; x_wconf 85' lang='lat' dir='ltr'><strong>u</strong></span> <span class='ocrx_word' id='word_1_23' title='bbox 746 335 848 399; x_wconf 74' lang='lat' dir='ltr'><strong>Quadi,</strong></span> 
     </span>
     <span class='ocr_line' id='line_1_4' title="bbox 46 406 848 474; baseline -0.002 -14"><span class='ocrx_word' id='word_1_24' title='bbox 46 412 140 474; x_wconf 81' lang='lat' dir='ltr'>oportet</span> <span class='ocrx_word' id='word_1_25' title='bbox 148 407 244 472; x_wconf 85' lang='lat' dir='ltr'><strong>quddea</strong></span> <span class='ocrx_word' id='word_1_26' title='bbox 252 407 384 471; x_wconf 72' lang='lat' dir='ltr'><strong>innuentes</strong></span> <span class='ocrx_word' id='word_1_27' title='bbox 392 406 536 470; x_wconf 78' lang='lat' dir='ltr'><strong>meditemur,</strong></span> <span class='ocrx_word' id='word_1_28' title='bbox 545 406 707 470; x_wconf 79' lang='lat' dir='ltr'><strong>quaeuolumus</strong></span> <span class='ocrx_word' id='word_1_29' title='bbox 716 407 848 460; x_wconf 88' lang='lat' dir='ltr'><strong>memorari.</strong></span> 
     </span>
     <span class='ocr_line' id='line_1_5' title="bbox 47 477 850 544; baseline -0.002 -12"><span class='ocrx_word' id='word_1_30' title='bbox 47 481 118 532; x_wconf 89' lang='lat' dir='ltr'><strong>Unde</strong></span> <span class='ocrx_word' id='word_1_31' title='bbox 129 479 280 544; x_wconf 72' lang='lat' dir='ltr'><strong>Philosophus</strong></span> <span class='ocrx_word' id='word_1_32' title='bbox 294 478 350 530; x_wconf 87' lang='lat' dir='ltr'><strong>dicit</strong></span> <span class='ocrx_word' id='word_1_33' title='bbox 363 481 389 528; x_wconf 90' lang='lat' dir='ltr'><strong>lu</strong></span> <span class='ocrx_word' id='word_1_34' title='bbox 401 477 443 528; x_wconf 83' lang='lat' dir='ltr'><strong>lib.</strong></span> <span class='ocrx_word' id='word_1_35' title='bbox 460 478 497 527; x_wconf 88' lang='lat' dir='ltr'><strong>De</strong></span> <span class='ocrx_word' id='word_1_36' title='bbox 511 479 637 528; x_wconf 83' lang='lat' dir='ltr'><strong>memorio</strong></span> <span class='ocrx_word' id='word_1_37' title='bbox 652 478 720 543; x_wconf 87' lang='lat' dir='ltr'><strong>(cap.</strong></span> <span class='ocrx_word' id='word_1_38' title='bbox 733 479 773 544; x_wconf 81' lang='lat' dir='ltr'><strong>t),</strong></span> <span class='ocrx_word' id='word_1_39' title='bbox 787 478 850 544; x_wconf 85' lang='lat' dir='ltr'><strong>qudd</strong></span> 
     </span>
     <span class='ocr_line' id='line_1_6' title="bbox 49 549 850 612; baseline 0.002 -10"><span class='ocrx_word' id='word_1_40' title='bbox 49 549 237 604; x_wconf 73' lang='lat' dir='ltr'><strong>«meditationes</strong></span> <span class='ocrx_word' id='word_1_41' title='bbox 253 549 385 601; x_wconf 84' lang='lat' dir='ltr'><strong>memoriam</strong></span> <span class='ocrx_word' id='word_1_42' title='bbox 399 549 526 612; x_wconf 82' lang='lat' dir='ltr'><strong>saluaut3o</strong></span> <span class='ocrx_word' id='word_1_43' title='bbox 540 549 607 612; x_wconf 87' lang='lat' dir='ltr'><strong>quia,</strong></span> <span class='ocrx_word' id='word_1_44' title='bbox 620 549 680 600; x_wconf 90' lang='lat' dir='ltr'><strong>utin</strong></span> <span class='ocrx_word' id='word_1_45' title='bbox 696 551 778 602; x_wconf 90' lang='lat' dir='ltr'><strong>eudem</strong></span> <span class='ocrx_word' id='word_1_46' title='bbox 791 550 850 604; x_wconf 86' lang='lat' dir='ltr'><strong>lihro</strong></span> 
     </span>
     <span class='ocr_line' id='line_1_7' title="bbox 46 620 847 684; baseline -0.004 -9"><span class='ocrx_word' id='word_1_47' title='bbox 46 623 147 683; x_wconf 89' lang='lat' dir='ltr'><strong>dicitur,</strong></span> <span class='ocrx_word' id='word_1_48' title='bbox 165 622 326 673; x_wconf 73' lang='lat' dir='ltr'><strong>«consuetudo</strong></span> <span class='ocrx_word' id='word_1_49' title='bbox 342 620 550 684; x_wconf 81' lang='lat' dir='ltr'><strong>estquasinatura.</strong></span> <span class='ocrx_word' id='word_1_50' title='bbox 566 637 580 668; x_wconf 87' lang='lat' dir='ltr'><strong>n</strong></span> <span class='ocrx_word' id='word_1_51' title='bbox 594 621 720 684; x_wconf 69' lang='lat' dir='ltr'><strong>liuderus</strong></span> <span class='ocrx_word' id='word_1_52' title='bbox 731 621 847 673; x_wconf 83' lang='lat' dir='ltr'><strong>multoties</strong></span> 
     </span>
     <span class='ocr_line' id='line_1_8' title="bbox 46 691 851 758; baseline 0.001 -13"><span class='ocrx_word' id='word_1_53' title='bbox 46 693 210 758; x_wconf 67' lang='lat' dir='ltr'><strong>intelligimus,</strong></span> <span class='ocrx_word' id='word_1_54' title='bbox 224 691 269 743; x_wconf 86' lang='lat' dir='ltr'><strong>citd</strong></span> <span class='ocrx_word' id='word_1_55' title='bbox 284 692 458 754; x_wconf 73' lang='lat' dir='ltr'><strong>reminiscimur,</strong></span> <span class='ocrx_word' id='word_1_56' title='bbox 468 694 534 756; x_wconf 84' lang='lat' dir='ltr'><strong>quasi</strong></span> <span class='ocrx_word' id='word_1_57' title='bbox 552 691 650 745; x_wconf 90' lang='lat' dir='ltr'><strong>naturali</strong></span> <span class='ocrx_word' id='word_1_58' title='bbox 660 693 757 756; x_wconf 86' lang='lat' dir='ltr'><strong>quodam</strong></span> <span class='ocrx_word' id='word_1_59' title='bbox 770 693 851 746; x_wconf 82' lang='lat' dir='ltr'><strong>udins</strong></span> 
     </span>
     <span class='ocr_line' id='line_1_9' title="bbox 47 763 437 828; baseline -0.008 -12"><span class='ocrx_word' id='word_1_60' title='bbox 47 767 78 817; x_wconf 84' lang='lat' dir='ltr'><strong>ab</strong></span> <span class='ocrx_word' id='word_1_61' title='bbox 94 777 144 816; x_wconf 91' lang='lat' dir='ltr'><strong>uno</strong></span> <span class='ocrx_word' id='word_1_62' title='bbox 159 765 188 814; x_wconf 89' lang='lat' dir='ltr'><strong>ad</strong></span> <span class='ocrx_word' id='word_1_63' title='bbox 204 763 266 817; x_wconf 88' lang='lat' dir='ltr'><strong>aliud</strong></span> <span class='ocrx_word' id='word_1_64' title='bbox 279 764 437 828; x_wconf 84' lang='lat' dir='ltr'><strong>procedentes.</strong></span> 
     </span>
    </p>

    <p class='ocr_par' dir='ltr' id='par_1_3' title="bbox 47 834 852 1032">
     <span class='ocr_line' id='line_1_10' title="bbox 80 834 852 901; baseline 0.001 -14"><span class='ocrx_word' id='word_1_65' title='bbox 80 836 118 888; x_wconf 79' lang='lat' dir='ltr'><strong>ud</strong></span> <span class='ocrx_word' id='word_1_66' title='bbox 134 835 227 887; x_wconf 88' lang='lat' dir='ltr'><strong>tertium</strong></span> <span class='ocrx_word' id='word_1_67' title='bbox 243 835 452 900; x_wconf 82' lang='lat' dir='ltr'><strong>dicendum,un</strong></span> <span class='ocrx_word' id='word_1_68' title='bbox 464 849 493 887; x_wconf 82' lang='lat' dir='ltr'><strong>er</strong></span> <span class='ocrx_word' id='word_1_69' title='bbox 505 834 627 900; x_wconf 79' lang='lat' dir='ltr'><strong>preteritis</strong></span> <span class='ocrx_word' id='word_1_70' title='bbox 637 838 777 900; x_wconf 85' lang='lat' dir='ltr'><strong>oportetnos</strong></span> <span class='ocrx_word' id='word_1_71' title='bbox 785 837 852 901; x_wconf 76' lang='lat' dir='ltr'><strong>quau</strong></span> 
     </span>
     <span class='ocr_line' id='line_1_11' title="bbox 48 907 852 972; baseline 0.007 -15"><span class='ocrx_word' id='word_1_72' title='bbox 48 909 213 972; x_wconf 80' lang='lat' dir='ltr'><strong>argumentum</strong></span> <span class='ocrx_word' id='word_1_73' title='bbox 226 920 315 958; x_wconf 87' lang='lat' dir='ltr'><strong>sumere</strong></span> <span class='ocrx_word' id='word_1_74' title='bbox 328 908 357 960; x_wconf 91' lang='lat' dir='ltr'><strong>de</strong></span> <span class='ocrx_word' id='word_1_75' title='bbox 369 907 465 971; x_wconf 63' lang='lat' dir='ltr'><strong>iuterim</strong></span> <span class='ocrx_word' id='word_1_76' title='bbox 475 909 500 958; x_wconf 90' lang='lat' dir='ltr'><strong>el</strong></span> <span class='ocrx_word' id='word_1_77' title='bbox 510 907 560 958; x_wconf 88' lang='lat' dir='ltr'><strong>ideo</strong></span> <span class='ocrx_word' id='word_1_78' title='bbox 569 907 678 958; x_wconf 86' lang='lat' dir='ltr'><strong>memoris</strong></span> <span class='ocrx_word' id='word_1_79' title='bbox 687 907 852 972; x_wconf 75' lang='lat' dir='ltr'><strong>prouenturum</strong></span> 
     </span>
     <span class='ocr_line' id='line_1_12' title="bbox 47 978 668 1032; baseline -0.002 -1"><span class='ocrx_word' id='word_1_80' title='bbox 47 981 182 1032; x_wconf 76' lang='lat' dir='ltr'><strong>necessaria</strong></span> <span class='ocrx_word' id='word_1_81' title='bbox 197 983 234 1031; x_wconf 87' lang='lat' dir='ltr'><strong>est</strong></span> <span class='ocrx_word' id='word_1_82' title='bbox 246 980 274 1031; x_wconf 87' lang='lat' dir='ltr'><strong>ad</strong></span> <span class='ocrx_word' id='word_1_83' title='bbox 284 978 344 1032; x_wconf 81' lang='lat' dir='ltr'><strong>bend</strong></span> <span class='ocrx_word' id='word_1_84' title='bbox 352 979 519 1031; x_wconf 88' lang='lat' dir='ltr'><strong>consiliandum</strong></span> <span class='ocrx_word' id='word_1_85' title='bbox 531 980 560 1032; x_wconf 87' lang='lat' dir='ltr'><strong>ds</strong></span> <span class='ocrx_word' id='word_1_86' title='bbox 576 979 668 1030; x_wconf 87' lang='lat' dir='ltr'><strong>tuturis.</strong></span> 
     </span>
    </p>
   </div>
   <div class='ocr_carea' id='block_1_3' title="bbox 215 1160 699 1343">
    <p class='ocr_par' dir='ltr' id='par_1_4' title="bbox 215 1160 699 1343">
     <span class='ocr_line' id='line_1_13' title="bbox 352 1160 552 1216; baseline -0.005 -5"><span class='ocrx_word' id='word_1_87' title='bbox 352 1160 511 1216; x_wconf 69' lang='lat' dir='ltr'><strong>ninculus</strong></span> <span class='ocrx_word' id='word_1_88' title='bbox 524 1161 552 1214; x_wconf 88' lang='grc' dir='ltr'><strong>ΙΙ.</strong></span> 
     </span>
     <span class='ocr_line' id='line_1_14' title="bbox 215 1284 699 1343; baseline 0.004 -12"><span class='ocrx_word' id='word_1_89' title='bbox 215 1284 699 1343; x_wconf 71' lang='lat' dir='ltr'><strong>Utrumintellsctussitporsprudeotios.</strong></span> 
     </span>
    </p>
   </div>
   <div class='ocr_carea' id='block_1_4' title="bbox 47 1412 859 2558">
    <p class='ocr_par' dir='ltr' id='par_1_5' title="bbox 47 1412 855 1765">
     <span class='ocr_line' id='line_1_15' title="bbox 81 1412 851 1478; baseline 0.001 -12"><span class='ocrx_word' id='word_1_90' title='bbox 81 1414 119 1466; x_wconf 74' lang='lat' dir='ltr'><strong>ud</strong></span> <span class='ocrx_word' id='word_1_91' title='bbox 139 1412 265 1464; x_wconf 78' lang='lat' dir='ltr'><strong>secundum</strong></span> <span class='ocrx_word' id='word_1_92' title='bbox 282 1412 317 1462; x_wconf 86' lang='lat' dir='ltr'><strong>sie</strong></span> <span class='ocrx_word' id='word_1_93' title='bbox 331 1412 460 1477; x_wconf 80' lang='lat' dir='ltr'><strong>proceditur</strong></span> <span class='ocrx_word' id='word_1_94' title='bbox 467 1412 514 1477; x_wconf 85' lang='lat'><strong>(1).</strong></span> <span class='ocrx_word' id='word_1_95' title='bbox 529 1413 624 1464; x_wconf 84' lang='lat' dir='ltr'><strong>Videtur</strong></span> <span class='ocrx_word' id='word_1_96' title='bbox 638 1413 700 1478; x_wconf 81' lang='lat' dir='ltr'><strong>qudi</strong></span> <span class='ocrx_word' id='word_1_97' title='bbox 721 1415 851 1468; x_wconf 83' lang='lat' dir='ltr'><strong>intellectus</strong></span> 
     </span>
     <span class='ocr_line' id='line_1_16' title="bbox 48 1481 854 1550; baseline 0 -12"><span class='ocrx_word' id='word_1_98' title='bbox 48 1484 147 1540; x_wconf 80' lang='lat' dir='ltr'><strong>nonsit</strong></span> <span class='ocrx_word' id='word_1_99' title='bbox 162 1498 216 1550; x_wconf 77' lang='lat' dir='ltr'><strong>pars</strong></span> <span class='ocrx_word' id='word_1_100' title='bbox 232 1483 461 1548; x_wconf 63' lang='lat' dir='ltr'><strong>predecessorum</strong></span> <span class='ocrx_word' id='word_1_101' title='bbox 479 1481 541 1535; x_wconf 79' lang='lat' dir='ltr'><strong>enim</strong></span> <span class='ocrx_word' id='word_1_102' title='bbox 554 1497 606 1548; x_wconf 81' lang='lat' dir='ltr'><strong>oum</strong></span> <span class='ocrx_word' id='word_1_103' title='bbox 625 1499 654 1536; x_wconf 82' lang='lat' dir='ltr'><strong>ex</strong></span> <span class='ocrx_word' id='word_1_104' title='bbox 665 1487 772 1550; x_wconf 88' lang='lat' dir='ltr'><strong>opposito</strong></span> <span class='ocrx_word' id='word_1_105' title='bbox 794 1487 854 1538; x_wconf 87' lang='lat' dir='ltr'><strong>diui·</strong></span> 
     </span>
     <span class='ocr_line' id='line_1_17' title="bbox 49 1555 854 1622; baseline -0.004 -12"><span class='ocrx_word' id='word_1_106' title='bbox 49 1562 155 1619; x_wconf 89' lang='lat' dir='ltr'><strong>dautur,</strong></span> <span class='ocrx_word' id='word_1_107' title='bbox 174 1570 246 1608; x_wconf 89' lang='lat' dir='ltr'><strong>uuum</strong></span> <span class='ocrx_word' id='word_1_108' title='bbox 257 1569 303 1607; x_wconf 92' lang='lat' dir='ltr'><strong>nou</strong></span> <span class='ocrx_word' id='word_1_109' title='bbox 321 1559 357 1606; x_wconf 84' lang='lat' dir='ltr'><strong>est</strong></span> <span class='ocrx_word' id='word_1_110' title='bbox 370 1569 422 1620; x_wconf 88' lang='lat' dir='ltr'><strong>pars</strong></span> <span class='ocrx_word' id='word_1_111' title='bbox 439 1555 541 1608; x_wconf 82' lang='lat' dir='ltr'><strong>ulterius.</strong></span> <span class='ocrx_word' id='word_1_112' title='bbox 558 1555 603 1608; x_wconf 81' lang='lat' dir='ltr'><strong>Sed</strong></span> <span class='ocrx_word' id='word_1_113' title='bbox 615 1555 746 1608; x_wconf 84' lang='lat' dir='ltr'><strong>intellectus</strong></span> <span class='ocrx_word' id='word_1_114' title='bbox 762 1559 854 1622; x_wconf 87' lang='lat' dir='ltr'><strong>ponitur</strong></span> 
     </span>
     <span class='ocr_line' id='line_1_18' title="bbox 47 1627 855 1692; baseline -0.005 -10"><span class='ocrx_word' id='word_1_115' title='bbox 47 1632 129 1682; x_wconf 80' lang='lat' dir='ltr'><strong>uirtus</strong></span> <span class='ocrx_word' id='word_1_116' title='bbox 152 1628 314 1680; x_wconf 86' lang='lat' dir='ltr'><strong>intellectualis</strong></span> <span class='ocrx_word' id='word_1_117' title='bbox 339 1627 456 1678; x_wconf 74' lang='lat' dir='ltr'><strong>condivisa</strong></span> <span class='ocrx_word' id='word_1_118' title='bbox 476 1627 618 1691; x_wconf 86' lang='lat' dir='ltr'><strong>prudentias,</strong></span> <span class='ocrx_word' id='word_1_119' title='bbox 641 1629 668 1678; x_wconf 85' lang='lat' dir='ltr'><strong>ut</strong></span> <span class='ocrx_word' id='word_1_120' title='bbox 688 1631 752 1692; x_wconf 90' lang='lat' dir='ltr'><strong>patet</strong></span> <span class='ocrx_word' id='word_1_121' title='bbox 774 1629 799 1678; x_wconf 92' lang='lat' dir='ltr'><strong>iu</strong></span> <span class='ocrx_word' id='word_1_122' title='bbox 825 1629 855 1678; x_wconf 79' lang='lat' dir='ltr'><strong>vt</strong></span> 
     </span>
     <span class='ocr_line' id='line_1_19' title="bbox 48 1698 822 1765; baseline -0.008 -11"><span class='ocrx_word' id='word_1_123' title='bbox 48 1702 140 1755; x_wconf 71' lang='lat' dir='ltr'><strong>stuic.</strong></span> <span class='ocrx_word' id='word_1_124' title='bbox 152 1700 198 1765; x_wconf 73' lang='lat' dir='ltr'><strong>(t).</strong></span> <span class='ocrx_word' id='word_1_125' title='bbox 210 1701 270 1764; x_wconf 77' lang='lat' dir='ltr'><strong>Ergo</strong></span> <span class='ocrx_word' id='word_1_126' title='bbox 281 1700 413 1750; x_wconf 84' lang='lat' dir='ltr'><strong>intellectus</strong></span> <span class='ocrx_word' id='word_1_127' title='bbox 426 1711 473 1750; x_wconf 89' lang='lat' dir='ltr'><strong>nou</strong></span> <span class='ocrx_word' id='word_1_128' title='bbox 481 1699 549 1750; x_wconf 87' lang='lat' dir='ltr'><strong>debet</strong></span> <span class='ocrx_word' id='word_1_129' title='bbox 558 1698 613 1762; x_wconf 88' lang='lat' dir='ltr'><strong>poni</strong></span> <span class='ocrx_word' id='word_1_130' title='bbox 626 1709 679 1764; x_wconf 86' lang='lat' dir='ltr'><strong>pars</strong></span> <span class='ocrx_word' id='word_1_131' title='bbox 688 1699 822 1764; x_wconf 77' lang='lat' dir='ltr'><strong>prudentias.</strong></span> 
     </span>
    </p>

    <p class='ocr_par' dir='ltr' id='par_1_6' title="bbox 48 1770 857 2113">
     <span class='ocr_line' id='line_1_20' title="bbox 81 1770 853 1836; baseline -0.006 -11"><span class='ocrx_word' id='word_1_132' title='bbox 81 1781 109 1825; x_wconf 73' lang='grc' dir='ltr'><strong>Ξ.</strong></span> <span class='ocrx_word' id='word_1_133' title='bbox 124 1774 255 1833; x_wconf 74' lang='lat' dir='ltr'><strong>Pretsrea,</strong></span> <span class='ocrx_word' id='word_1_134' title='bbox 270 1771 398 1823; x_wconf 86' lang='lat' dir='ltr'><strong>intellectus</strong></span> <span class='ocrx_word' id='word_1_135' title='bbox 412 1770 502 1836; x_wconf 89' lang='lat' dir='ltr'><strong>ponitur</strong></span> <span class='ocrx_word' id='word_1_136' title='bbox 518 1770 648 1823; x_wconf 85' lang='lat' dir='ltr'><strong>intendens</strong></span> <span class='ocrx_word' id='word_1_137' title='bbox 661 1770 759 1836; x_wconf 87' lang='lat' dir='ltr'><strong>Spiritus</strong></span> <span class='ocrx_word' id='word_1_138' title='bbox 772 1771 853 1832; x_wconf 80' lang='lat' dir='ltr'><strong>saneti,</strong></span> 
     </span>
     <span class='ocr_line' id='line_1_21' title="bbox 48 1841 852 1909; baseline -0.009 -10"><span class='ocrx_word' id='word_1_139' title='bbox 48 1852 73 1899; x_wconf 89' lang='lat' dir='ltr'><strong>et</strong></span> <span class='ocrx_word' id='word_1_140' title='bbox 86 1844 253 1908; x_wconf 83' lang='lat' dir='ltr'><strong>correspondet</strong></span> <span class='ocrx_word' id='word_1_141' title='bbox 268 1843 335 1906; x_wconf 88' lang='lat' dir='ltr'><strong>tidei,</strong></span> <span class='ocrx_word' id='word_1_142' title='bbox 349 1846 375 1893; x_wconf 89' lang='lat' dir='ltr'><strong>ut</strong></span> <span class='ocrx_word' id='word_1_143' title='bbox 394 1843 462 1909; x_wconf 77' lang='lat' dir='ltr'><strong>sopri</strong></span> <span class='ocrx_word' id='word_1_144' title='bbox 474 1841 579 1893; x_wconf 85' lang='lat' dir='ltr'><strong>habitum</strong></span> <span class='ocrx_word' id='word_1_145' title='bbox 597 1845 635 1893; x_wconf 88' lang='lat' dir='ltr'><strong>est·</strong></span> <span class='ocrx_word' id='word_1_146' title='bbox 648 1842 700 1908; x_wconf 84' lang='lat' dir='ltr'><strong>(qu.</strong></span> <span class='ocrx_word' id='word_1_147' title='bbox 712 1846 735 1906; x_wconf 84' lang='lat'><strong>8,</strong></span> <span class='ocrx_word' id='word_1_148' title='bbox 749 1845 792 1892; x_wconf 89' lang='lat' dir='ltr'><strong>art.</strong></span> <span class='ocrx_word' id='word_1_149' title='bbox 813 1844 852 1903; x_wconf 72' lang='lat' dir='ltr'><strong>t).</strong></span> 
     </span>
     <span class='ocr_line' id='line_1_22' title="bbox 48 1913 857 1981; baseline -0.009 -11"><span class='ocrx_word' id='word_1_150' title='bbox 48 1920 98 1970; x_wconf 86' lang='lat' dir='ltr'><strong>Sed</strong></span> <span class='ocrx_word' id='word_1_151' title='bbox 114 1915 240 1981; x_wconf 84' lang='lat' dir='ltr'><strong>prudentia</strong></span> <span class='ocrx_word' id='word_1_152' title='bbox 253 1918 289 1966; x_wconf 86' lang='lat' dir='ltr'><strong>est</strong></span> <span class='ocrx_word' id='word_1_153' title='bbox 302 1914 346 1965; x_wconf 85' lang='lat' dir='ltr'><strong>ulia</strong></span> <span class='ocrx_word' id='word_1_154' title='bbox 363 1913 511 1965; x_wconf 80' lang='lat' dir='ltr'><strong>uirtuslalide</strong></span> <span class='ocrx_word' id='word_1_155' title='bbox 525 1951 531 1976; x_wconf 89' lang='lat'>‚</span> <span class='ocrx_word' id='word_1_156' title='bbox 545 1917 572 1964; x_wconf 82' lang='lat' dir='ltr'><strong>ut</strong></span> <span class='ocrx_word' id='word_1_157' title='bbox 589 1927 630 1979; x_wconf 90' lang='lat' dir='ltr'><strong>per</strong></span> <span class='ocrx_word' id='word_1_158' title='bbox 646 1913 713 1978; x_wconf 77' lang='lat' dir='ltr'><strong>suprl</strong></span> <span class='ocrx_word' id='word_1_159' title='bbox 724 1913 857 1978; x_wconf 86' lang='lat' dir='ltr'><strong>dictapatot</strong></span> 
     </span>
     <span class='ocr_line' id='line_1_23' title="bbox 50 1985 856 2055; baseline -0.006 -14"><span class='ocrx_word' id='word_1_160' title='bbox 50 1994 96 2055; x_wconf 81' lang='lat' dir='ltr'><strong>(d,</strong></span> <span class='ocrx_word' id='word_1_161' title='bbox 108 1993 136 2047; x_wconf 65' lang='grc' dir='ltr'><strong>Ξ,</strong></span> <span class='ocrx_word' id='word_1_162' title='bbox 146 2002 187 2052; x_wconf 79' lang='lat' dir='ltr'><strong>qu.</strong></span> <span class='ocrx_word' id='word_1_163' title='bbox 204 1991 248 2051; x_wconf 75' lang='lat' dir='ltr'><strong>dt,</strong></span> <span class='ocrx_word' id='word_1_164' title='bbox 263 1990 306 2037; x_wconf 79' lang='lat' dir='ltr'><strong>art</strong></span> <span class='ocrx_word' id='word_1_165' title='bbox 321 1985 360 2051; x_wconf 73' lang='lat' dir='ltr'><strong>s).</strong></span> <span class='ocrx_word' id='word_1_166' title='bbox 373 1987 433 2050; x_wconf 75' lang='lat' dir='ltr'><strong>urge</strong></span> <span class='ocrx_word' id='word_1_167' title='bbox 445 1985 574 2039; x_wconf 88' lang='lat' dir='ltr'><strong>intellectus</strong></span> <span class='ocrx_word' id='word_1_168' title='bbox 587 1999 633 2038; x_wconf 91' lang='lat' dir='ltr'><strong>non</strong></span> <span class='ocrx_word' id='word_1_169' title='bbox 647 1986 748 2052; x_wconf 84' lang='lat' dir='ltr'><strong>pertinet</strong></span> <span class='ocrx_word' id='word_1_170' title='bbox 760 1987 789 2038; x_wconf 91' lang='lat' dir='ltr'><strong>ad</strong></span> <span class='ocrx_word' id='word_1_171' title='bbox 802 2001 856 2051; x_wconf 87' lang='lat' dir='ltr'><strong>pru-</strong></span> 
     </span>
     <span class='ocr_line' id='line_1_24' title="bbox 50 2060 604 2113; baseline -0.004 -1"><span class='ocrx_word' id='word_1_172' title='bbox 50 2060 168 2113; x_wconf 86' lang='lat' dir='ltr'><strong>dentiam.</strong></span> <span class='ocrx_word' id='word_1_173' title='bbox 599 2104 604 2110; x_wconf 76' lang='grc'><strong><em>,</em></strong></span> 
     </span>
    </p>

    <p class='ocr_par' dir='ltr' id='par_1_7' title="bbox 49 2129 859 2412">
     <span class='ocr_line' id='line_1_25' title="bbox 85 2129 859 2194; baseline -0.003 -12"><span class='ocrx_word' id='word_1_174' title='bbox 85 2137 110 2182; x_wconf 75' lang='grc'><strong>3.</strong></span> <span class='ocrx_word' id='word_1_175' title='bbox 134 2133 263 2186; x_wconf 73' lang='lat' dir='ltr'><strong>praterea,</strong></span> <span class='ocrx_word' id='word_1_176' title='bbox 284 2129 404 2194; x_wconf 86' lang='lat' dir='ltr'><strong>prudentia</strong></span> <span class='ocrx_word' id='word_1_177' title='bbox 424 2133 461 2181; x_wconf 90' lang='lat' dir='ltr'><strong>est</strong></span> <span class='ocrx_word' id='word_1_178' title='bbox 482 2129 631 2193; x_wconf 81' lang='lat' dir='ltr'><strong>singularium</strong></span> <span class='ocrx_word' id='word_1_179' title='bbox 651 2129 813 2194; x_wconf 88' lang='lat' dir='ltr'><strong>operabilium,</strong></span> <span class='ocrx_word' id='word_1_180' title='bbox 832 2133 859 2180; x_wconf 91' lang='lat' dir='ltr'><strong>ut</strong></span> 
     </span>
     <span class='ocr_line' id='line_1_26' title="bbox 50 2201 859 2266; baseline -0.004 -10"><span class='ocrx_word' id='word_1_181' title='bbox 50 2205 141 2256; x_wconf 84' lang='lat' dir='ltr'><strong>dicitur</strong></span> <span class='ocrx_word' id='word_1_182' title='bbox 154 2202 178 2252; x_wconf 92' lang='lat' dir='ltr'><strong>iu</strong></span> <span class='ocrx_word' id='word_1_183' title='bbox 191 2203 222 2252; x_wconf 83' lang='lat' dir='ltr'><strong>Vl</strong></span> <span class='ocrx_word' id='word_1_184' title='bbox 234 2203 319 2252; x_wconf 77' lang='lat' dir='ltr'><strong>Ettic,</strong></span> <span class='ocrx_word' id='word_1_185' title='bbox 337 2202 383 2254; x_wconf 86' lang='lat' dir='ltr'><strong>Sed</strong></span> <span class='ocrx_word' id='word_1_186' title='bbox 398 2201 526 2254; x_wconf 86' lang='lat' dir='ltr'><strong>intellectus</strong></span> <span class='ocrx_word' id='word_1_187' title='bbox 542 2204 578 2252; x_wconf 85' lang='lat' dir='ltr'><strong>est</strong></span> <span class='ocrx_word' id='word_1_188' title='bbox 590 2201 751 2253; x_wconf 84' lang='lat' dir='ltr'><strong>uniuersalium</strong></span> <span class='ocrx_word' id='word_1_189' title='bbox 766 2213 859 2266; x_wconf 79' lang='lat' dir='ltr'><strong>coguos·</strong></span> 
     </span>
     <span class='ocr_line' id='line_1_27' title="bbox 49 2271 857 2338; baseline -0.002 -12"><span class='ocrx_word' id='word_1_190' title='bbox 49 2276 140 2326; x_wconf 81' lang='lat' dir='ltr'><strong>citisus</strong></span> <span class='ocrx_word' id='word_1_191' title='bbox 156 2276 181 2324; x_wconf 88' lang='lat' dir='ltr'><strong>et</strong></span> <span class='ocrx_word' id='word_1_192' title='bbox 197 2271 388 2338; x_wconf 85' lang='lat' dir='ltr'><strong>immaterialium,</strong></span> <span class='ocrx_word' id='word_1_193' title='bbox 398 2277 496 2338; x_wconf 87' lang='lat' dir='ltr'><strong>utpatet</strong></span> <span class='ocrx_word' id='word_1_194' title='bbox 505 2273 529 2323; x_wconf 92' lang='lat' dir='ltr'><strong>iu</strong></span> <span class='ocrx_word' id='word_1_195' title='bbox 539 2274 569 2324; x_wconf 92' lang='lat' dir='ltr'><strong>lll</strong></span> <span class='ocrx_word' id='word_1_196' title='bbox 581 2275 619 2324; x_wconf 84' lang='lat' dir='ltr'><strong>De</strong></span> <span class='ocrx_word' id='word_1_197' title='bbox 632 2275 720 2325; x_wconf 82' lang='lat' dir='ltr'><strong>animo</strong></span> <span class='ocrx_word' id='word_1_198' title='bbox 730 2275 795 2338; x_wconf 87' lang='lat' dir='ltr'><strong>(text.</strong></span> <span class='ocrx_word' id='word_1_199' title='bbox 808 2275 857 2338; x_wconf 79' lang='lat'><strong>38).</strong></span> 
     </span>
     <span class='ocr_line' id='line_1_28' title="bbox 50 2345 584 2412; baseline 0 -15"><span class='ocrx_word' id='word_1_200' title='bbox 50 2348 115 2412; x_wconf 83' lang='lat' dir='ltr'><strong>Ergo</strong></span> <span class='ocrx_word' id='word_1_201' title='bbox 129 2345 263 2397; x_wconf 87' lang='lat' dir='ltr'><strong>intellectus</strong></span> <span class='ocrx_word' id='word_1_202' title='bbox 276 2358 322 2396; x_wconf 91' lang='lat' dir='ltr'><strong>nou</strong></span> <span class='ocrx_word' id='word_1_203' title='bbox 334 2349 369 2396; x_wconf 87' lang='lat' dir='ltr'><strong>est</strong></span> <span class='ocrx_word' id='word_1_204' title='bbox 381 2358 434 2410; x_wconf 90' lang='lat' dir='ltr'><strong>pars</strong></span> <span class='ocrx_word' id='word_1_205' title='bbox 449 2345 584 2410; x_wconf 86' lang='lat' dir='ltr'><strong>prudentiae.</strong></span> 
     </span>
    </p>

    <p class='ocr_par' dir='ltr' id='par_1_8' title="bbox 50 2417 859 2558">
     <span class='ocr_line' id='line_1_29' title="bbox 85 2417 859 2484; baseline 0 -14"><span class='ocrx_word' id='word_1_206' title='bbox 85 2419 136 2470; x_wconf 86' lang='lat' dir='ltr'><strong>sed</strong></span> <span class='ocrx_word' id='word_1_207' title='bbox 150 2420 230 2469; x_wconf 82' lang='lat' dir='ltr'><strong>eontra</strong></span> <span class='ocrx_word' id='word_1_208' title='bbox 237 2421 287 2474; x_wconf 86' lang='lat' dir='ltr'><strong>est,</strong></span> <span class='ocrx_word' id='word_1_209' title='bbox 296 2418 358 2481; x_wconf 80' lang='lat' dir='ltr'><strong>quod</strong></span> <span class='ocrx_word' id='word_1_210' title='bbox 369 2417 457 2469; x_wconf 85' lang='lat' dir='ltr'><strong>&#39;tullius</strong></span> <span class='ocrx_word' id='word_1_211' title='bbox 468 2417 534 2482; x_wconf 89' lang='lat' dir='ltr'><strong>pouit</strong></span> <span class='ocrx_word' id='word_1_212' title='bbox 544 2433 557 2466; x_wconf 83' lang='lat' dir='ltr'><strong>o</strong></span> <span class='ocrx_word' id='word_1_213' title='bbox 567 2417 739 2482; x_wconf 75' lang='lat' dir='ltr'><strong>intelligentiam</strong></span> <span class='ocrx_word' id='word_1_214' title='bbox 747 2433 762 2467; x_wconf 83' lang='lat' dir='ltr'><strong>o</strong></span> <span class='ocrx_word' id='word_1_215' title='bbox 771 2422 859 2484; x_wconf 84' lang='lat' dir='ltr'><strong>partem</strong></span> 
     </span>
     <span class='ocr_line' id='line_1_30' title="bbox 50 2489 857 2558; baseline -0.004 -16"><span class='ocrx_word' id='word_1_216' title='bbox 50 2490 202 2558; x_wconf 80' lang='lat' dir='ltr'><strong>prudentiae,</strong></span> <span class='ocrx_word' id='word_1_217' title='bbox 218 2491 243 2542; x_wconf 89' lang='lat' dir='ltr'><strong>st</strong></span> <span class='ocrx_word' id='word_1_218' title='bbox 255 2489 382 2541; x_wconf 82' lang='lat' dir='ltr'><strong>ldsmobius</strong></span> <span class='ocrx_word' id='word_1_219' title='bbox 395 2490 567 2554; x_wconf 73' lang='lat' dir='ltr'><strong>«intellectum,</strong></span> <span class='ocrx_word' id='word_1_220' title='bbox 577 2505 591 2537; x_wconf 86' lang='lat' dir='ltr'><strong>o</strong></span> <span class='ocrx_word' id='word_1_221' title='bbox 600 2490 661 2554; x_wconf 79' lang='lat' dir='ltr'><strong>qood</strong></span> <span class='ocrx_word' id='word_1_222' title='bbox 674 2491 699 2544; x_wconf 89' lang='lat' dir='ltr'><strong>in</strong></span> <span class='ocrx_word' id='word_1_223' title='bbox 714 2490 776 2542; x_wconf 90' lang='lat' dir='ltr'><strong>idem</strong></span> <span class='ocrx_word' id='word_1_224' title='bbox 789 2490 857 2542; x_wconf 88' lang='lat' dir='ltr'><strong>redit.</strong></span> 
     </span>
    </p>
   </div>
   <div class='ocr_carea' id='block_1_5' title="bbox 50 2659 860 2974">
    <p class='ocr_par' dir='ltr' id='par_1_9' title="bbox 50 2659 860 2787">
     <span class='ocr_line' id='line_1_31' title="bbox 86 2659 860 2726; baseline 0 -12"><span class='ocrx_word' id='word_1_225' title='bbox 86 2665 123 2726; x_wconf 76' lang='lat'><strong>(1)</strong></span> <span class='ocrx_word' id='word_1_226' title='bbox 134 2667 168 2712; x_wconf 82' lang='lat' dir='ltr'><strong>lts</strong></span> <span class='ocrx_word' id='word_1_227' title='bbox 183 2663 221 2710; x_wconf 85' lang='lat' dir='ltr'><strong>nis</strong></span> <span class='ocrx_word' id='word_1_228' title='bbox 235 2664 305 2710; x_wconf 74' lang='lat' dir='ltr'><strong>edam</strong></span> <span class='ocrx_word' id='word_1_229' title='bbox 323 2662 401 2724; x_wconf 78' lang='lat' dir='ltr'><strong>sopri,</strong></span> <span class='ocrx_word' id='word_1_230' title='bbox 416 2675 456 2720; x_wconf 82' lang='lat' dir='ltr'><strong>qu.</strong></span> <span class='ocrx_word' id='word_1_231' title='bbox 474 2661 514 2725; x_wconf 78' lang='lat' dir='ltr'><strong>ts,</strong></span> <span class='ocrx_word' id='word_1_232' title='bbox 529 2669 573 2710; x_wconf 87' lang='lat' dir='ltr'><strong>art.</strong></span> <span class='ocrx_word' id='word_1_233' title='bbox 592 2663 677 2719; x_wconf 85' lang='lat' dir='ltr'><strong>uuico;</strong></span> <span class='ocrx_word' id='word_1_234' title='bbox 692 2667 716 2710; x_wconf 87' lang='lat' dir='ltr'><strong>et</strong></span> <span class='ocrx_word' id='word_1_235' title='bbox 724 2659 860 2723; x_wconf 76' lang='lat' dir='ltr'><strong>111,smt.,</strong></span> 
     </span>
     <span class='ocr_line' id='line_1_32' title="bbox 50 2725 544 2787; baseline -0.008 -11"><span class='ocrx_word' id='word_1_236' title='bbox 50 2730 112 2776; x_wconf 89' lang='lat' dir='ltr'><strong>dist.</strong></span> <span class='ocrx_word' id='word_1_237' title='bbox 126 2727 168 2787; x_wconf 73' lang='grc'><strong>33,</strong></span> <span class='ocrx_word' id='word_1_238' title='bbox 180 2739 220 2784; x_wconf 84' lang='lat' dir='ltr'><strong>qu.</strong></span> <span class='ocrx_word' id='word_1_239' title='bbox 236 2725 260 2785; x_wconf 76' lang='lat'><strong>3,</strong></span> <span class='ocrx_word' id='word_1_240' title='bbox 273 2731 320 2772; x_wconf 73' lang='lat' dir='ltr'><strong>art·</strong></span> <span class='ocrx_word' id='word_1_241' title='bbox 329 2726 353 2786; x_wconf 88' lang='lat'><strong>1,</strong></span> <span class='ocrx_word' id='word_1_242' title='bbox 365 2727 501 2785; x_wconf 72' lang='lat' dir='ltr'><strong>qumtiunc.</strong></span> <span class='ocrx_word' id='word_1_243' title='bbox 521 2725 544 2772; x_wconf 84' lang='lat' dir='ltr'><strong>l.</strong></span> 
     </span>
    </p>

    <p class='ocr_par' dir='ltr' id='par_1_10' title="bbox 51 2795 858 2974">
     <span class='ocr_line' id='line_1_33' title="bbox 89 2795 856 2862; baseline -0.005 -17"><span class='ocrx_word' id='word_1_244' title='bbox 89 2796 126 2862; x_wconf 62' lang='grc' dir='ltr'><strong>(ἢ)</strong></span> <span class='ocrx_word' id='word_1_245' title='bbox 139 2801 177 2846; x_wconf 76' lang='lat' dir='ltr'><strong>Ex</strong></span> <span class='ocrx_word' id='word_1_246' title='bbox 189 2797 269 2857; x_wconf 72' lang='lat' dir='ltr'><strong>capu</strong></span> <span class='ocrx_word' id='word_1_247' title='bbox 282 2805 306 2845; x_wconf 91' lang='lat' dir='ltr'><strong>et</strong></span> <span class='ocrx_word' id='word_1_248' title='bbox 319 2809 348 2844; x_wconf 83' lang='lat' dir='ltr'><strong>ex</strong></span> <span class='ocrx_word' id='word_1_249' title='bbox 357 2811 410 2858; x_wconf 87' lang='lat' dir='ltr'><strong>cap.</strong></span> <span class='ocrx_word' id='word_1_250' title='bbox 426 2799 579 2858; x_wconf 74' lang='lat' dir='ltr'><strong>dgrraco-lat.</strong></span> <span class='ocrx_word' id='word_1_251' title='bbox 592 2798 716 2858; x_wconf 76' lang='lat' dir='ltr'><strong>colligitur,</strong></span> <span class='ocrx_word' id='word_1_252' title='bbox 727 2798 764 2845; x_wconf 85' lang='lat' dir='ltr'><strong>uel</strong></span> <span class='ocrx_word' id='word_1_253' title='bbox 778 2797 793 2842; x_wconf 81' lang='grc'><strong>3</strong></span> <span class='ocrx_word' id='word_1_254' title='bbox 806 2795 856 2842; x_wconf 77' lang='lat' dir='ltr'><strong>etd</strong></span> 
     </span>
     <span class='ocr_line' id='line_1_34' title="bbox 51 2861 858 2922; baseline -0.006 -12"><span class='ocrx_word' id='word_1_255' title='bbox 51 2865 79 2910; x_wconf 86' lang='lat' dir='ltr'><strong>iu</strong></span> <span class='ocrx_word' id='word_1_256' title='bbox 97 2862 215 2922; x_wconf 84' lang='lat' dir='ltr'><strong>antiquis,</strong></span> <span class='ocrx_word' id='word_1_257' title='bbox 234 2861 276 2908; x_wconf 85' lang='lat' dir='ltr'><strong>ubl</strong></span> <span class='ocrx_word' id='word_1_258' title='bbox 291 2861 385 2910; x_wconf 81' lang='lat' dir='ltr'><strong>uirtutes</strong></span> <span class='ocrx_word' id='word_1_259' title='bbox 402 2863 560 2911; x_wconf 77' lang='lat' dir='ltr'><strong>tuteleeusles</strong></span> <span class='ocrx_word' id='word_1_260' title='bbox 578 2867 742 2911; x_wconf 81' lang='lat' dir='ltr'><strong>enumerantur</strong></span> <span class='ocrx_word' id='word_1_261' title='bbox 755 2871 785 2907; x_wconf 85' lang='lat' dir='ltr'><strong>ex</strong></span> <span class='ocrx_word' id='word_1_262' title='bbox 799 2871 858 2918; x_wconf 89' lang='lat' dir='ltr'><strong>pro-</strong></span> 
     </span>
     <span class='ocr_line' id='line_1_35' title="bbox 51 2927 133 2974; baseline -0.024 0"><span class='ocrx_word' id='word_1_263' title='bbox 51 2927 133 2974; x_wconf 77' lang='lat' dir='ltr'><strong>desso.</strong></span> 
     </span>
    </p>
   </div>
   <div class='ocr_carea' id='block_1_6' title="bbox 0 0 1008 3317">
    <p class='ocr_par' dir='ltr' id='par_1_11' title="bbox 0 0 1008 3317">
     <span class='ocr_line' id='line_1_36' title="bbox 0 0 1008 3317; baseline 0 0"><span class='ocrx_word' id='word_1_264' title='bbox 0 0 1008 3317; x_wconf 95' lang='lat' dir='ltr'><strong> </strong></span> 
     </span>
    </p>
   </div>
  </div>
 </body>
</html>
