1992 3317
299 136 336 181 vn.
347 136 478 189 mersione
494 137 598 191 esurire
828 138 860 195 sq

67 216 91 259 ³.
101 209 228 277 Prmeren
238 214 313 279 qratia
325 214 477 281 mgnosritur
487 229 530 281 per,
538 217 641 272 obsum
649 218 697 273 Sed
707 220 795 281 infiniti
802 228 860 277 suu

34 283 132 337 effeetus
148 286 242 349 guntin,
256 299 358 353 quorum
378 301 442 351 nnus
456 289 567 353 presedit
578 291 659 343 ubum.
673 292 734 358 ltrqn
750 294 772 355 si
784 309 859 361 penos

37 358 79 405 lios
91 356 168 419 graiis
178 356 275 409 deberet
287 358 398 411 uuoltin
409 361 607 423 provenientem
618 367 642 414 et
651 364 858 429 subsequentem,

38 427 128 478 videtur
152 428 216 491 qnbd
236 428 335 481 infinite
357 435 439 494 essent
458 430 549 495 species
566 434 653 497 gratim
668 435 761 489 lulinitn
783 442 860 491 aurem

40 499 199 565 relinquuntur
213 500 228 551 ir
241 502 347 565 qualibet
360 507 421 554 orte.
437 504 492 555 Non
505 517 560 568 ergo
569 506 642 569 qratia
650 507 815 568 conuenienter
824 510 860 563 niv

40 572 124 625 viditur
137 570 164 623 in
181 574 382 638 prevenientem
396 579 421 626 et
435 575 635 640 subsequentem.

69 644 115 695 Sed
126 647 210 695 oonlra
223 648 269 706 est,
282 646 345 709 quod
363 646 438 709 qratia
454 645 501 697 Dei
517 660 547 697 ex
563 648 616 712 ejus
631 648 789 704 inserturum
806 668 860 717 pro·

41 716 110 765 senil.
123 716 170 767 Sed
188 720 315 781 utrumque
329 714 355 767 in
369 718 442 767 Psol.
455 718 541 780 LVlll,
559 720 642 783 legitm
657 736 664 769 :
679 722 859 776 rtliserieorllin

42 788 90 849 ejus
99 788 230 853 proveniet
242 802 291 852 me,
299 805 314 836 v
329 792 353 839 nt
365 788 452 839 iterum
461 788 573 853 (Psolm.
585 790 666 855 lllllll:
683 794 859 847 «Misericordia

41 862 91 917 ejus
106 858 263 925 subsequetur
278 873 325 911 me.
343 876 357 907 v
372 862 435 926 Ergo
447 860 521 925 gratis
532 864 699 918 movenieuler
712 865 858 920 diuidituriu

41 932 236 992 praevenientem
250 935 275 983 el
285 931 490 997 subsequentem.

75 1002 231 1059 (Concessio.
248 1030 283 1041 -
296 1004 395 1068 Propter
408 1003 535 1055 effectuum
554 1005 633 1069 quotie
646 1007 855 1073 multiplicitatem,

42 1073 80 1137 qui
100 1073 245 1126 diremomm
263 1076 438 1139 comparatione
455 1085 519 1126 nuno
534 1076 622 1142 priores
638 1092 700 1128 nuno
720 1081 858 1144 posteriores

41 1146 83 1195 dici
100 1149 213 1210 possunt,
229 1149 292 1198 recle
310 1146 335 1197 in
349 1146 534 1211 praevenientem
555 1150 581 1199 et
597 1148 773 1213 subsequentem
788 1153 861 1216 qratia

43 1215 170 1281 ibrioitm.)
366 1264 370 1273 .

72 1288 212 1353 llssponbeo
226 1288 366 1353 dicendum,
382 1289 445 1353 quod
467 1286 527 1339 siout
545 1291 617 1353 qratia
636 1290 745 1345 dividitur
760 1294 785 1345 in
801 1310 858 1361 ope-

46 1363 142 1410 rantem
151 1363 176 1413 et
185 1362 365 1425 cooperantem
375 1358 505 1411 secundum
513 1360 616 1412 disemos
626 1363 730 1428 effeetus,
740 1365 775 1415 itn
787 1366 858 1417 etiam

46 1444 68 1479 rn
83 1433 280 1495 provenientem
302 1434 327 1483 et
346 1430 555 1496 subsequentem,
571 1433 770 1499 qualitercumque
786 1435 858 1500 grstia

47 1503 176 1568 arripimus.
189 1504 249 1555 Sum
260 1506 340 1559 subm
353 1502 459 1567 quinque
473 1500 568 1555 elieelus
580 1505 659 1567 gratie
670 1506 695 1557 in
706 1507 774 1559 nobis
784 1522 791 1556 :
801 1521 860 1573 qno·

46 1588 92 1624 rum
105 1576 253 1639 minimest,
270 1577 300 1625 ut
309 1576 399 1625 onimo
411 1575 654 1637 nominenumine
663 1581 709 1642 est,
725 1580 756 1627 ut
766 1578 860 1629 bonum

47 1645 118 1709 relit;
132 1646 216 1697 tertius
232 1648 283 1711 est,
300 1648 331 1695 ut
345 1644 439 1697 bonum
459 1645 527 1709 quod
545 1646 602 1696 uult
621 1648 763 1712 efficaciter
776 1663 861 1714 opere·

48 1722 102 1781 lur;
121 1722 219 1782 querius
235 1722 289 1780 est,
303 1721 336 1769 ut
354 1719 382 1767 in
403 1716 466 1767 boun
485 1722 635 1783 pertenuem
647 1719 743 1783 quintus
763 1723 815 1775 est.
830 1724 862 1771 ut

47 1790 80 1839 ud
92 1789 208 1855 qlurimu
219 1791 363 1855 perveniat.
376 1788 406 1839 ot
418 1787 472 1839 ideo
488 1789 557 1851 gralia
567 1788 697 1841 mnndum
710 1790 772 1853 quod
781 1795 865 1842 munt

48 1860 146 1911 innubis
161 1860 263 1925 primum
277 1860 403 1923 ellectum,
424 1860 520 1909 virosior
534 1862 689 1924 prmoenteus
704 1865 814 1927 respectu
824 1874 861 1913 ss·

49 1932 114 1985 muli
130 1932 240 1996 ellectum
254 1936 279 1986 et
295 1935 366 1996 prout
386 1933 468 1989 mussi
485 1930 510 1979 in
524 1932 590 1984 nobis
604 1934 747 1998 seeundum,
766 1937 860 1986 vocatur

50 2002 193 2069 ,subsequens
206 2007 317 2068 respectu
328 2002 398 2067 primi
409 2000 514 2052 enectus.
527 2004 557 2059 Et
565 2003 625 2055 sient
639 2018 700 2055 unus
714 2004 812 2057 effeetus
825 2007 860 2057 est

51 2076 159 2138 pmwrlor
175 2088 223 2127 nno
235 2075 322 2131 seeum
332 2078 357 2125 st
369 2073 434 2139 prior
447 2071 503 2135 ulio,
513 2074 547 2126 its
560 2076 634 2141 gratis
647 2076 781 2139 potosldiei
793 2089 860 2141 prn-

52 2146 144 2197 nmiens
153 2146 494 2210 etsubseqummseounbum
507 2147 612 2198 eumdem
629 2146 737 2198 effoetum
751 2151 860 2212 respectu

53 2218 186 2271 :liuersorum
199 2234 205 2267 ι
217 2223 242 2269 et
251 2220 297 2273 boe
307 2216 415 2282 estquod
429 2216 571 2279 Augustinus
579 2216 670 2269 dioitln
680 2217 741 2269 libro
754 2220 792 2269 De
800 2220 856 2275 not,

52 2293 74 2337 et
89 2293 155 2354 prot.
176 2291 235 2355 (esp.
249 2289 288 2353 tt)
303 2304 310 2338 r
326 2305 341 2337 u
357 2286 476 2339 prevenit
492 2291 519 2339 ul
535 2300 657 2351 musmur,
671 2288 819 2353 subsequitur
831 2293 861 2339 nt

56 2360 123 2410 snmb'
135 2364 283 2425 vegetemnr3
296 2358 409 2425 prouenit
419 2361 446 2407 ul
457 2370 574 2423 vocemur,
586 2359 734 2426 subsequitur
748 2362 774 2409 ut
787 2359 858 2424 glori·

56 2434 173 2483 bremun.»

82 2504 113 2555 m
125 2502 225 2568 primum
237 2516 293 2567 erqo
307 2502 445 2566 nmmum,
459 2502 518 2565 qvod
530 2502 624 2553 dileetio
635 2501 683 2553 Dei
693 2502 797 2553 nominet
814 2502 858 2553 sli-

55 2576 104 2638 qnib
113 2580 224 2629 mertum
236 2592 241 2624 :
252 2578 276 2627 el
293 2574 348 2631 ileo
364 2584 482 2637 nunquam
492 2576 569 2637 polest
579 2573 625 2624 tici
635 2572 682 2624 nisi
693 2574 857 2637 preveniens.

56 2648 96 2697 sel
106 2646 176 2713 qrrliu
184 2646 300 2709 equom
309 2646 417 2699 sirenum
426 2645 585 2709 temporalem,
596 2644 637 2709 qui
645 2644 859 2709 poleslprnoetere

61 2718 149 2782 aliquit,
161 2721 187 2771 st
197 2717 323 2782 anuliquid
334 2715 444 2781 subsequi
457 2730 462 2765 :
476 2720 500 2767 et
510 2716 563 2769 ideo
574 2716 730 2780 manumissi
740 2713 786 2765 bloi
791 2728 860 2779 prce·

59 2792 146 2843 reum
164 2794 191 2843 et
200 2790 359 2857 subsequens.
780 2808 784 2811 ·

86 2861 116 2917 m
127 2862 251 2919 semnion
263 2860 399 2925 bibentum,
408 2860 470 2926 quot
482 2860 558 2927 nobo
569 2872 617 2914 non
628 2856 803 2938 minutulos,
818 2866 859 2915 per
