1992 3317
652 7 661 11 .-
677 7 692 9 --
701 5 973 17 ---·-·--—-—-—.

244 145 275 178 us
290 141 450 182 nurrulrrous
465 143 625 182 mnenon.
788 134 846 192 889,

47 218 104 268 lude
120 217 295 281 Chrysostomus
315 231 433 282 exponens
453 218 509 268 illud
527 220 632 275 blattis„
650 219 701 270 XIX
721 235 756 269 :u
773 220 838 270 Sicut

41 289 137 338 eunuchi
146 289 186 352 qui
198 289 286 352 seipsos
298 293 453 340 castraverunt
471 293 563 354 propter
576 303 671 356 regnum
684 291 807 353 caelomm,
820 307 835 338 p

41 359 91 409 dicit
105 359 197 424 (Homh.
209 359 278 410 Llllll
289 361 314 410 in
329 361 457 424 Matthl:
474 363 550 412 «Nou
563 376 606 425 per
617 362 771 412 memhromm
784 361 837 412 abs·

41 429 168 491 cissionem‚
185 431 225 480 sed
240 432 348 482 malarum
364 433 528 494 cogitationum
541 433 748 498 interemptionem.
767 433 837 483 llale·

40 501 130 551 dictioni
137 500 198 551 euim
212 505 247 552 est
257 502 370 558 obnoxius
381 504 420 566 qui
428 503 555 554 membrum
562 503 688 568 abscindit;
698 503 785 555 etenim
796 504 839 567 qui

40 572 155 622 homicidae
165 577 232 636 suut,
246 574 300 622 talia
311 580 461 638 praesumunt.
470 592 484 622 u
496 576 526 625 El
538 579 620 639 postea
632 576 722 626 subdit:
735 577 836 638 «Neque

40 644 219 708 concupiscentia
232 647 370 698 mansuetior
383 647 415 696 ita
426 646 460 710 ut,
475 647 518 698 sed
529 646 653 698 molestior.
665 648 763 697 Aliunde
770 647 834 697 enim

39 715 104 766 habet
122 715 200 766 loutes
213 730 303 780 sperma
316 719 375 780 quod
388 718 412 768 iu
431 718 498 770 uobis
511 723 564 782 est,
576 722 601 768 et
612 719 726 782 precipue
745 719 760 768 l
779 731 831 782 pro

39 788 109 850 posito
132 788 283 839 incontinenti
303 794 326 838 et
349 795 425 840 meute
447 790 592 853 negligente3
608 802 651 839 nec
672 789 704 838 ita
720 788 832 841 abscissio

38 859 132 908 membri
150 859 279 924 comprimit
290 860 426 912 tentationes
438 865 463 910 ut
475 861 619 924 cogitationis
633 860 741 911 frenum.
754 878 768 907 »

335 1040 493 1090 ARTICULUS
510 1041 540 1089 11.

52 1164 140 1209 verdun
153 1163 224 1207 liceat
235 1163 344 1218 putribus
354 1165 555 1222 uerbsrarefila'os,
564 1167 610 1209 aut
621 1164 725 1208 omnis
734 1175 821 1208 seruos.

64 1291 99 1342 nd
118 1289 245 1340 secumdum
263 1289 296 1339 sic
313 1289 451 1354 proceditur.
467 1290 561 1341 Videtur
578 1288 638 1354 qudd
652 1302 699 1339 uon
715 1288 782 1340 liceat
797 1301 839 1352 pa-

35 1362 106 1412 tribus
125 1360 249 1412 uerberare
266 1360 338 1424 filios,
353 1365 392 1411 aut
407 1361 505 1412 dominis
522 1373 609 1412 seruos.
628 1360 687 1411 bicit
705 1360 767 1412 euim
779 1362 840 1423 lpo-

34 1434 123 1494 slolus‚
137 1431 176 1482 acl
186 1431 286 1495 Eples„
298 1433 329 1482 vt
346 1448 352 1483 :
369 1433 545 1495 «Vesperies,
559 1433 630 1482 nolite
650 1433 679 1482 ad
698 1431 839 1482 uscuudiam

34 1516 161 1566 prouocare
171 1503 230 1553 lilios
245 1507 350 1568 ueslms3
364 1519 379 1550 »
392 1507 415 1554 el
427 1503 487 1554 inim
500 1503 591 1554 subdit:
605 1504 658 1552 «tet
669 1515 728 1564 sos,
741 1502 839 1563 domini,

34 1577 115 1626 eadem
130 1574 202 1626 facile
216 1575 300 1634 serds,
314 1575 455 1626 remittentes
468 1576 552 1624 minas.
560 1591 575 1621 u
585 1575 629 1624 Sed
637 1577 730 1637 propter
742 1574 840 1624 uerbera

32 1647 103 1710 aliqui
113 1649 143 1701 ard
153 1646 293 1698 iracundiam
302 1649 463 1710 provocantur,
474 1655 497 1696 et
508 1650 562 1695 suut
570 1645 640 1695 etiam
647 1645 716 1694 minis
725 1643 836 1708 graviora.

32 1719 92 1780 Ergo
99 1729 181 1781 neque
188 1721 265 1780 patres
272 1715 338 1780 lilios,
346 1729 420 1780 neque
429 1715 517 1769 domiui
530 1713 839 1771 servusdebenlrerberare.

62 1794 86 1839 2.
97 1787 389 1851 praesumeremus
402 1786 456 1838 dicit
468 1785 491 1836 iu
506 1785 695 1848 XEtttelcap.
706 1784 770 1848 ult),
779 1783 841 1847 subd

31 1879 45 1910 u
65 1873 149 1910 sermo
168 1863 279 1924 patemus
299 1860 368 1910 habet
389 1857 464 1910 solum
485 1858 677 1920 admonitionem,
698 1859 841 1906 nouantem

29 1933 189 1985 coactionem.
204 1947 218 1977 u
229 1931 274 1982 sed
290 1930 392 1994 quedam
408 1929 493 1980 coactio
508 1934 545 1980 est
555 1942 597 1994 per
608 1929 714 1979 verbera.
728 1929 789 1992 Ergo
799 1939 841 1991 pa·

28 2004 140 2054 rentibus
153 2015 202 2052 nou
214 2001 268 2053 licet
284 2002 343 2054 filios
356 2001 483 2053 uerberare.

61 2081 87 2124 3.
110 2075 244 2136 Praenes,
259 2073 380 2136 unicuique
393 2073 446 2124 lieet
459 2073 526 2124 alteri
539 2070 680 2135 disciplinam
694 2070 839 2135 impendere;

27 2149 74 2198 hoc
88 2145 158 2198 enim
169 2143 271 2208 pertinet
282 2145 309 2194 ad
321 2143 477 2208 eleemosynas
489 2142 627 2206 spirituales,
641 2147 667 2193 ul
678 2141 747 2206 suprh
756 2141 841 2192 dietum

25 2225 62 2269 est
74 2220 135 2284 (qu.
151 2221 197 2279 32,
206 2219 249 2266 art.
260 2216 299 2280 2).
315 2215 340 2264 Si
354 2227 408 2278 ergo
423 2215 556 2279 parentibus
568 2214 622 2264 licet
636 2218 729 2278 propter
737 2213 842 2278 discipil-

25 2305 84 2342 uam
107 2289 173 2340 lilios
192 2287 327 2350 uerberare,
340 2286 390 2352 pari
412 2287 501 2338 ratione
514 2285 608 2336 cuilibet
627 2285 705 2337 licebit
719 2285 844 2349 quemlibet

24 2364 173 2423 u'erherare3
188 2359 249 2422 quod
264 2362 328 2423 patet
346 2371 396 2410 esse
411 2359 501 2408 lelsum.
516 2359 576 2421 Ergo
589 2357 728 2421 etprimum.

56 2434 113 2486 Sed
135 2437 217 2482 corrtra
235 2434 286 2494 est,
295 2430 356 2494 quod
369 2429 450 2481 dieitur
469 2428 598 2482 Prodere..
610 2429 676 2479 Xlll:
690 2429 757 2488 «Quni
770 2429 845 2493 parcit

24 2509 116 2571 uirgae,
133 2503 185 2554 odit
198 2501 269 2552 lilium
281 2515 364 2565 suum3
377 2516 390 2549 u
406 2511 429 2551 et
440 2500 509 2564 iutra,
523 2501 610 2550 Xlllll:
625 2499 699 2550 «Noli
713 2499 845 2550 subtrahere

24 2595 32 2630 r
46 2588 134 2643 puero
148 2572 310 2638 disciplinem3
326 2571 419 2622 sienim
432 2570 634 2635 percusseriseum
645 2569 724 2634 virgl,
737 2582 784 2619 uon
795 2581 845 2619 mo·

24 2652 116 2700 rietur.
133 2645 170 2694 Tu
186 2643 253 2706 uirgl
268 2645 469 2708 percutieseum,
485 2646 509 2693 et
526 2641 623 2692 animam
636 2641 688 2704 ejus
704 2641 732 2691 de
752 2639 843 2690 iulernu

25 2716 162 2780 iberabis3
177 2731 191 2762 u
214 2718 239 2766 et
252 2714 355 2770 becles,
376 2713 483 2773 xxxiii,
497 2713 579 2769 dicitnr
594 2729 600 2762 :
622 2713 718 2763 «Seruo
732 2709 844 2760 malevolo

26 2798 125 2844 ortura
146 2792 170 2840 et
188 2788 345 2850 compedes.»

56 2865 238 2927 (Corterusto.
253 2885 285 2898 -·
301 2859 357 2912 de
374 2860 433 2910 lilius
457 2859 560 2910 subditus
582 2859 613 2910 sit
633 2857 741 2922 potestati
760 2855 841 2921 patris,

678 2954 719 3003 nt*
