1992 3317
145 161 192 209 ott
264 168 373 210 mannua
389 169 518 220 emon,
535 167 629 215 nunna.
646 164 706 219 nav,
723 165 778 207 aar.
795 166 822 205 u.

437 351 644 406 mnrouuusv.
976 368 977 426 p

194 479 279 526 uorem
292 475 411 536 iamenu«
424 476 457 522 ro
469 477 496 524 o·
505 473 614 522 omnem
623 475 763 522 murteam
777 477 896 534 prauam.
976 463 977 466 ’

173 607 206 657 ll
216 604 320 670 quintum
330 604 363 655 eie
375 603 514 670 proceditur.
522 603 617 655 Videtur
624 603 683 669 pudd
695 602 809 670 sapientia
820 617 870 656 nau
880 603 911 656 nit
922 604 940 653 in

142 678 246 730 omnibus
259 677 395 729 habentibus
413 677 517 741 gratiam.
533 671 606 741 llajun
624 678 686 729 enim
698 677 734 728 est
752 675 893 740 sapientiam
906 679 940 728 ba·
977 688 978 766 p

141 750 209 813 bere,
226 748 294 813 quim
314 748 448 813 sapientiam
468 747 557 799 audire.
577 748 623 798 Sed
644 747 718 799 solim
734 747 893 812 perlectorum
912 749 941 798 eet
977 783 978 806 3

144 821 279 887 sapientiam
292 820 383 881 audire,
394 817 520 869 secundini
537 818 613 869 illudi
624 819 661 870 od
676 819 799 880 Gor.,ll:
820 833 836 867 a
851 820 941 885 sapien·

142 893 198 944 tiam
210 893 323 957 loquimur
330 891 518 954 interperleetoo.
531 888 612 940 »uim
624 903 678 955 ergo
688 904 734 942 nou
742 903 825 942 omues
834 891 941 942 babentes

144 964 238 1029 gratiam
246 964 293 1015 eint
303 962 405 1028 perlecti,
411 961 501 1012 uidetur
509 961 569 1028 qudd
579 961 649 1013 multb
661 962 737 1013 minis
746 974 828 1014 omnen
837 963 941 1016 habentes

144 1035 400 1102 gutiam‚aapieutiam
413 1033 520 1084 habeant.

174 1113 199 1160 a.
215 1111 370 1169 prumam«
391 1105 505 1169 sapientie
520 1108 558 1157 eat
580 1103 697 1165 ordinare,
716 1107 772 1155 out
792 1099 943 1170 Philosophus
978 1109 979 1128 ¹

144 1181 199 1232 dieii
212 1179 237 1230 in
248 1177 360 1243 principio
375 1177 539 1240 dleloptyer'e.
558 1175 613 1241 (ubi
624 1175 709 1239 aupril
719 1191 726 1238 3
738 1179 762 1226 et
773 1178 841 1236 lac„
849 1177 898 1238 lli,
913 1175 941 1225 oi-

144 1252 204 1302 eitnr
212 1249 272 1313 oubd
280 1252 315 1299 est
326 1247 452 1312 «indicans
465 1247 516 1298 elne
532 1247 685 1297 simulatione.
696 1245 767 1305 »Sed
780 1257 829 1298 nou
841 1249 940 1299 omniun

144 1319 276 1372 habentium
291 1318 386 1383 patiam
400 1322 437 1368 ent
451 1319 479 1368 de
495 1317 547 1369 aliie
562 1318 681 1383 mileum,
697 1321 736 1370 aut
755 1317 813 1368 aliea
829 1319 944 1378 ordinare,¹
979 1325 980 1376 l

143 1393 184 1443 ned
197 1390 269 1442 nolum
280 1390 433 1454 prelatorum.
445 1389 505 1453 urge
521 1401 568 1441 nou
583 1390 685 1440 omnium
696 1389 830 1440 habentium
843 1391 937 1454 gratiam

144 1467 182 1514 eet
193 1462 277 1513 babere
289 1463 432 1527 sapientiam.

176 1540 201 1586 8.
214 1535 339 1596 Pleuron,
352 1532 491 1597 «sapientia
503 1533 569 1584 datur
581 1535 659 1583 ababa
668 1531 830 1592 ambiam»
846 1535 872 1583 ut
885 1535 943 1584 'Gra

146 1608 223 1674 goriue
237 1605 292 1657 dicit
309 1606 334 1656 in
354 1605 375 1654 ll
394 1604 485 1655 uene.
503 1603 548 1656 bed
562 1601 627 1654 multi
644 1604 756 1656 babentes
775 1605 873 1668 gratiani
898 1607 946 1656 sunt

145 1678 280 1731 naturaliter
293 1676 373 1740 stulti,
386 1678 412 1725 ut
428 1678 492 1740 patet
512 1676 540 1726 de
557 1673 684 1726 amentibus
703 1673 840 1740 baptizatio,
854 1675 896 1727 uel
911 1674 946 1740 qui

144 1750 289 1814 postmodum
303 1747 354 1797 eine
362 1749 459 1810 peoeato
467 1745 558 1796 mentali
571 1745 596 1795 iu
607 1745 729 1796 amentiam
739 1745 877 1798 inuiderunt.
890 1747 945 1810 liugn
980 1761 981 1784 1

146 1835 193 1874 nou
209 1821 234 1871 in
248 1818 354 1871 omnibns
367 1817 505 1868 nabendum
516 1816 609 1880 gratiam
623 1819 659 1867 ent
675 1816 796 1882 rapientia.

177 1893 222 1943 sed
239 1894 316 1941 aonur
329 1893 378 1952 eat,
392 1887 454 1952 qudd
465 1889 603 1953 mumque
620 1891 656 1938 est
670 1887 721 1938 niue
732 1891 828 1953 peeeato
837 1889 945 1950 mortili,

146 1957 270 2025 diligiturd
282 1959 402 2024 lteo‚qula
410 1959 545 2010 unanimem
555 1959 623 2010 babet
632 1971 677 2023 qua
685 1960 757 2010 Deum
767 1959 852 2024 diligit.
865 1961 949 2011 ubeua

145 2036 220 2083 autem
237 2031 357 2096 diligentes
372 2043 398 2082 eo
413 2031 498 2094 diligit,
517 2033 571 2080 aut
586 2030 668 2081 dieitur
678 2029 809 2093 Prooert„
825 2031 886 2082 lilii.
902 2029 945 2081 sed

146 2105 219 2166 Sep„
238 2101 289 2165 Vll,
304 2102 401 2161 dieitur,
413 2101 474 2166 quod
488 2117 504 2149 u
518 2101 634 2153 neminem
651 2099 724 2164 diligit
739 2099 815 2165 Deua,
831 2103 947 2152 alateum

146 2172 186 2236 qui
207 2185 258 2222 eum
278 2172 389 2236 sapientia
408 2173 556 2223 inhabitat.»
571 2173 630 2238 Ergo
642 2171 668 2222 in
685 2171 791 2222 omuibus
807 2171 950 2224 habentibus

146 2242 240 2307 gratiam
250 2280 257 2305 ,
266 2242 315 2294 eine
330 2247 424 2307 paoeato
440 2243 528 2294 mortali
541 2243 702 2306 existentibus,
715 2243 750 2294 eet
760 2242 887 2308 sapientie.

179 2314 338 2378 (Coucnmro.
354 2341 386 2352 -
399 2315 521 2382 Sapientia
541 2315 642 2379 donum,
658 2315 718 2380 quod
732 2319 768 2366 eet
784 2316 857 2380 gratia
879 2316 950 2380 gratis

148 2385 214 2448 datr,
233 2385 262 2436 ad
280 2385 375 2436 aliorum
391 2386 486 2437 salutm
506 2385 649 2450 ordinatum,
662 2399 708 2437 non
722 2386 855 2438 ‘neemsan'd
874 2391 913 2439 est
930 2387 952 2435 iu

146 2457 251 2508 omnibns
267 2457 361 2521 gratiam
380 2461 468 2520 gratnm
485 2458 608 2509 molentem
626 2456 781 2522 babentibna3
796 2461 821 2508 et
834 2457 952 2523 sapientia

147 2540 192 2592 oua
205 2529 233 2579 ad
247 2532 346 2580 noelraor
364 2527 482 2591 dirigimur
501 2529 612 2592 salutem,
625 2527 730 2580 omuibus
747 2531 841 2592 gratiam
858 2533 952 2593 gratum

147 2598 266 2650 facientem
277 2598 414 2650 habentibus
423 2603 458 2651 eat
471 2600 623 2657 eommunial

179 2670 313 2735 lieopomeo
326 2670 456 2733 dicendum,
468 2669 531 2734 qubd
540 2669 687 2735 sapientiade
696 2682 743 2736 qua
752 2671 877 2736 loquimur,
890 2671 953 2721 aiem

148 2740 234 2792 dmum
243 2744 291 2804 eet,
302 2741 409 2805 importat
419 2742 539 2806 qmmdam
547 2742 705 2794 rectitudinem
712 2742 794 2807 judieii
801 2743 860 2794 eirea
869 2742 954 2794 diuina

149 2815 175 2862 et
189 2811 349 2882 conspicienda
362 2816 386 2863 et
404 2814 551 2864 eoneulenda.
567 2813 595 2864 Ei
607 2817 715 2878 qualum
729 2815 757 2865 ad
768 2819 910 2879 utrumque,
926 2829 954 2865 ex

150 2882 234 2944 unione
243 2883 273 2936 ad
283 2882 362 2946 diviua
376 2883 501 2936 eeeuudbm
512 2883 613 2948 divumne
624 2885 721 2953 palu,
732 2885 803 2952 aliqui
812 2883 955 2950 sapientiam
