1992 3317
126 178 155 227 tn
259 184 479 234 saranescum,
497 182 589 228 onnon.
607 182 647 220 orn
655 206 664 233 ,
681 182 735 221 aar.
754 182 788 219 nn.

157 264 191 316 ld
202 262 294 315 tertium
305 262 440 323 dicendum,
454 259 514 324 quod
526 270 590 309 annor
598 258 680 309 dioltnr
687 266 844 312 snmmnsnon
854 256 930 310 solim

126 338 234 400 quondum
245 335 273 384 ed
282 332 375 398 gradum
386 331 523 395 dilectionis,
533 329 651 381 sedetiam
660 335 768 394 qnantum
778 330 806 379 ad
816 330 930 381 rationem

126 405 234 471 diligendi
253 408 276 457 et
297 404 423 455 dilectionis
446 402 538 454 modom
554 418 559 450 :
575 406 598 452 et
615 400 739 452 secundino
758 402 803 451 hoo
825 410 930 452 summus

126 478 208 541 gradus
223 476 350 528 dilectionis
369 484 406 526 est
417 488 462 539 qno
477 474 577 524 charitas
586 473 661 539 diligit
673 474 744 524 ileum
759 474 784 522 ut
795 470 931 525 mniflcan-

126 554 180 612 tenn‚
195 548 254 600 siout
268 546 399 599 dictumest
412 549 469 609 (art.
481 550 493 597 l
504 548 522 609 l.

420 708 580 763 laurentus
594 708 631 760 lv,

132 827 217 875 Ula-ium
232 827 307 882 dromo,
319 826 370 872 sine
380 826 468 885 pretio,
480 838 523 883 per
535 837 581 871 mu
595 826 734 880 naturalia,
745 824 804 882 lapis
811 830 932 885 precepta

431 890 530 947 impiere
542 889 625 946 possit.

159 1012 193 1063 rld
203 1014 307 1076 quartum
318 1009 352 1061 sio
362 1008 489 1074 proceditur
496 1007 538 1072 (t).
549 1006 642 1058 Videtur
650 1006 709 1071 quod
718 1008 786 1059 lnomo
797 1006 846 1059 une
855 1009 930 1071 untia

127 1091 168 1149 per
181 1096 222 1135 sua
241 1081 351 1135 naturalia
368 1082 441 1147 possit
459 1081 572 1144 precepta
590 1078 648 1141 logis
661 1077 765 1143 implere.
789 1077 848 1129 llicit
865 1079 932 1131 enirn

127 1155 248 1220 Apostolus
265 1152 300 1203 od
314 1154 394 1211 Rom„
414 1152 447 1215 ll,
463 1149 525 1215 qudd
539 1168 554 1199 u
566 1153 647 1215 petros
661 1163 712 1215 quas
730 1149 804 1211 leuem
822 1163 869 1202 nou
884 1151 931 1201 na-

127 1227 194 1291 bent,
209 1224 340 1278 naturaliter
354 1237 381 1275 ea
390 1236 442 1287 qua
457 1222 515 1285 legis
527 1226 594 1284 sunt,
606 1222 700 1273 ludunt.
716 1238 730 1269 u
742 1221 788 1272 Sed
800 1222 856 1273 illud
863 1226 929 1285 quod

126 1297 259 1351 naturaliter
271 1298 340 1347 horno
351 1295 467 1359 lauit,per
475 1292 577 1357 seipsum
584 1293 740 1357 polestlacero
750 1293 835 1357 absque
844 1294 930 1357 gretia

127 1370 186 1433 Ergo
199 1370 266 1421 homo
277 1370 353 1431 potest
365 1366 423 1429 legis
433 1368 547 1428 praeopta
555 1364 629 1415 lasere
642 1363 727 1428 absum
735 1364 814 1427 gratia.

158 1446 183 1491 2.
197 1442 320 1503 Praelerea,
339 1438 491 1501 Hieronymus
508 1435 564 1485 dicit
578 1435 604 1485 in
618 1435 786 1501 [inpositione
797 1436 929 1489 cottottoae

127 1512 202 1575 fidei,
222 1528 235 1560 o
245 1511 297 1561 illos
308 1522 360 1561 esse
370 1506 597 1570 maledicendum
607 1508 678 1557 lleurn
693 1507 830 1571 precepisse
838 1508 933 1561 homini

127 1583 211 1649 aliquid
225 1580 366 1645 impossihile
382 1578 468 1629 dieunt.
479 1594 493 1625 n
507 1578 551 1628 Sed
563 1576 704 1643 impossibile
718 1581 755 1628 est
766 1578 856 1629 homini
866 1584 929 1641 quod

127 1654 279 1719 perseipsum
295 1652 389 1715 implere
412 1663 458 1701 non
475 1653 557 1715 potest
577 1651 637 1714 Ergo
652 1651 722 1701 homo
739 1652 816 1713 potest
832 1650 931 1714 implere

127 1725 203 1777 omnia
222 1726 334 1789 praecepta
354 1721 411 1787 legis
427 1722 593 1786 perseipsum.
765 1725 769 1729 “

159 1800 182 1847 3.
195 1798 308 1849 Praeterea
317 1832 324 1856 ,
334 1794 394 1845 inter
402 1793 477 1843 omnia
486 1800 603 1858 praeopta
611 1793 671 1856 legis
679 1792 846 1846 maximumost
855 1796 924 1849 illud:

125 1886 142 1927 p
151 1867 235 1933 lliliges
251 1866 374 1916 Dominum
388 1867 459 1917 ileum
472 1869 536 1915 tuum
550 1878 580 1915 ex
590 1868 638 1915 toto
654 1865 721 1917 made
737 1868 792 1925 tuo,
803 1882 817 1913 u
829 1869 855 1917 ut
864 1870 932 1931 patet

128 1940 232 1997 Multo„
239 1938 308 1989 llllll.
319 1938 362 1989 Sed
373 1940 416 1988 lroo
428 1937 559 1990 nnanduuna
569 1940 645 2000 potest
654 1937 722 1989 homo
731 1937 825 2003 implere
834 1940 930 1991 exsulis

128 2009 280 2071 instudious,
299 2008 414 2073 diligendo
433 2009 504 2059 Mum
522 2007 822 2073 supereminentioris
841 2011 929 2063 oleum

127 2085 171 2135 est.
194 2082 253 2145 Ergo
275 2080 352 2132 onrnia
373 2080 479 2131 mandatu
496 2080 555 2145 logis
573 2083 650 2145 potest
674 2081 743 2132 homo
765 2080 859 2145 implero
878 2082 930 2135 siue

128 2154 207 2218 pratia.

159 2226 204 2277 Sed
218 2229 295 2277 contra
305 2228 353 2285 est,
366 2224 427 2289 quod
439 2221 579 2287 lingostinus
590 2222 643 2273 dicit
653 2221 727 2274 inlitu.
740 2224 778 2273 De
789 2222 929 2277 aurorane

130 2298 193 2361 (cap.
206 2302 234 2359 8,
250 2311 290 2351 seu
306 2299 392 2347 nores.
407 2294 446 2361 Β),
463 2311 476 2343 u
485 2296 530 2345 lroo
540 2294 654 2358 pertinere
667 2293 695 2344 ad
704 2294 810 2354 haeoesirn
824 2295 930 2359 Pelagia-

128 2382 222 2432 norum,
241 2371 265 2418 ut
284 2368 376 2418 credant
389 2366 438 2417 siue
456 2366 527 2429 gratia
544 2365 659 2417 hominem
677 2378 744 2430 posse
761 2365 837 2417 laeuo
850 2368 929 2421 omnia

128 2439 203 2492 divina
217 2439 331 2489 mandata.
341 2453 354 2484 u

159 2510 321 2575 (Conunusro.
333 2536 363 2549 -
373 2509 450 2561 Potuit
461 2510 530 2561 nonno
540 2510 565 2560 in
574 2511 636 2559 stetu
645 2511 730 2560 numne
742 2510 836 2573 integro
849 2512 927 2563 ornain

129 2582 233 2631 mandata
244 2581 303 2643 legis
320 2592 409 2631 serrare
421 2584 530 2645 quantum
544 2582 571 2631 ad
582 2581 654 2645 ipsam
664 2593 757 2646 operum
769 2581 928 2647 substantiam,

129 2666 174 2704 non
190 2655 266 2703 autern
280 2652 305 2703 in
322 2654 382 2704 statu
392 2657 476 2705 natura
487 2655 610 2718 surrupta3
628 2653 667 2704 sed
677 2656 785 2717 quantun
795 2654 824 2703 ad
835 2655 927 2706 modm

162 2780 192 2844 (ll
208 2783 240 2827 Ita
257 2782 292 2830 his
308 2783 376 2830 etiarn
390 2784 414 2830 in
427 2786 466 2842 11,
480 2780 559 2833 Seot„
571 2781 625 2827 dist.
642 2780 686 2840 28,
701 2793 741 2839 qu.
760 2780 787 2839 t,
803 2785 847 2828 art.
858 2782 887 2838 83
903 2786 927 2828 et

128 2842 397 2970 duesrtnnfldtirg‘euposit.
409 2846 493 2896 litterae
508 2846 558 2893 siue
571 2842 657 2906 textis,
669 2844 698 2891 ad
707 2844 735 2903 ῦς
750 2851 774 2892 ot
785 2856 825 2907 qu.
837 2844 868 2891 nl
875 2878 883 2907 ,
897 2845 927 2893 do
