1992 3317
133 178 173 229 tt¹
266 186 340 226 rursu
356 184 487 235 securos,
502 184 595 232 cussa.
612 180 666 237 mx,
680 182 735 224 rur.
751 184 795 224 ru.
841 146 846 158 ’

132 270 249 333 peccatum
265 266 379 317 transiens
395 266 459 329 actu,
473 268 591 315 remaneat
610 265 689 327 reatu,
712 266 739 315 ut
757 259 826 329 upra
846 260 943 319 dictum

133 332 169 391 e'st
184 339 241 405 (qu.
254 340 298 402 87,
314 341 357 388 art.
368 336 414 402 o),
428 339 518 387 nonest
531 336 591 387 idem
606 349 724 400 resurgere
734 336 862 402 dpeceato,
875 341 945 403 quod

133 422 222 462 cessare
234 410 262 459 alr
278 412 330 459 actu
343 408 439 474 peccati.
451 409 495 459 Sed
513 421 631 471 resurgere
642 407 655 457 d
666 411 759 473 peceato
765 444 774 471 ‚
787 410 822 459 est
834 411 945 472 reparari

132 482 249 534 hominem
263 481 292 531 ad
309 493 336 532 ea
351 494 403 549 quae
418 481 532 545 peccando
552 480 638 531 amisit.
657 480 757 531 Incurrit
773 483 850 532 autem
865 482 944 532 homo

133 553 215 619 triplex
229 552 390 604 detrimentum
399 554 522 616 peccando,
534 554 559 602 ut
569 566 597 603 err
605 551 746 616 supridictis
754 553 818 616 patet
829 550 884 615 (qu.
894 556 942 616 85,

134 630 177 689 86,
195 624 256 689 87),
272 622 357 675 scilieet
371 623 513 683 maculam,
528 624 716 687 corruptionem
735 623 864 673 naturalis
877 622 945 675 doni

134 701 158 749 et
173 698 272 747 reolum
285 710 370 761 pmuoe.
384 695 492 745 Maculam
507 694 597 761 quidem
612 694 718 755 incurrit,
729 694 753 745 in
768 697 877 757 quantum
887 694 944 759 pri-

134 772 201 820 vatur
215 768 295 819 decore
309 767 385 831 gratia
396 778 425 817 ex
436 767 577 818 deformitate
592 766 689 832 peccati.
701 766 790 817 Bonum
801 768 878 817 aulem
892 780 942 817 na-

135 844 191 892 turae
212 840 371 905 corrumpitur,
386 840 412 890 in
431 842 540 903 quantum
561 842 641 889 natura
658 838 757 890 hominis
776 837 942 903 deordinatur,

134 910 251 963 voluntate
265 910 364 961 hominis
373 912 420 965 lieo
431 922 478 962 nou
489 910 604 974 subjecta;
618 912 661 961 troc
674 909 737 960 euim
746 909 825 961 ordine
838 908 943 974 sublato,

135 996 277 1047 consequeus
295 985 330 1033 est
348 985 375 1032 ut
393 984 442 1033 tola
459 986 540 1032 natura
557 980 657 1031 hominis
674 980 791 1046 peccantis
808 978 944 1032 inordinata

135 1060 256 1109 remaneat.
274 1058 360 1107 Rectus
378 1054 432 1107 vend
446 1068 519 1119 poenae
535 1057 584 1118 est,
598 1067 640 1119 per
654 1068 724 1119 quem
735 1056 804 1107 homo
817 1053 943 1118 peccando

135 1128 272 1191 mortaliter,
294 1132 392 1180 meretur
414 1126 582 1178 damnationem
600 1129 716 1179 aurnum.
737 1126 882 1179 ldanllesium
905 1131 945 1178 est

135 1202 211 1252 autem
225 1200 252 1251 de
271 1200 366 1265 siugulis
383 1200 464 1249 horum
482 1198 566 1262 trium,
581 1196 641 1263 qudd
660 1200 815 1263 nonpossint
834 1200 943 1264 reparari

135 1272 179 1324 uiri
198 1285 238 1336 per
248 1273 327 1322 deum.
343 1270 400 1321 Cim
415 1270 476 1321 eninr
491 1270 559 1320 decor
574 1269 651 1331 gratia
664 1268 782 1334 proveniat
796 1282 825 1320 er
839 1265 944 1319 illustra-

135 1343 198 1395 tione
213 1342 284 1394 diviui
295 1340 402 1405 luminis,
416 1354 462 1391 non
476 1343 553 1407 potest
566 1340 618 1391 talis
631 1341 699 1391 decor
710 1340 733 1389 in
749 1340 826 1390 anima
838 1342 945 1403 reparari

134 1415 179 1466 nisi
194 1416 240 1466 lieo
251 1412 325 1464 dcuud
339 1412 465 1463 illustrante
481 1413 561 1462 :uude
573 1411 695 1475 requiritur
708 1410 823 1462 habitante
836 1410 941 1477 donum,

134 1488 195 1550 quod
215 1488 252 1537 est
271 1484 348 1549 gratiae
369 1485 455 1535 lumen.
470 1482 579 1534 Similiter
594 1484 649 1534 ordo
668 1486 755 1535 natura
774 1483 872 1549 reparari
892 1498 945 1537 nou

133 1561 224 1623 potest,
234 1560 261 1607 ut
272 1556 355 1606 scilicet
369 1556 475 1606 voluntas
487 1554 588 1605 hominis
606 1556 652 1606 lieo
669 1554 814 1619 subjiciatur,
830 1552 875 1605 uisi
892 1554 944 1607 lieo

134 1629 274 1680 uoluntatem
288 1625 388 1679 hominis
404 1628 432 1679 ad
446 1640 472 1679 se
483 1628 596 1690 trahente,
612 1626 670 1677 sicut
683 1626 769 1677 dictum
785 1628 822 1681 est
836 1627 888 1689 (art.
904 1626 944 1691 5).

134 1698 242 1751 Similiter
252 1698 320 1750 etiam
330 1703 406 1749 matus
420 1710 494 1765 poene
504 1703 593 1752 aeterne
602 1698 687 1750 remitti
701 1713 747 1749 non
761 1700 852 1763 potest,
867 1696 946 1752 nisia

136 1772 195 1836 Deo,
207 1771 308 1834 inquom
318 1773 352 1821 est
362 1770 447 1822 offensa
454 1771 585 1833 commissa,
595 1773 618 1823 et
627 1770 667 1834 qui
676 1774 711 1821 cst
721 1768 840 1821 hominum
851 1770 940 1821 'udexz

137 1846 160 1894 et
172 1844 222 1893 ideo
235 1842 355 1906 requiritur
370 1844 479 1895 auxilium
496 1842 574 1906 gratiae
588 1832 617 1894 a'd
632 1844 676 1895 troo
691 1840 752 1909 qudd
772 1785 867 1893 homo&
881 1855 945 1906 pec-

137 1918 186 1965 calo
197 1917 311 1978 resurgat,
324 1918 348 1966 et
361 1918 471 1979 quantum
484 1914 514 1964 ad
526 1913 642 1967 habituale
655 1912 748 1978 donum,
760 1916 902 1979 etquantum
911 1917 945 1967 ad

137 1984 266 2036 interiorem
279 1984 321 2035 liei
334 1985 466 2037 motionem.
743 2050 746 2056 Ι

169 2058 203 2108 td
214 2058 312 2121 primurn
322 2071 374 2123 ergo
384 2058 518 2121 dicendum,
526 2055 586 2123 qiudd
598 2056 654 2110 illud
665 2057 770 2117 iudicitur
780 2054 869 2108 domini
877 2061 943 2121 quod

138 2128 236 2193 pertinet
249 2124 277 2179 ad
291 2132 365 2179 actum
380 2128 445 2179 liberi
464 2128 564 2191 arbitrii,
583 2129 623 2194 qui
640 2129 761 2194 requiritur
777 2128 802 2180 in
818 2128 862 2179 hoc
878 2128 944 2193 qudd

139 2203 207 2253 homo
220 2201 334 2271 dpeoeato
347 2205 450 2265 resurgat
465 2217 471 2251 :
487 2203 511 2253 et
523 2202 574 2254 ideo
587 2201 640 2253 clun
652 2202 734 2253 dicitur
750 2217 756 2250 :
773 2200 904 2263 «Exurge,
918 2206 945 2252 et

138 2272 274 2326 illuminabit
291 2278 314 2325 te
333 2274 452 2341 Christus,
467 2292 482 2321 rr
501 2288 549 2326 uon
570 2279 606 2327 est
625 2274 795 2338 intelligendum
813 2272 873 2338 qnod
893 2278 945 2327 rota

138 2346 264 2398 exorrectio
274 2346 386 2411 trecento
397 2348 510 2410 praecedat
523 2347 709 2399 dlumiuaiionero
721 2346 815 2409 gratim
827 2346 868 2395 sed
877 2346 943 2409 quia,

139 2418 189 2469 cium
205 2420 273 2469 homo
290 2432 331 2483 per
346 2418 443 2470 liberum
457 2418 574 2471 arbitrium
593 2418 607 2469 d
624 2420 671 2469 lleo
689 2423 776 2469 motum
791 2429 883 2483 surgere
897 2432 944 2469 co-

139 2490 225 2541 natura¹
235 2496 327 2557 peccato
333 2528 341 2554 ,
355 2486 434 2555 recipit
446 2492 524 2542 lumen
535 2491 613 2553 gratia
622 2490 776 2557 instituentis.

169 2563 204 2613 td
217 2564 340 2613 secuudum
354 2562 487 2623 dioendum,
497 2561 559 2626 qudd
573 2562 682 2613 naturalis
696 2561 752 2612 ratio
766 2574 813 2611 non
826 2561 861 2611 cs't
873 2562 942 2613 suld-

138 2634 202 2685 ciens
217 2630 355 2699 principium
371 2633 441 2697 hujus
454 2632 559 2684 multatis
573 2643 624 2697 qnae
637 2637 673 2685 est
686 2634 710 2684 in
725 2632 818 2684 homine
831 2646 874 2697 per
886 2648 945 2697 gra-

139 2706 193 2757 tiam
204 2706 364 2771 justidcautem
374 2722 380 2768 3
392 2706 432 2756 sed
448 2706 518 2769 hujus
535 2704 671 2771 panniolum
683 2707 719 2755 cst
734 2705 822 2771 grstia,
836 2718 887 2769 quar
900 2708 946 2757 tol-

139 2777 192 2847 litur
209 2790 250 2843 per
268 2782 386 2843 peccatum
403 2794 408 2827 :
424 2779 448 2827 et
464 2774 517 2827 ideo
535 2788 582 2826 nou
599 2779 756 2840 quiesthomo
777 2789 819 2842 per
839 2776 946 2843 seipsum

138 2849 250 2915 reparari,
269 2852 308 2901 scd
324 2850 410 2913 indiget
428 2850 452 2897 ut
466 2848 542 2898 denuo
562 2847 584 2898 ei
603 2848 681 2899 lumen
699 2848 778 2912 gratie
794 2847 946 2917 infundatur,

139 2920 197 2975 sicud
208 2920 228 2974 si
241 2922 329 2988 corpori
345 2924 434 2974 mortuo
447 2919 603 2971 resuscitando
615 2918 774 2975 infunderetur
786 2918 872 2975 mima.
