1992 3317
127 186 158 231 26
274 194 347 231 eain
364 192 491 240 secunus,
509 192 602 236 ouusa.
620 193 671 239 cix,
688 192 742 227 anu.
761 192 786 227 x.
814 164 817 171 ’

127 270 265 333 Quandoque
285 269 346 321 enim
363 268 476 333 signifieat
489 268 591 319 hahituoa
606 266 703 329 mentis,
720 266 842 332 per'guem
861 266 936 319 homo

129 342 223 392 flamina
232 344 285 403 stat,
299 354 329 391 ne
342 344 482 392 mmoueatun
494 341 524 391 ah
534 354 562 391 eo
573 340 633 405 quod
644 342 680 390 est
688 338 816 390 meandum
824 337 938 389 nanum

127 426 169 477 per
181 411 286 463 tristitias
300 414 426 474 irruentes,
440 414 467 461 ut
478 412 512 463 sie
523 424 547 462 se
560 411 642 460 haheat
655 410 825 475 pemeaerantia
838 409 867 459 ad
879 410 939 460 tuis·

127 483 205 545 illias,
216 485 276 535 siout
289 484 430 535 continentia
443 484 471 534 ad
485 482 679 547 concupiscentias
690 486 714 533 et
724 481 896 544 delectationes,
908 487 939 531 ut

128 555 281 620 Philosophus
295 555 351 605 licit
364 555 388 604 in
401 556 449 605 Vll.
464 554 547 605 Ethtc.
561 554 611 605 llio
627 554 695 605 modo
705 556 784 617 potest
795 552 840 602 elici
846 566 938 616 peree-

129 629 246 677 uerantio
258 626 350 677 habitus
362 626 453 690 qudam
467 627 592 677 secunlum
608 639 678 691 quem
687 626 756 675 hono
765 625 836 674 hahet
848 638 938 689 propia·

130 699 199 749 sitnm
209 696 369 762 perseverandi
377 698 403 747 in
415 698 476 748 hono
486 710 559 761 nsum
571 697 594 747 iu
604 697 682 747 tinem.
694 696 723 745 Et
732 699 827 759 eumue
837 696 938 747 istorum

130 772 246 821 modorum
260 770 428 834 perseverantia
448 770 518 819 sinaut
534 782 585 818 cnm
602 769 675 832 gratia
690 768 940 831 tumultuositate

130 841 270 892 continentia
294 842 422 892 eleutero
441 840 545 891 uirtutes.
567 841 617 890 Alio
641 839 708 890 modo
726 838 809 889 dieitur
824 854 939 902 paraene-

132 914 219 962 matta
230 910 372 963 continuatio
384 912 489 977 quaedam
502 911 555 963 honi
568 926 640 975 usque
655 912 683 961 ad
696 910 766 960 linem
785 910 848 960 uita.
864 912 893 961 Et
909 915 940 963 ad

132 984 200 1035 talem
215 984 407 1047 perseuerantiam
427 984 572 1045 hahendam,
593 984 660 1032 homo
673 981 700 1031 in
712 982 785 1045 gratia
797 982 940 1033 constitutus

132 1069 178 1107 noo
199 1056 291 1119 quidem
309 1054 397 1121 indiget
416 1056 493 1119 aliqua
513 1054 558 1105 alia
577 1053 685 1104 habituali
698 1053 784 1117 gratia,
795 1053 836 1102 sel
859 1054 941 1104 livino

132 1126 218 1177 anulio
230 1126 306 1191 ipsum
319 1128 433 1191 dirigente
448 1130 471 1177 et
487 1129 619 1191 protegente
637 1128 714 1175 contra
728 1123 882 1174 notationum
894 1124 941 1173 im-

131 1200 227 1264 pulsus,
245 1200 304 1251 sicut
315 1212 345 1251 ex
356 1197 495 1263 procedenti
505 1198 631 1261 quaestione
642 1198 745 1259 apparet.
757 1196 786 1244 ht
798 1195 859 1257 ideo,
873 1200 938 1260 post-

131 1282 202 1333 quam
223 1270 305 1335 aliquis
319 1276 355 1321 est
370 1268 508 1333 justificatus
525 1282 566 1331 per
586 1267 698 1330 galiani,
713 1279 810 1317 necesse
835 1268 906 1317 hahet
925 1268 941 1318 ἐι

131 1341 178 1392 lteo
196 1346 274 1406 petere
293 1341 423 1405 pradictum
435 1340 718 1403 perseverantissimo,
736 1342 763 1386 ut
780 1336 867 1387 scilieet
880 1352 939 1388 eus-

128 1412 322 1464 toliaturamalo
338 1410 447 1475 usquead
461 1410 530 1459 finem
539 1407 605 1471 aitae3
618 1408 695 1458 multis
705 1408 765 1458 euim
777 1408 844 1458 datur
854 1410 937 1472 gratia,

132 1484 216 1547 quihuu
230 1497 277 1535 non
292 1484 357 1533 datur
367 1494 513 1547 perseuerare
523 1480 547 1529 in
560 1480 640 1544 gratia.

165 1556 199 1605 lu
216 1555 315 1619 primum
329 1567 383 1617 argo
396 1552 531 1616 dicendum,
543 1554 603 1616 quod
623 1551 722 1616 objectio
734 1551 773 1601 illa
786 1552 888 1614 prooedit
910 1554 939 1602 de

133 1626 207 1690 primo
220 1626 288 1675 modo
300 1623 486 1688 proterente,
506 1623 564 1673 sieut
574 1627 599 1674 et
614 1622 712 1673 seeum
726 1621 825 1686 obtectio
836 1623 941 1686 procedit

131 1699 161 1748 ‹lo
175 1696 285 1748 seeundo.

165 1768 230 1819 Unde
249 1768 313 1831 patet
324 1767 405 1817 solutio
416 1767 445 1817 ad
459 1768 591 1817 secundino.

166 1841 199 1890 hl
215 1840 307 1889 tertium
319 1838 453 1901 dicendum,
467 1840 537 1902 quod,
555 1838 615 1887 sieut
627 1838 765 1902 Augustinus
775 1837 831 1888 (licit
843 1836 869 1887 in
881 1838 940 1890 lihao

135 1912 172 1959 lle
185 1912 239 1959 not.
251 1912 365 1975 alprat,
379 1912 448 1960 homo
458 1910 483 1959 iu
496 1910 571 1973 priano
584 1912 643 1959 statu
657 1908 745 1974 aooepit
755 1909 853 1969 donum,
867 1926 882 1957 u
896 1924 940 1976 per

134 1982 194 2045 quod
210 1994 355 2046 perseverare
369 1984 456 2044 posset,
469 1993 515 2030 non
526 1984 600 2031 autem
615 1982 705 2047 aceepit
717 1985 744 2032 ut
753 1985 937 2046 perseueraret-‚u

134 2066 195 2103 nuno
211 2056 286 2103 autem
307 2051 462 2117 pergratiam
482 2052 568 2102 Christi
589 2053 655 2103 multi
676 2053 789 2117 ao'tpiunt
807 2054 831 2102 et
853 2053 939 2103 lenum

134 2124 266 2189 gratiaque
277 2127 542 2188 perseuerarepossunt‚
555 2125 681 2175 etalteaius
693 2125 727 2175 eis
735 2126 801 2175 datur
811 2125 871 2187 unuh
883 2137 938 2189 per-

136 2200 249 2247 severent,
264 2198 292 2246 Et
305 2196 338 2247 sio
351 2197 436 2246 donum
449 2194 536 2245 Christi
548 2201 585 2247 est
596 2198 671 2261 majus
681 2210 749 2261 guam
757 2196 864 2247 delictam
872 2197 937 2248 ldae.

133 2268 164 2318 Et
176 2271 253 2319 tannen
264 2266 353 2317 taessius
364 2268 432 2317 hono
447 2281 488 2331 peu
502 2269 580 2331 gratiae
594 2269 676 2320 dunum
688 2280 834 2333 perseuerare
845 2271 939 2331 poterat

134 2336 159 2387 in
172 2340 232 2389 statu
250 2338 386 2389 innocentia
397 2375 403 2401 ,
415 2337 439 2388 in
451 2352 496 2403 quo
511 2340 572 2389 nulla
585 2344 634 2390 eant
647 2339 738 2391 rebellio
755 2338 831 2390 menis
846 2339 874 2389 ad
889 2340 939 2405 spi-

135 2410 204 2460 ritum
215 2448 221 2473 ,
234 2422 302 2473 quam
317 2424 378 2461 nunc
391 2409 516 2475 possimus.
526 2411 617 2475 quando
629 2410 742 2475 reparatio
754 2411 833 2475 gratia
844 2411 939 2474 Christi,

54 2526 61 2531 .
134 2480 178 2531 etsi
193 2481 222 2531 sit
235 2482 341 2532 inchoata
353 2484 465 2545 quantun
480 2481 507 2531 ad
519 2485 634 2545 mentem,
645 2484 745 2533 nondum
755 2485 875 2533 tamenest
884 2494 941 2532 eon-

135 2558 247 2603 summata
259 2557 369 2617 quantum
382 2554 410 2603 ad
424 2566 528 2616 earnem3
542 2554 603 2617 quod
616 2554 659 2605 anit
675 2554 700 2605 io
713 2554 801 2619 patria,
815 2554 856 2603 uhi
868 2554 939 2605 homo

134 2637 180 2675 non
193 2625 265 2677 solum
279 2636 424 2689 mantenano
438 2624 536 2690 poterit,
548 2627 588 2677 sed
601 2626 670 2676 etium
683 2638 778 2691 peomne
788 2639 835 2678 nou
843 2624 937 2690 poterit.
