1992 3317
310 114 343 161 hh
359 118 462 164 umato
478 119 629 163 damatam.
825 113 872 164 Ἀθ

68 196 95 248 in
107 193 185 247 multis
197 198 254 247 aaut
266 196 348 263 utilas,
360 200 414 251 dum
432 218 446 249 «
460 207 504 253 uos
517 202 643 263 mnuudo,
656 200 724 253 rehu
733 211 827 252 mmoas
839 202 885 262 ta·-

67 268 169 331 tricent,
185 282 199 314 o
216 268 276 319 sicut
294 270 433 334 Augustinus
453 272 508 323 dicit
529 274 558 323 II.
574 273 612 321 De
629 273 707 323 Cier't.
733 274 789 323 Dei.
812 275 871 338 Ergo

68 342 183 391 demones
197 345 251 391 sunt
261 354 291 391 ex
302 342 412 395 charitate
430 342 552 406 diligendi·

99 412 144 461 Sed
162 414 242 463 centra
259 416 306 477 est,
328 413 388 477 qudd
405 414 487 465 dicitur
508 418 582 469 Iretu
601 418 692 467 XXVIII
709 417 875 469 :oIIeIehitur

68 483 142 533 Ioedus
152 486 254 535 uestmm
265 498 316 535 cum
327 489 412 548 morte,
425 490 448 536 et
456 489 551 551 pactum
559 491 662 538 vestrum
670 502 721 539 cum
729 487 819 540 interno
827 503 875 541 ooo

69 555 149 605 stabii.
159 572 173 603 »
183 556 227 606 Sed
235 556 347 621 perfectio
358 556 422 621 pacis
433 566 458 608 et
468 559 560 610 laederis
568 562 651 625 estper
662 559 804 611 charitatem.
814 562 875 625 Ergo

68 628 97 679 ad
108 627 238 692 daemones,
252 628 293 692 qui
303 632 357 679 suut
371 629 456 679 luterni
475 629 569 694 incola,
580 632 872 697 etmortisprocuratores,

68 696 205 749 charitatem
215 699 301 751 hahere
315 712 363 751 nan
374 700 491 751 dehemus.

104 772 408 834 (coeundo-Possunt
421 772 535 823 demones
545 784 572 823 ex
584 774 694 825 charItate
703 775 732 825 ah
744 776 874 827 homiuibus

69 842 134 905 diligi
147 846 259 907 quantum
272 844 300 894 ad
315 856 381 894 suam
393 846 513 906 uatrrram,
521 858 569 895 nou
579 848 656 895 autem
663 849 774 909 quantun
786 849 815 897 ad
825 850 875 898 cul·

68 926 137 977 pam,
151 918 265 977 quatenus
279 914 398 978 videlidet,
414 915 465 967 illos
487 915 619 967 conservari
635 916 661 968 iu
675 917 875 970 suisuaturalihus

68 984 223 1037 desideramus
237 986 266 1036 ad
279 985 374 1049 gloriam
389 986 473 1037 diviua
488 986 642 1051 majestatis.)

99 1056 235 1121 Respoudeo
247 1056 378 1122 dicendum,
394 1057 455 1122 quod
468 1057 527 1109 sicut
538 1058 703 1123 suprd'dictum
716 1065 766 1122 est,
780 1061 805 1111 in
818 1075 874 1125 pec·

69 1128 183 1179 muudus
202 1142 233 1179 ex
251 1129 362 1179 charltate
382 1128 490 1179 dehemus
513 1128 607 1193 diligere
624 1134 742 1193 naturam,
754 1136 874 1196 peccatum

69 1205 147 1253 autem
163 1201 244 1265 odire;
262 1200 305 1251 suh
319 1200 411 1251 nomine
423 1205 500 1253 autem
517 1202 628 1253 demonis
638 1202 779 1267 significatur
793 1208 874 1256 matura

69 1276 165 1336 peccam
183 1272 309 1324 deformata
324 1288 330 1320 :
346 1276 369 1322 et
388 1271 438 1323 ideo
453 1273 567 1323 daemones
586 1286 615 1323 ex
633 1274 743 1326 charitate
759 1289 806 1326 uon
821 1283 875 1327 suut
941 1311 944 1316 >

71 1343 193 1407 diligendi.
209 1344 252 1407 ut,
268 1343 290 1393 si
304 1356 349 1393 oon
363 1344 403 1392 ilat
414 1342 450 1393 us
466 1344 491 1393 iu
504 1344 610 1408 nomiae,
621 1348 645 1395 et
658 1348 756 1410 quaetio
764 1348 876 1399 referatur

71 1415 98 1464 ad
111 1415 164 1465 illos
174 1414 269 1479 spiritus
280 1415 320 1479 qui
331 1414 447 1465 demones
460 1415 575 1479 dicuutur,
583 1418 660 1466 utrum
673 1416 757 1467 sintex
765 1420 874 1471 charitate

72 1486 189 1551 dihgeudI,
200 1487 383 1552 respondendum
392 1490 436 1548 est,
448 1488 573 1537 secuudum
582 1488 714 1551 promissa,
722 1488 783 1552 quod
792 1490 876 1554 ahquid

72 1572 100 1609 ex
116 1560 227 1611 charitate
245 1558 348 1623 diligitur
369 1560 497 1624 dupliciter.
513 1560 564 1609 Uno
586 1560 652 1609 modo
672 1559 732 1611 sicut
756 1563 785 1610 ad
806 1575 875 1624 quem

73 1630 170 1681 amicilia
182 1632 291 1695 hebetum
308 1636 332 1681 et
347 1631 379 1681 sie
393 1632 421 1681 ad
433 1631 485 1681 illos
504 1628 596 1694 spititus
616 1630 734 1680 charltatis
751 1630 875 1681 amicitiem

71 1700 157 1753 hahere
172 1715 217 1753 nou
230 1714 360 1767 possumus.
380 1702 482 1752 Pertinet
503 1700 564 1751 euim
584 1702 613 1751 ad
630 1700 741 1751 rationem
756 1700 875 1764 amidtiae,

71 1776 97 1823 ut
117 1772 196 1825 amicis
210 1773 296 1825 uostris
312 1774 397 1824 honum
414 1772 520 1823 velimus.
542 1772 600 1823 Illud
618 1775 695 1823 autem
716 1772 803 1823 honum
821 1773 875 1825 vita

70 1848 163 1897 eetemae
181 1848 240 1910 quod
259 1846 352 1910 respicii
366 1844 477 1907 charitas,
493 1843 610 1908 spiritibus
624 1844 669 1895 illis
687 1844 701 1894 a
717 1844 763 1895 Deo
781 1847 876 1895 alema-

69 1916 125 1966 Iiter
144 1916 268 1981 damnate,
286 1930 316 1967 ex
332 1915 442 1967 charitate
460 1914 519 1965 velle
537 1928 584 1966 nou
601 1929 737 1981 possumus;
751 1916 795 1966 hoc
814 1916 875 1966 enlm

68 1992 209 2053 repugnaret
228 1989 334 2040 charilati
351 1986 405 2051 hei,
421 2000 463 2051 per
479 1999 548 2051 quam
565 1987 615 2051 eius
633 1986 747 2050 Justiliam
765 1988 877 2051 approha-

70 2074 132 2111 mus.
148 2060 198 2111 Alio
210 2061 276 2112 modo
294 2059 394 2123 diligilur
410 2058 508 2122 aliquid,
524 2056 582 2108 sicut
596 2060 656 2121 quod
670 2059 774 2109 volumus
786 2072 877 2121 perma-

71 2146 128 2185 nere
142 2136 169 2182 ut
186 2133 270 2183 honum
289 2132 393 2195 alterius,
408 2144 450 2195 per
468 2143 536 2195 quem
549 2131 641 2180 modum
654 2144 684 2181 ex
697 2130 807 2181 charitate
824 2130 876 2182 dili-

72 2205 149 2269 gimus
162 2204 304 2273 iurationales
316 2208 438 2266 creaturas,
448 2202 478 2252 'iu
491 2206 602 2267 quantum
617 2202 722 2253 volumus
735 2214 773 2252 eas
785 2215 875 2266 perma-

72 2290 129 2329 nere
149 2278 177 2329 ad
195 2277 290 2343 gloriam
305 2277 360 2341 Ilei,
378 2280 400 2326 et
418 2275 538 2325 utilitatem
556 2274 688 2339 homiuum,
703 2278 729 2324 ut
745 2273 814 2338 supra
831 2275 878 2326 dc-

72 2351 123 2399 tum
142 2352 187 2399 est.
206 2350 235 2399 ht
252 2361 294 2413 per
313 2350 375 2397 huuc
397 2346 504 2409 modum,
524 2350 627 2396 naturam
646 2346 791 2409 daemouum,
810 2344 878 2396 etiam

74 2434 105 2471 ex
129 2422 239 2472 charitate
261 2420 355 2485 diligere
375 2432 508 2483 possumus,
530 2418 555 2467 iu
573 2422 683 2483 quantum
704 2416 792 2468 scilicet
812 2416 879 2469 uolu-

75 2506 127 2543 mus
144 2493 196 2545 illes
217 2493 310 2559 spiritus
330 2494 355 2543 iu
371 2492 418 2543 auis
439 2490 578 2542 naturalibus
596 2490 726 2541 conservari
741 2491 770 2539 ad
786 2489 879 2554 gloriam

111 2636 145 2685 hd
165 2636 262 2700 humum
281 2649 335 2699 ergo
356 2635 491 2701 dicendum,
509 2634 571 2699 quod
590 2647 656 2685 meus
676 2634 815 2697 angelorum
834 2646 880 2685 uou

77 2704 150 2757 habet
163 2706 369 2772 impossibilitatem
384 2708 412 2759 ad
433 2712 541 2760 eternam
561 2705 726 2757 beatitudiuem
737 2704 866 2756 hahendam
871 2740 881 2766 ,

77 2776 142 2829 siem
151 2777 220 2830 hahet
230 2794 294 2833 meas
307 2781 436 2833 damonum
451 2796 457 2829 :
472 2783 496 2831 et
506 2778 558 2829 ideo
574 2777 675 2829 amicitia
686 2776 815 2838 charitatis,
829 2788 881 2838 qum

79 2850 189 2917 laudatur
200 2864 266 2917 super
273 2852 475 2906 communicatione
483 2851 539 2907 uitae
546 2853 637 2903 mma
650 2848 722 2915 magu
732 2860 801 2913 qoam
813 2857 885 2909 super

192 2964 226 3008 ιγ,
742 2934 772 3000 id
875 3018 883 3022 .
