1992 3317
297 226 329 265 DE
343 221 409 265 miii)
425 226 594 267 mimus·
801 222 846 269 107

48 302 108 367 Vnt)
126 317 132 353 :
150 301 294 354 «Provolat
314 302 462 367 intedimus,
483 307 508 354 et
528 304 589 356 tardt
609 305 711 371 sequitur
733 306 849 360 humanus

44 379 106 441 atapue
119 375 228 426 infirmus
239 375 343 426 affectus.
356 392 371 423 o
390 375 437 426 Sed
446 375 474 425 in
484 377 588 427 omnihus
601 378 737 431 habentibus
750 380 848 444 gratiana

44 453 125 510 gramm
137 448 265 499 thomatem
284 451 319 497 est
335 452 458 512 promptus
478 447 572 499 mactus
591 453 685 514 propter
699 452 843 503 charitatem.

43 522 97 583 Ergo
107 520 191 571 donum
201 519 335 570 intatteutrs
348 522 426 583 potest
438 531 489 569 esse
501 518 525 568 iu
535 520 571 571 his
584 521 623 587 qni
635 534 681 571 non
691 523 778 575 hahent
791 538 844 589 grn-

43 592 94 641 tiam
107 596 194 654 matum
209 591 343 659 facientem.

73 668 96 712 Ξ.
113 664 241 726 Praeterea,
264 662 399 715 Danielis,
420 661 441 711 X
449 698 458 724 ‚
473 660 570 725 dicitnr,
586 663 647 729 qudd
662 680 676 712 a
692 665 844 729 intsiiigentia

45 748 98 798 opus
106 736 171 785 estin
180 736 272 786 visione
283 732 432 799 prophetiam
444 749 461 779 u
469 737 493 783 et
505 734 538 785 ita
547 734 638 785 videtur
648 738 709 801 quod
721 739 843 803 prophetia

43 822 83 858 non
95 809 125 859 sit
134 808 185 859 sine
202 809 265 859 dono
278 807 417 857 intellectus.
433 806 479 856 Sed
497 809 617 871 prophetia
633 812 709 873 potest
726 824 777 863 ossa
793 812 844 863 sina

40 883 109 942 gratia
123 885 212 945 gratnm
223 881 333 940 iaciente,
345 883 373 929 nt
389 882 453 943 patet
466 880 566 941 natta„
583 882 632 944 vu,
647 882 687 932 uhi
700 882 846 935 dicentibus:

42 952 190 1003 «innomine
199 956 242 1002 tuo
255 949 461 1016 prophetavimus,
477 951 655 1014 »respondetur
670 968 675 1000 :
690 970 704 1000 u
719 954 841 1018 Nunquam

40 1024 95 1073 nori
112 1037 162 1073 ros.
180 1025 264 1087 »drgo
281 1023 370 1073 donum
390 1021 523 1071 intellectus
542 1025 619 1086 potest
638 1034 688 1073 essa
706 1024 756 1075 sine
773 1027 845 1091 gratia

38 1096 128 1157 gratum
140 1094 246 1145 iaciente.

66 1172 88 1215 a.
104 1168 228 1230 Prartmea,
244 1168 329 1217 donum
342 1166 476 1216 intatleutns
488 1163 612 1229 respondet
627 1165 708 1216 virtuti
724 1166 786 1228 tidei,
804 1180 845 1217 se·

33 1240 130 1289 mutum
147 1240 204 1289 illud
221 1241 281 1293 lm..
300 1238 355 1300 vlt,
369 1242 394 1299 t,
415 1237 540 1287 secuudum
553 1238 620 1288 aliam
636 1238 733 1289 litteram
749 1254 754 1287 :
769 1254 782 1283 a
797 1238 846 1290 Nisi

34 1310 187 1374 credideritis,
197 1324 245 1361 nou
255 1308 402 1372 intelligatis.
415 1324 429 1353 u
441 1308 487 1357 Sed
495 1308 551 1359 ddas
565 1312 641 1373 potest
651 1322 702 1361 esse
711 1312 762 1361 stus
770 1310 844 1375 gratia

35 1387 120 1444 gratum
130 1384 243 1433 iaciente.
258 1383 317 1445 Ergo
331 1380 402 1431 etiam
417 1380 502 1429 donum
514 1379 651 1433 intellectus.

69 1454 112 1503 Sed
127 1459 207 1505 rantra
223 1457 260 1503 est
269 1492 276 1515 ‚
286 1452 350 1517 qudd
363 1450 474 1503 hominus
489 1451 546 1503 dioit
558 1458 641 1513 doura,
663 1454 703 1503 vn
717 1468 724 1503 ι
738 1455 843 1505 «Omnis

36 1524 75 1587 uni
89 1525 199 1575 andium
211 1527 291 1585 Patre,
305 1528 329 1574 et
341 1522 438 1583 niniam,
454 1522 518 1572 venit
531 1524 559 1573 ad
575 1536 619 1575 rus.
637 1541 650 1572 u
662 1526 708 1575 Sed
719 1537 762 1589 per
773 1525 843 1576 intet-

34 1597 118 1646 tectnm
137 1598 215 1647 audita
240 1595 396 1657 addiscimus,
424 1594 463 1643 nat
479 1597 641 1657 penetramus,
665 1600 692 1645 ut
713 1598 778 1659 patet
802 1610 843 1661 per

35 1668 168 1731 Gregorinm
176 1668 203 1719 in
213 1670 233 1719 1.
246 1666 396 1716 nasutium.
409 1666 469 1728 Ergo
483 1664 618 1729 quicumque
633 1666 703 1723 hahet
714 1666 843 1717 intellectus

32 1744 137 1803 donum,
149 1743 212 1791 venit
226 1741 257 1791 ad
267 1740 384 1790 Christum
400 1754 406 1788 :
421 1738 484 1803 quod
497 1751 543 1789 nau
558 1739 655 1790 estsine
668 1742 740 1803 gratia
754 1744 842 1803 gratum

32 1815 139 1865 faciente.
157 1815 217 1878 Ergo
234 1812 321 1863 donum
336 1810 468 1861 intettectns
482 1824 529 1861 non
548 1814 584 1861 est
598 1810 647 1861 sine
664 1810 735 1875 gratia
754 1814 842 1874 gratum

33 1886 137 1937 tamem.

63 1959 267 2023 (Cosanum.-
276 1957 327 2006 Non
336 1957 415 2019 potest
423 1953 508 2005 donum
517 1953 647 2006 intellectus
657 1954 681 2006 iu
694 1954 839 2019 aliquodue,

31 2030 69 2093 qui
85 2029 161 2094 gratia
177 2032 270 2094 gratnm
287 2027 387 2077 iaciente
401 2022 509 2089 eareat.)

59 2103 201 2167 despondeo
220 2099 358 2156 dicendum,
372 2096 433 2161 qudd
448 2098 506 2151 sicut
526 2096 594 2162 suprt
614 2098 699 2147 dictum
715 2101 752 2149 est
764 2101 803 2161 (t,
815 2104 839 2161 t,

30 2190 68 2236 qu.
82 2179 123 2235 68,
137 2178 185 2225 art.
200 2177 213 2222 1
230 2174 256 2223 et
267 2170 309 2235 ι),
319 2170 378 2221 dona
392 2168 494 2233 Spiritus
507 2170 579 2219 sancti
596 2170 840 2237 perfieiuutanima1n‚

31 2248 157 2296 secundum
171 2245 235 2311 qnod
250 2247 287 2294 est
307 2244 366 2293 haue
389 2241 482 2291 mobilis
496 2240 511 2291 a
526 2242 612 2307 Spiritu
629 2247 715 2294 saneto.
731 2244 770 2295 Sic
787 2258 841 2308 ergo

30 2318 188 2368 intellectuate
215 2316 295 2367 numm
318 2315 397 2379 gratia
421 2312 516 2377 ponitur
540 2312 624 2365 donum
646 2314 793 2377 intellectus,
817 2316 842 2367 iu

29 2395 141 2452 quantum
153 2388 293 2440 interiectus
304 2385 406 2438 hominis
415 2387 451 2435 ast
464 2385 523 2435 bene
534 2384 624 2436 mobilis
633 2385 646 2437 t
655 2386 741 2451 Spiritu
753 2391 838 2439 saneto.

29 2461 167 2525 hujusmodi
186 2464 265 2510 autem
280 2462 355 2509 motus
368 2456 520 2510 consideratio
534 2456 558 2506 in
574 2458 618 2507 hoo
635 2460 683 2520 est,
699 2458 757 2521 qudd
772 2460 840 2510 homo

27 2534 192 2597 apprehendat
213 2530 336 2582 veritatem
354 2530 416 2581 drea
432 2528 510 2577 finam.
526 2529 590 2579 Unde
608 2530 654 2579 uisi
670 2543 742 2593 usque
756 2532 783 2583 ad
797 2532 841 2581 hoc

28 2610 151 2655 moueatur
169 2603 285 2668 'aSpiritn
303 2606 382 2653 saneto
403 2599 533 2651 intettectns
556 2602 684 2664 humanus,
702 2606 727 2651 ut
752 2607 841 2663 rectam¹

27 2676 211 2727 estimationem
224 2677 254 2726 de
269 2675 314 2724 fine
329 2672 431 2734 haheat,
450 2672 550 2721 nondum
563 2677 698 2723 consecutus
708 2676 743 2723 est
754 2674 839 2723 donum

25 2750 176 2811 intellectus,
193 2751 405 2811 quantumcumque
426 2757 457 2795 es
471 2743 622 2798 idustrationa
633 2744 734 2811 Spiritus
753 2745 841 2809 saneti,
936 2762 938 2768 2

24 2823 70 2870 atia
87 2820 196 2885 quedam
219 2817 362 2883 praesentante
376 2820 507 2879 cognosset.
527 2817 624 2867 Rectam
640 2820 719 2867 autam
744 2816 843 2866 sanma-

24 2894 116 2944 tionem
135 2894 165 2943 de
186 2890 272 2941 ultimo
289 2890 335 2941 dns
353 2902 401 2939 non
421 2887 503 2951 natm
519 2888 563 2938 nisi
582 2889 620 2939 illa
638 2888 678 2952 qui
697 2886 758 2936 eirca
773 2887 843 2932 duam

25 2978 71 3015 uon
83 2968 165 3027 errat,
180 2962 223 3015 sed
236 2962 261 3014 ei
273 2961 370 3013 tirmiter
380 2960 479 3011 inheret
493 2964 603 3026 tanquam
614 2959 718 3023 optima,
731 2954 793 3019 qued
809 2953 845 3000 est
