1992 3317
197 217 234 256 nn
243 213 387 256 munemne
402 215 530 257 lmurrcrrs
547 217 699 258 ruunmrrnu.
800 198 846 260 'tet'

54 295 81 346 ad
95 295 137 345 duo
148 293 219 345 tendit
230 293 317 358 :primb
327 293 417 358 quidem
432 296 459 345 ad
470 297 592 360 regendam
602 309 784 362 unamquamque
799 312 847 350 rem

53 366 77 417 in
86 366 175 429 seipsa3
190 365 289 416 secundo
300 365 354 417 verb
366 367 395 416 ud
407 367 555 418 resbtendum
565 367 700 419 extrinsecis
712 369 848 434 impugnen-

52 439 112 488 tibus
122 440 144 488 et
155 437 298 500 corruptivis.
313 437 342 487 Et
350 440 442 502 propter
452 439 496 488 boc
511 452 556 491 non
575 439 634 490 delii
647 439 719 492 solirm
731 440 848 494 animabus

53 509 101 558 rim
114 508 324 572 concupiscibilem,
338 521 379 572 per
389 522 457 573 quam
471 513 604 561 moveantur
618 512 645 562 ad
655 525 739 576 eaque
748 519 802 563 sunt
811 527 848 564 sa·

52 581 95 632 luti
106 593 181 630 eornm
199 581 352 644 accommoda,
370 580 490 630 sedetiam
505 581 551 631 vim
564 581 711 646 irascibilem,
727 597 848 650 perquam

52 652 136 702 animal
151 650 238 701 resistit
257 651 450 716 impugnantibus.
466 653 532 703 Unde
546 657 570 704 et
588 653 612 704 in
626 653 662 704 bia
675 667 725 718 que
740 659 792 705 suut
810 671 848 709 sc-

52 723 152 775 nundin
166 723 277 774 rationem
293 737 339 773 non
354 723 427 774 solum
439 727 529 787 oportet
542 735 591 775 ease
604 723 746 788 pmdentiam
758 728 848 790 potr'tr'-

52 811 119 852 com,
129 806 245 858 perquam
255 794 419 845 convenienter
432 794 579 859 disponuntur
592 807 618 844 ea
632 807 682 858 quae
695 796 809 860 pertinent
820 801 847 851 ad

51 869 135 918 bouum
153 877 288 927 commune,
306 867 346 916 sed
362 865 430 916 etiam
443 865 596 922 militarem,
612 879 652 930 per
667 880 734 930 quum
749 869 848 920 bostium

50 937 150 989 insultus
163 936 309 1000 repellantur.

86 1009 118 1059 lul
131 1009 230 1072 primum
242 1021 297 1072 erqo
307 1009 436 1070 dicendum,
447 1007 508 1073 qubd
520 1009 646 1060 militarie
657 1012 732 1074 potest
742 1021 793 1059 esse
803 1021 848 1068 ars,

50 1078 175 1131 secunoirm
184 1078 245 1142 qnbd
255 1079 323 1130 babet
332 1080 442 1143 quasdem
451 1078 539 1142 requies
549 1079 611 1130 recte
624 1079 701 1132 utendi
715 1079 849 1144 quibusdam

50 1149 201 1203 exterioribus
222 1151 302 1211 rebus,
316 1150 370 1215 pntl
390 1151 458 1200 armis
477 1154 501 1200 et
522 1150 704 1216 ejusmod13sed
725 1147 850 1201 secundino

50 1221 114 1286 qubl
122 1220 238 1272 ordinatur
247 1222 275 1272 ad
283 1223 367 1272 bonum
377 1235 506 1284 commune,
512 1222 580 1273 babet
591 1222 662 1286 magis
675 1221 787 1272 rationem
796 1234 850 1284 pru·

51 1294 147 1346 lentim.

83 1367 119 1416 Ad
135 1363 259 1414 aemulum
276 1362 409 1427 dicendum,
428 1364 489 1429 qubd
508 1365 552 1414 alia
574 1364 665 1428 negotia
685 1377 734 1427 que
755 1367 809 1414 sunt
826 1363 851 1412 in

49 1435 146 1488 civitate
160 1433 291 1484 ordinantur
303 1433 333 1485 ad
346 1434 433 1499 aliquas
442 1435 589 1500 particulares
600 1434 723 1497 utilitatem
738 1435 777 1486 sed
790 1433 851 1484 mili-

48 1513 99 1559 tare
112 1505 229 1570 negotium
245 1505 360 1556 ordinatur
372 1508 401 1556 ad
414 1507 533 1557 tuitionem
549 1507 618 1557 totius
629 1505 682 1557 boni
697 1504 832 1556 communis.

81 1581 117 1630 Ad
138 1577 230 1629 tertium
249 1577 381 1643 licendum,
397 1578 459 1641 quoe
479 1577 582 1630 executio
599 1577 684 1628 militiae
706 1575 852 1640 pertinebat

47 1649 222 1710 tortitudinem,
232 1649 273 1699 scd
284 1649 375 1700 directio
387 1649 416 1699 ad
431 1649 592 1712 prudentiam,
606 1651 629 1699 et
640 1647 754 1712 precipue
767 1659 850 1698 secun·

47 1722 104 1788 diam
121 1721 183 1785 quod
200 1719 272 1770 estin
285 1721 344 1772 duce
355 1718 478 1772 exercitus.

332 2061 497 2133 timelio
515 2063 561 2128 LI.

45 2208 82 2256 De
96 2202 238 2254 uirtutem
254 2203 380 2262 autorem
395 2203 553 2320 plrudmte'oe,
566 2205 595 2250 to
609 2206 714 2263 potuer
735 2205 853 2254 orttcutor

423 2276 496 2321 epiro.

77 2434 168 2484 Postea
185 2428 376 2481 considerantium
391 2431 426 2480 est
443 2429 471 2479 de
489 2427 609 2478 virtutibus
625 2427 737 2493 adjunctis
752 2427 851 2492 pruden-

44 2506 103 2568 tiae,
120 2516 175 2566 qnae
189 2504 243 2552 sunt
253 2500 319 2564 qnasi
333 2500 469 2565 potenbaies
482 2499 564 2563 ipsius.

76 2577 108 2626 m
128 2574 192 2624 circa
207 2575 252 2623 boc
273 2575 404 2640 queruntur
426 2575 522 2635 quatuor
543 2574 591 2622 :1⁰
607 2570 687 2622 Uirium
712 2570 801 2621 eubulia
825 2569 854 2622 sit

44 2647 133 2697 virtus.
155 2649 185 2693 2⁰
198 2639 279 2695 Utrbm
302 2643 332 2694 sit
350 2641 456 2707 specialis
478 2642 552 2694 virtus
571 2641 584 2692 b
601 2639 721 2707 prudentia
737 2639 852 2690 distincta.

44 2720 70 2765 3⁰
80 2715 167 2767 Utrirm
179 2714 270 2780 synesis
282 2714 312 2766 sit
321 2712 424 2780 specialis
434 2713 513 2766 uirtus.
531 2716 557 2763 t0
570 2711 649 2766 Utrirm
663 2724 744 2777 gnome
757 2711 787 2764 sit
799 2723 852 2776 spe·

42 2785 112 2838 cialis
124 2785 211 2838 vinus.
291 2818 293 2821 -
