1992 3317
287 201 470 250 ocrearum
481 202 595 242 errrore.
800 197 844 245 lla

35 277 46 323 'a
60 274 191 325 urbibus.
206 274 254 325 sm
267 273 326 324 lites
337 275 555 325 enumeraturinter
564 276 647 339 gratias
663 278 732 343 qratia
746 278 812 331 datas
825 280 845 331 l.

35 347 68 394 nd
80 347 150 402 Gor„
162 347 196 408 lt,
211 349 237 397 et
248 343 356 396 nauiter
369 345 430 395 iuter
439 346 535 407 leuctris,
547 348 582 399 od
595 348 661 406 Gal„
672 350 700 398 V.
716 350 776 415 Ergo
788 352 844 403 lidos

36 432 78 467 noo
96 422 132 469 eet
145 418 233 467 virtus.

64 491 108 540 Sel
124 495 207 539 eontra
226 491 278 552 est,
291 489 353 552 quod
372 491 442 541 bomo
455 502 498 554 per
512 490 608 543 virtutes
625 492 771 556 justitloatur.
785 497 844 547 llam

37 580 50 607 u
59 561 146 624 justitia
158 564 195 611 est
210 564 262 610 tola
280 560 367 625 rictus,
386 578 401 608 »
418 566 444 611 ul
458 561 578 613 (licitatio
595 564 624 614 V.
641 564 723 614 We.
743 566 786 617 sed
803 580 845 633 per

38 634 104 681 rilem
116 634 184 682 laonio
194 630 344 696 justificatur,
357 633 486 683 umatum
501 633 554 684 illut
568 634 604 685 acl
619 636 729 697 aom.,v
742 652 748 687 :
766 655 780 685 n
793 638 844 690 lus·

38 703 114 754 librali
130 717 186 767 ergo
202 716 233 754 ex
255 702 317 764 lile,
331 716 412 768 pacem
433 705 558 769 hammus,
574 710 617 757 ete.
638 723 652 754 u
668 708 727 773 Ergo
741 709 796 760 llrles
810 712 844 760 eet

35 778 114 826 nnus.

67 848 232 908 (Comusro.
252 846 355 898 -Criun
375 848 433 899 lites
459 848 555 899 formata
575 850 606 911 sit
622 850 759 915 principium
779 856 843 903 aelus

34 919 142 983 perlecti,
150 919 224 969 uirtus
235 919 369 969 necessario
377 923 429 983 est,
446 934 493 970 non
508 924 583 971 arbre
598 922 653 971 fides
667 921 795 982 informis.)

66 990 206 1053 aeponoeo
220 991 358 1056 dicendum,
373 993 434 1055 quod
454 992 514 1042 sicul
531 1006 560 1043 en
575 992 692 1057 predictis
712 998 774 1057 putet
787 996 840 1060 (l),

35 1063 109 1111 virtus
123 1062 222 1111 bumana
236 1067 273 1113 est
287 1076 330 1125 per
345 1075 414 1127 quam
429 1067 493 1113 actua
511 1066 624 1114 humanus
639 1062 740 1114 redditur
752 1064 840 1117 bonos:

33 1136 91 1184 rrnle
110 1134 253 1197 quicumque
271 1134 364 1184 babitus
382 1138 418 1185 est
434 1137 524 1199 semper
541 1134 677 1200 principium
696 1136 752 1185 boni
770 1142 842 1197 actae,

32 1209 107 1270 potest
125 1206 173 1255 clici
188 1205 266 1255 vinus
277 1207 388 1255 bumana.
406 1204 469 1255 Talis
485 1209 561 1257 autem
576 1208 668 1257 babitus
681 1206 786 1258 estates
799 1208 844 1258 lor-

32 1285 98 1329 nata.
108 1276 170 1327 Cinna
184 1276 248 1327 enim
259 1276 352 1327 credere
363 1276 394 1326 sit
405 1281 469 1326 actus
482 1276 609 1329 intellectus
618 1278 764 1329 assentiemus
779 1292 842 1341 vero,

33 1364 61 1399 er
73 1350 172 1412 imperio
186 1348 330 1408 voluntatis,
344 1349 371 1397 ad
388 1350 434 1399 hoc
453 1347 514 1411 quod
531 1349 575 1399 iste
592 1353 655 1400 aratus
667 1349 697 1399 sil
710 1350 841 1413 perlectae,

35 1423 79 1470 (luo
91 1420 240 1483 requirunlm
253 1433 260 1467 :
275 1432 371 1481 quorum
380 1432 453 1468 unuin
465 1422 507 1475 est,
517 1423 542 1468 ut
552 1420 700 1471 iulullibiliter
715 1422 844 1473 intellectus

35 1492 112 1540 tendat
124 1492 147 1540 iu
161 1504 234 1541 suum
249 1490 336 1540 bouum
349 1491 411 1553 quod
430 1493 567 1554 estrerum3
587 1491 737 1542 alludentem
755 1497 802 1555 est,
817 1497 843 1544 ut

32 1563 179 1614 infallibiliter
196 1562 307 1611 rolunlaa
332 1562 452 1612 ordinetur
470 1563 499 1612 ad
521 1562 626 1613 altimum
649 1563 730 1625 bucin,
751 1567 843 1629 propter

30 1649 93 1697 qoem
107 1634 213 1686 assentit
229 1637 343 1683 vereret
357 1636 478 1695 utrumque
492 1632 608 1685 invenitur
621 1634 645 1683 in
661 1636 714 1683 actu
726 1635 778 1685 liutei
792 1635 841 1685 lor·

30 1712 103 1761 nale.
115 1708 177 1757 Nam
193 1718 225 1754 ex
233 1702 327 1753 ratione
338 1704 411 1768 ipsius
423 1703 475 1753 fidei
484 1706 532 1766 est,
545 1704 604 1766 quod
615 1702 743 1754 intellectus
754 1717 843 1769 semper

30 1779 113 1829 lentur
125 1779 152 1828 iu
169 1789 272 1837 rerum3
290 1776 343 1838 quia
361 1775 415 1826 litei
434 1788 480 1825 nou
500 1778 577 1840 potest
595 1776 687 1826 subesse
704 1774 803 1835 falsum,
818 1779 843 1827 ot

30 1851 93 1915 sopri
106 1848 219 1901 habitum
227 1851 273 1898 eat
288 1847 323 1897 Eu
334 1845 445 1896 charitate
456 1850 531 1897 autern
543 1860 592 1909 qaae
603 1847 684 1897 berrat
694 1848 760 1897 tidem
775 1848 843 1899 habet

31 1925 101 1971 anina
115 1921 181 1986 qnid
200 1918 354 1969 infallibiliter
371 1919 477 1969 voluntas
493 1918 610 1969 ordinetur
624 1918 648 1969 in
664 1918 732 1969 linem
747 1919 840 1971 bonum.

30 1996 55 2042 Et
65 1996 117 2044 ileo
131 1993 195 2044 tides
214 1990 313 2040 lou-mata
327 1995 365 2041 eet
374 1989 456 2039 virtue
466 1990 534 2040 Fides
551 1994 625 2040 autern
636 1990 740 2041 informis
753 1996 843 2043 nonest

30 2067 110 2127 uirtus,
127 2064 186 2128 qnia
200 2062 247 2113 etsi
260 2065 324 2111 actos
337 2062 394 2112 fidei
407 2061 512 2111 informis
525 2062 608 2111 habea
621 2063 782 2125 perlectionem
797 2064 842 2115 de·

30 2138 94 2187 bitum
104 2152 135 2188 ex
146 2139 221 2202 parte
234 2132 378 2196 intellectus,
393 2146 440 2182 non
455 2136 530 2183 tarneu
544 2134 612 2185 babet
626 2134 789 2198 perlectionem
801 2135 842 2186 de-

31 2210 95 2258 bitam
113 2222 145 2259 ex
163 2209 235 2272 parte
250 2204 386 2254 voluntatis.
402 2203 466 2253 Sicut
479 2203 567 2253 etiarnsi
581 2205 731 2269 temperantia
742 2209 802 2255 esset
817 2206 842 2256 in

32 2278 207 2344 concupiscibili
220 2282 246 2327 et
257 2277 378 2341 prudentia
392 2288 439 2325 uon
452 2281 512 2326 esset
526 2276 550 2325 in
563 2275 675 2337 rationali,
690 2277 841 2339 temperantia

33 2364 75 2399 uon
91 2356 156 2403 esset
173 2350 253 2399 uirtus
259 2385 269 2411 ,
280 2352 307 2397 ut
320 2347 389 2412 sopri
406 2346 490 2396 (lictum
503 2352 551 2411 θεῖς
563 2348 615 2413 quia
629 2348 657 2397 ad
669 2352 744 2397 actum
755 2350 843 2411 tempe·

33 2423 109 2473 rantie
122 2420 255 2486 requiritur
273 2422 338 2469 actus
353 2416 449 2468 rationis
460 2423 484 2468 et
496 2422 560 2469 aetna
571 2418 766 2483 concupiscibilis,
784 2418 844 2469 sicut

34 2493 58 2541 erl
73 2498 151 2543 actum
164 2491 224 2543 fidei
237 2490 363 2554 requiritur
376 2492 441 2539 actuo
452 2490 576 2541 uoluntario
585 2494 609 2540 et
622 2494 687 2541 actua
697 2490 840 2541 intellectus.

63 2567 96 2615 bd
108 2565 215 2629 primum
227 2576 285 2627 erqo
299 2560 433 2624 bocetum,
452 2561 511 2626 qubd
525 2561 601 2627 ipsam
613 2574 692 2613 rerum
710 2566 745 2612 eet
756 2561 842 2613 bouum

67 2734 98 2796 ll)
110 2739 169 2784 l’ntt
180 2737 194 2782 l
204 2770 211 2793 ‚
222 2738 252 2793 2,
263 2748 306 2793 qu.
318 2733 364 2791 55,
375 2739 420 2780 art.
433 2733 460 2791 3,
469 2739 493 2781 et
505 2734 634 2791 expressius
645 2734 673 2793 l,
685 2733 836 2781 conformiter

35 2800 62 2844 erl
76 2802 129 2846 illuit
142 2801 207 2859 quod
217 2802 269 2857 lam
280 2798 489 2856 euprtjurlicatum
502 2804 538 2845 eet
551 2810 580 2845 ex
592 2798 684 2847 litbio„
694 2798 731 2853 ll,
747 2806 800 2851 cup.
811 2793 834 2849 5,

35 2864 171 2923 greco-lat,
184 2864 225 2908 rel
245 2862 262 2906 6
281 2862 307 2906 in
323 2860 438 2917 antiquio,
456 2861 537 2905 cirros
553 2864 587 2906 eat
602 2872 655 2919 qooe
670 2859 760 2905 bonam
776 2855 838 2915 {uoti

38 2925 168 2977 lebentem
179 2930 202 2973 ol
215 2936 279 2984 opu
292 2925 349 2983 eju
362 2923 453 2968 mmm
463 2921 555 2969 reddit.
