1992 3317
133 67 178 134 lod
242 94 351 136 suenrus
367 95 491 145 emmanu,
505 82 600 141 ouesr.
615 84 708 144 muru,
722 85 781 134 and.
799 97 818 134 ι.

165 176 187 223 t.
202 173 331 233 Preterea,
345 170 404 222 sicut
415 171 535 222 consiliare
554 175 577 222 el
592 171 695 235 judicare
709 174 733 222 et
744 171 877 236 precipere
887 173 939 223 snut

132 248 196 294 ectus
210 243 304 295 rationis
319 243 434 307 practice,
451 242 484 294 ita
502 243 570 294 eliam
581 246 605 293 et
617 243 663 307 uli,
680 243 740 294 sicut
753 243 826 308 supra
836 245 941 295 hahitnnr

133 317 169 366 est
184 315 228 379 (l).
238 314 301 364 sicut
312 327 365 377 ergo
378 315 469 365 eubulia
480 313 611 380 adjungitur
625 315 754 379 prudentie
769 329 824 378 quae
842 316 942 381 pertinet

133 388 161 437 ed
175 387 293 436 consilium
302 421 308 446 ,
318 389 342 435 et
351 385 441 450 synesis
454 390 478 436 et
486 399 569 450 gnome
585 399 635 450 que
646 386 764 451 pertinent
774 387 805 436 ad
815 386 940 451 judicium

133 457 166 507 ita
178 456 248 507 etiam
258 456 337 506 debuit
349 456 405 521 poul
417 455 503 521 siquid
513 457 631 521 pertinens
643 457 671 506 sd
682 469 759 508 usum.

166 533 189 578 5.
203 529 323 590 Preterea,
334 526 462 579 sollicitudo
472 529 499 578 ad
514 528 656 592 prudentiam
670 529 787 592 pertinet,
800 529 867 580 sicut
877 531 944 594 suprl

134 599 219 650 dictum
232 602 267 650 est
280 599 327 664 (2).
339 599 400 663 Ergo
415 599 484 650 etiem
495 599 555 650 inter
566 602 642 664 partes
659 599 792 662 prudentiss
810 601 942 652 sollicitudo

134 670 190 735 poni
203 671 289 722 debuit.

167 743 371 808 (Coucuusuo-
381 742 506 806 integrales
514 743 641 806 prudentie
649 747 728 807 perles
738 747 805 810 sunt,
820 743 941 808 memoria,

122 814 294 878 intelligentia,
306 815 417 879 docilitas,
428 813 527 876 solertia,
542 813 609 875 ratio,
624 815 753 878 prudentia,
763 815 942 881 circumspectio

136 888 160 935 et
175 885 264 949 cautio,
274 890 352 950 perles
365 886 420 936 verd
436 884 567 949 subjective
581 889 634 935 sunl
650 886 771 950 prudentia
785 887 822 936 sui
835 887 941 951 regilius,

137 961 160 1008 el
173 958 292 1023 prudentia
309 957 459 1008 multitudinis
481 957 607 1022 directius,
628 962 704 1023 partes
721 957 777 1010 verd
793 959 850 1024 ejus
864 964 943 1026 poten·

137 1030 206 1080 liuius
223 1035 276 1080 sunt
294 1029 398 1092 eubulia,
411 1028 502 1094 synesis
518 1033 541 1078 et
558 1028 671 1094 gnome.)

169 1101 303 1165 despondeo
317 1099 450 1162 dicendum,
464 1098 525 1163 gudd
543 1100 627 1164 triplex
642 1105 757 1166 estpars,
771 1102 868 1154 scilicet
883 1105 943 1154 inle-

138 1173 236 1238 proldr,
249 1177 276 1222 ut
291 1173 379 1236 paries,
394 1174 480 1222 tectum
498 1175 522 1222 et
536 1170 709 1224 tundamentum
729 1175 783 1222 sunt
804 1177 886 1238 partes
906 1177 942 1226 do

139 1245 205 1308 mds3
221 1242 375 1308 subjective,
386 1243 447 1293 sicat
463 1243 541 1293 bosel
558 1243 594 1294 leo
614 1247 667 1294 sunt
683 1247 761 1308 partes
779 1247 906 1310 animalis3
919 1249 940 1296 et

135 1314 296 1378 potentialis,
309 1315 369 1365 sieut
378 1315 511 1365 nutritivum
522 1317 544 1364 el
556 1314 689 1365 sensitivam
698 1317 753 1365 sunt
761 1319 842 1378 partes
850 1318 952 1378 anime,

139 1385 221 1438 'iribas
236 1399 290 1449 ergo
306 1385 381 1437 modis
391 1388 489 1449 possunt
498 1385 608 1448 assignari
617 1388 694 1450 parles
706 1385 776 1434 alicui
788 1384 881 1440 virtuti.
893 1389 938 1438 lluo

139 1459 206 1508 modo
224 1458 251 1508 ad
267 1457 437 1508 similitudinem
456 1456 553 1520 partium
572 1455 730 1520 integralium,
747 1460 775 1506 ut
798 1459 888 1510 scilicet
904 1459 939 1508 illa

140 1529 245 1581 dicantur
262 1541 313 1579 esse
332 1533 407 1593 partes
420 1528 513 1578 ditatis
529 1527 640 1592 alicujus,
655 1539 706 1592 que
722 1540 820 1580 necesse
843 1531 879 1581 e'st
890 1543 938 1581 con-

140 1615 230 1653 currere
245 1600 274 1651 cd
287 1601 411 1664 perlectum
423 1603 500 1649 actum
513 1599 605 1650 virtutis
614 1597 685 1649 illius.
700 1599 728 1648 lit
741 1599 775 1650 sic
789 1613 820 1650 ex
837 1602 938 1652 omnibus

140 1673 277 1724 enumeratis
293 1674 389 1736 possum
406 1670 477 1735 accipi
488 1673 540 1721 octo
554 1675 631 1733 partes
641 1669 782 1735 prudentie,
798 1673 889 1724 scilicet
902 1685 938 1722 ser

140 1759 198 1810 guas
207 1748 324 1796 enumerat
332 1743 473 1801 llecroltius,
483 1742 567 1806 quibus
575 1741 677 1792 addenda
687 1746 722 1793 est
733 1743 846 1807 septima,
856 1743 938 1794 silicet

142 1821 278 1875 memorio,
294 1829 360 1880 onam
374 1816 439 1880 ponit
458 1814 559 1877 Tullius,
571 1817 595 1864 et
610 1811 736 1863 eustocdiu
755 1814 807 1864 sive
821 1815 937 1872 solertia,

142 1901 209 1951 quam
226 1887 290 1952 ponit
304 1886 447 1949 Aristoteles,
461 1897 514 1935 nam
536 1897 618 1934 sensus
633 1884 762 1948 prudentie
782 1887 852 1936 etiam
870 1885 938 1936 totel-

141 1958 221 2008 leclur
233 1959 324 2009 dicitur.
336 1958 400 2008 llnde
411 1957 563 2020 Philosophus
579 1955 633 2006 dicit
642 1955 665 2005 in
678 1957 706 2004 Vl
720 1955 836 2006 croceos.
855 1973 863 2006 :
878 1958 938 2006 «lio-

142 2042 192 2078 rmn
207 2043 260 2092 ergo
274 2032 364 2092 oportet
374 2028 458 2078 hebere
475 2039 576 2089 sensum,
590 2025 628 2076 hic
640 2031 715 2077 aulem
726 2029 763 2076 est
773 2026 912 2078 intellectus.
923 2043 935 2073 o

142 2100 241 2158 Quorum
256 2105 307 2151 octo
323 2100 423 2164 quinque
436 2100 553 2164 pertinent
565 2099 592 2150 ad
605 2098 764 2163 prudentiam,
780 2098 906 2149 secundina
916 2097 937 2147 id

142 2171 202 2234 quod
217 2175 253 2221 est
263 2171 430 2234 cognoscitiva,
444 2170 533 2222 scilicet
547 2187 561 2218 ιι
573 2169 694 2232 memoria,
709 2170 782 2231 ratio,
794 2171 934 2232 intellectus,

142 2241 246 2292 docilitas
258 2247 281 2293 et
291 2243 398 2306 solertia;
409 2259 423 2290 o
434 2242 478 2293 tria
495 2241 550 2292 vend
564 2240 608 2291 ulia
622 2240 735 2306 pertinent
747 2241 776 2291 ud
787 2255 849 2305 eum,
861 2255 936 2293 secun·

142 2310 197 2361 ddm
215 2313 275 2377 quod
297 2318 332 2366 est
343 2314 482 2379 preceptiva
498 2313 632 2378 applicando
650 2311 804 2376 cognitionem
824 2315 852 2364 ad
867 2325 933 2377 opas,

143 2383 231 2434 scilicet
242 2401 256 2432 ιι
269 2386 424 2450 providentis,
438 2385 611 2448 circumspectio
624 2387 649 2435 ct
663 2385 745 2436 cando.
765 2399 779 2432 o
795 2385 893 2443 Quorum
907 2383 936 2432 di·

144 2455 258 2507 versitatis
270 2457 328 2508 ratio
340 2461 404 2522 petet
416 2469 445 2508 ea
459 2458 503 2508 hoc
516 2455 575 2520 qudd
590 2455 647 2506 circa
661 2453 816 2518 cognitionem
830 2455 873 2505 tria
887 2455 935 2504 smil

143 2526 314 2581 consideranda.
326 2528 505 2594 primoquidem
517 2527 568 2592 ipsa
579 2527 696 2591 cognitio,
710 2539 760 2590 qne
773 2526 791 2577 si
803 2526 834 2577 sit
843 2523 935 2590 preteri·

178 2680 212 2746 (1)
227 2684 315 2742 Nempe
329 2683 351 2744 1,
365 2683 389 2743 2,
404 2694 444 2742 qu.
456 2683 495 2744 lo,
508 2687 552 2730 art.
563 2681 576 2728 1
586 2715 592 2742 ,
604 2683 644 2729 ubi
658 2682 686 2730 de
695 2693 738 2728 usu
750 2682 900 2740 exprolesso.

178 2752 209 2816 (2)
224 2757 251 2802 1n
264 2756 309 2803 lure
325 2756 406 2802 eedem
418 2760 493 2817 parte,
505 2767 545 2816 qu.
565 2753 612 2816 tr,
627 2761 670 2802 cut.
683 2753 708 2816 ll,
720 2753 760 2814 qui
776 2751 883 2814 expromt
894 2752 933 2802 too

145 2821 229 2866 mactet
242 2824 268 2866 et
285 2817 410 2866 concludit.
