1992 3317
131 78 178 128 ιιι
246 85 352 127 ssounoo
367 79 490 135 mousom
501 77 596 128 otim.
614 84 700 134 mm,
717 82 774 122 aar.
790 83 817 124 v.

430 265 590 322 tnnmonos
605 269 633 320 V.

316 395 402 441 Utrum
411 395 492 440 odium
504 395 536 439 eit
543 395 631 440 vitium
640 395 752 451 capitote.

166 527 198 577 Ad
209 525 314 590 quinium
327 526 361 576 sio
375 527 505 591 proceditur
518 526 563 590 (t).
578 525 673 576 Videtur
687 524 748 589 quid
762 524 845 593 odium
864 526 898 576 sit
908 525 942 574 si·

132 600 189 649 tium
211 597 318 662 ospitale.
335 598 416 649 Odium
433 597 495 648 enirn
515 597 599 648 direnti
616 597 739 662 opponitur
757 598 879 648 charitati.
899 597 941 648 Sed

133 669 232 720 charitas
241 673 277 720 εει
291 669 480 735 principalissima
489 669 613 732 mmmm,
629 673 654 720 ei
669 672 743 718 maier
756 668 865 732 aliarum.
884 669 941 730 Ergo

134 741 209 792 odium
224 746 260 792 esi
273 741 396 792 maximnm
412 739 494 792 vitium
507 739 619 806 ospitale,
638 744 662 792 ει
679 739 819 805 principium
838 741 941 792 omnium

134 812 239 864 alionum.
525 834 530 840 ·

166 888 191 934 a.
209 885 335 948 Preterea,
345 887 440 950 peccato
459 884 563 934 omnuim
579 884 604 932 io
617 884 683 936 nobis
696 883 823 934 secondum
837 883 941 934 inclina-

135 956 221 1022 tionem
239 957 384 1020 passionum,
404 954 529 1006 seoununm
542 953 597 1005 iliud
615 955 652 1004 od
671 956 752 1018 Rom„
769 955 836 1005 vii:
858 973 875 1003 ι
888 957 942 1005 Pars-

134 1028 211 1079 iioues
226 1031 370 1092 pennatorum
382 1027 533 1092 operabantur
545 1026 570 1076 iu
584 1025 691 1076 membris
704 1025 804 1090 nostris,
820 1030 848 1076 ιιι
861 1026 942 1076 tructi-

134 1099 231 1150 auarum
249 1100 325 1150 morti.
339 1115 353 1147 u
367 1097 450 1148 sedin
463 1093 609 1162 pissiouibus
623 1097 705 1149 animo
716 1110 745 1148 ex
757 1111 835 1149 amore
849 1101 875 1149 oi
890 1097 940 1148 odio

132 1169 243 1221 ridentur
255 1183 335 1221 omnes
348 1169 399 1220 oliae
409 1169 488 1232 sequi,
502 1172 527 1218 ui
539 1170 569 1220 eu
581 1169 651 1234 supra
666 1169 733 1220 dietis
745 1173 810 1235 patet
821 1171 866 1235 (ι).
882 1171 938 1234 Ergo

132 1241 212 1290 'odium
226 1239 292 1290 debet
304 1241 358 1305 poni
370 1239 430 1290 inter
441 1241 498 1291 viiia
509 1237 622 1305 capitolia.

169 1315 192 1360 ι.
207 1311 331 1375 Preterea,
345 1310 426 1361 vitium
442 1315 479 1362 est
492 1313 576 1362 malum
588 1311 682 1363 morale.
699 1311 744 1362 Sed
757 1309 837 1362 odium
857 1311 938 1378 prinoi-

130 1379 211 1446 'paliis
229 1381 320 1447 respicit
336 1382 421 1432 malum
433 1383 502 1447 quim
522 1383 567 1434 ntia
581 1383 668 1449 passio.
688 1383 749 1448 Ergo
769 1384 862 1435 ridetur
879 1384 937 1450 quid

137 1453 214 1504 odium
233 1452 300 1505 debet
313 1454 367 1519 poni
380 1455 460 1504 vitium
471 1455 574 1520 oapitaie.

169 1525 214 1576 Sei
235 1529 312 1577 contra
332 1529 380 1592 est,
394 1525 453 1590 quod
477 1527 612 1592 Gregorius,
626 1527 698 1579 xxm
720 1527 874 1584 Moralium,
894 1540 937 1578 non

81 1611 85 1620 ’
138 1601 256 1649 enumerat
267 1597 343 1650 odium
355 1597 416 1649 iuter
431 1602 519 1663 septem
533 1597 592 1650 vitia
603 1599 716 1664 capitiis.

173 1672 366 1732 (Cornnnsio.—
375 1669 470 1732 Odium,
486 1668 540 1720 sirm
552 1669 710 1733 gravissimum
721 1669 768 1734 sit,
783 1669 813 1720 ob
833 1669 901 1734 iique
914 1671 935 1719 iu

139 1742 238 1806 peccetis
250 1741 344 1794 termini
355 1740 430 1807 petiis
447 1740 515 1804 quim
525 1739 632 1804 pm'noipii
641 1741 754 1792 rationem
770 1740 868 1806 habeat,
879 1741 937 1792 iuter

139 1814 196 1864 vitia
208 1814 313 1879 capitalia
326 1812 419 1864 minime
432 1813 611 1873 annumeretur.)

135 1891 140 1898 '
172 1885 307 1949 Respondeo
321 1885 453 1946 dicendum,
467 1883 528 1949 quod
542 1884 601 1934 siout
613 1883 682 1948 sopri
695 1883 829 1934 dictumest
842 1885 892 1949 (3),
904 1885 937 1934 ri-

141 1957 198 2026 uium
210 1956 305 2020 capitale
318 1965 353 2008 εει
364 1970 392 2007 ex
401 1969 446 2020 quo
459 1963 484 2006 ui
494 1955 637 2021 frequentiis
651 1957 694 2007 alia
708 1955 765 2006 sitia
775 1957 884 2006 oriuntur.
899 1957 935 2005 vi-

139 2027 196 2076 tium
206 2031 282 2077 antem
293 2031 328 2079 est
338 2028 644 2090 contranatnramhominis,
653 2026 796 2091 inquantum
805 2037 843 2078 εει
852 2028 932 2077 animal

139 2099 258 2149 rationale.
272 2101 298 2149 lu
309 2099 346 2150 his
363 2102 439 2150 antem
450 2113 500 2164 quei
512 2103 590 2150 eontra
603 2103 707 2149 naturam
720 2097 787 2161 fiunt,
798 2099 903 2163 paulatim
911 2099 932 2149 io

140 2170 200 2232 quod
211 2175 246 2220 est
257 2174 343 2221 naturas
357 2171 518 2235 corrumpitur.
530 2171 595 2220 iiuoe
610 2169 769 2235 oportetquoi
779 2169 853 2233 primo
868 2184 930 2221 reee-

138 2236 204 2290 ‹iatnr
216 2242 244 2292 ab
256 2254 283 2292 eo
297 2243 356 2306 quod
374 2245 409 2292 εει
421 2242 496 2292 minus
509 2240 632 2292 secuntum
649 2245 766 2303 naturam,
780 2240 892 2292 etrritimit
905 2241 930 2290 ah

138 2311 239 2378 eoquod
257 2318 292 2365 est
308 2313 406 2366 maxime
423 2312 548 2366 secundnm
562 2313 744 2377 naturam3quia
758 2329 773 2360 u
787 2311 810 2363 id
826 2314 884 2378 quod
901 2317 932 2364 εει

137 2473 207 2584 ιηβὲ
217 2480 250 2524 lie
261 2477 374 2524 bisetium
389 2478 458 2536 iniri,
469 2491 511 2536 qu.
521 2477 581 2538 158,
593 2483 638 2523 art.
646 2476 672 2532 ὃς
684 2481 710 2523 ει
718 2477 747 2521 oe
756 2476 828 2535 maio,
839 2488 881 2532 qu.
890 2475 927 2533 12,

137 2607 202 2717 ηιμ)
218 2613 306 2718 Νῗῐὶθθ
320 2609 344 2668 1,
357 2611 387 2672 2,
401 2624 441 2670 qu.
453 2611 494 2672 25,
507 2610 575 2657 arei
590 2617 614 2656 ei
628 2610 660 2670 2,
673 2616 699 2655 ιιι
708 2609 798 2668 plenius
811 2615 878 2656 anien
889 2622 929 2655 uo·

172 2686 211 2718 um
221 2686 246 2718 es
259 2706 266 2718 .

168 2743 203 2808 (e)
218 2749 305 2792 Rursus
318 2744 347 2803 1,
359 2747 389 2807 2,
401 2760 441 2804 qu.
454 2746 494 2806 st,
507 2752 550 2792 ert.
563 2744 578 2788 8
591 2751 616 2790 et
625 2743 650 2799 i,
662 2745 703 2790 ubi
717 2747 749 2791 (ie
764 2745 865 2803 paeoniis
878 2757 928 2804 cap
979 2804 981 2807 Ι

137 2807 231 2854 malibus
246 2821 275 2854 ex
291 2808 409 2871 professo,
423 2821 464 2856 ssu
474 2809 503 2854 de
514 2808 575 2855 uitiis
590 2811 617 2854 ut
627 2804 676 2852 triu.
