1992 3317
139 138 187 188 trs
257 145 509 194 molesmum,
526 143 620 191 cnasr.
637 143 703 193 xux,
719 145 776 183 sar.
794 142 822 184 rr.

172 226 181 289 ι
186 226 332 278 Coracem.
341 221 435 275 -cdm
442 220 564 288 prudentie
578 219 608 273 sit
618 221 736 286 mittun
747 223 812 273 resta
826 222 896 286 ratio,
906 221 940 272 in-

139 299 253 362 tellectus,
267 311 314 348 non
325 299 352 346 nt
364 295 467 361 potentia
475 294 590 360 quedam,
601 294 642 346 sed
655 297 681 343 ut
691 293 797 357 eumdum
811 298 873 346 rectu
884 293 942 346 esti·

139 370 212 424 ustio
223 372 259 420 est
268 367 366 432 alicujus
382 366 479 418 citrum
493 365 613 430 principii,
625 363 751 430 prudentie
761 377 816 430 pars
826 367 883 428 est.)

169 440 306 505 Respondes
318 438 439 490 dicandum
449 475 457 500 ,
466 436 529 502 qudd
543 437 672 490 intellectis
686 449 733 488 nun
742 436 844 488 sumitur
857 438 942 502 nlepru

138 512 241 579 ῃοιοιιιιι
261 509 417 573 intellectiva,
439 510 480 560 sed
503 511 571 573 prout
590 507 699 573 importat
716 509 843 572 quemdum
861 514 942 560 rectam

141 582 315 637 sumnonem
332 582 430 647 alicujus
451 579 550 633 extremi
567 579 688 646 principii,
700 580 763 643 qued
786 582 901 646 accipitur
921 583 944 630 ut

141 669 183 722 per
194 669 220 707 re
237 658 333 718 mlum,
346 653 406 704 sicut
418 657 443 705 et
461 651 537 717 primu
547 651 766 704 denuusuuttcuum
779 652 899 718 principia
912 653 943 702 in·

140 725 241 790 ludigero
254 725 357 776 dicimur.
373 723 452 777 Omnis
465 728 540 775 auteur
557 723 661 775 deduotio
674 723 771 774 rationis
782 725 812 774 ub
831 724 944 788 aliquibus
973 767 974 799 ,

141 798 305 864 proceditque
317 796 458 861 accipiuntur
470 797 496 846 ut
507 794 597 860 prime:
613 795 673 846 uude
685 797 776 860 oportet
788 795 853 859 qudd
871 796 944 847 omnis

142 882 262 935 pmcesrus
282 867 379 920 rationis
395 868 424 920 ult
441 868 519 932 utiquo
541 868 658 919 intellectu
681 867 798 932 pmoedat.
816 867 876 926 Quis
894 881 945 930 ergo

141 942 263 1007 pmdentia
272 946 307 994 est
318 958 332 990 u
345 944 407 992 rectu
419 940 478 992 ratio
490 939 617 1005 smmum,
629 955 643 988 n
661 939 713 991 ideo
722 952 821 991 necesm
835 944 874 992 est
886 941 944 1004 qudd

141 1016 204 1064 utus
216 1026 336 1079 processus
353 1012 478 1076 prudentie
491 1012 520 1061 ab
531 1011 648 1064 intellectu
665 1010 794 1075 derivetur;
809 1014 834 1063 et
851 1016 945 1076 propter

141 1086 187 1138 hoo
201 1085 332 1136 intellectus
345 1082 436 1148 ponitur
448 1096 502 1150 pars
512 1082 648 1146 prudentie.

174 1157 209 1207 td
222 1156 322 1220 primum
341 1167 395 1218 ergo
417 1153 553 1218 dicendum,
569 1153 629 1219 quod
643 1153 701 1205 relic
719 1154 852 1218 prudentie
869 1155 945 1206 termi-

142 1231 218 1290 natur,
234 1227 293 1276 mont
307 1224 337 1276 ed
349 1225 517 1278 conclusionem
531 1225 659 1290 quemdem,
673 1226 702 1276 ad
714 1224 854 1289 particulare
869 1239 945 1292 opera·

142 1299 198 1360 bile,
210 1297 240 1348 ad
249 1297 309 1360 quod
319 1296 419 1360 applicat
431 1296 583 1348 universalem
603 1296 756 1362 cognitionem
764 1333 773 1360 ,
784 1301 811 1347 ut
831 1310 862 1348 ex
880 1297 944 1349 dictis

141 1373 214 1436 putet
227 1366 349 1421 Conclusio
360 1371 435 1419 autem
450 1367 572 1432 singularis
585 1368 731 1435 syllogizatur
738 1381 767 1419 ex
780 1369 908 1421 uniuersali
922 1373 943 1420 et

144 1441 259 1505 singulari
268 1439 433 1505 propositione.
449 1439 514 1491 Unde
527 1443 618 1504 oportet
630 1439 690 1505 qudd
704 1440 762 1491 retic
774 1442 904 1505 prudentie
917 1455 943 1492 ex

142 1512 227 1579 duplici
237 1511 355 1564 intellectu
368 1512 491 1575 procedat:
506 1525 602 1576 morum
615 1525 675 1562 nnus
690 1515 735 1575 est,
746 1514 786 1576 qul
800 1517 837 1564 cst
850 1527 943 1579 coenos

142 1585 227 1640 citium
240 1582 410 1644 universalium,
424 1582 486 1646 quod
494 1583 594 1647 pertinet
605 1584 633 1635 ud
644 1583 788 1634 intellectum
801 1584 843 1649 qut
854 1587 943 1649 ponitur

142 1657 216 1710 ιιιιιιι
231 1652 398 1717 insultemus,
409 1666 454 1717 qua
477 1654 609 1706 naturuliter
628 1653 693 1705 nobis
711 1655 804 1720 cognita
821 1661 886 1721 sunt,
900 1671 943 1708 non

143 1728 218 1782 solium
234 1725 370 1783 umvemtta
384 1724 495 1790 principia
516 1725 668 1790 speculative,
686 1727 726 1778 sed
745 1727 814 1778 etium
828 1730 942 1794 practica,

143 1800 203 1853 siem
215 1818 230 1850 u
242 1799 300 1852 nulli
310 1812 361 1850 esse
374 1796 592 1861 naletucienuunps
605 1801 630 1848 ut
642 1797 744 1850 exuistis
753 1802 818 1862 putet
834 1804 892 1864 (qu.
907 1805 943 1862 tt,
972 1797 973 1812 ¹

144 1877 188 1923 art.
200 1878 214 1922 ιι
228 1875 252 1924 et
263 1870 304 1934 6).
317 1869 380 1922 Alius
392 1871 470 1920 eutem
481 1868 610 1920 intellectus
619 1873 663 1932 est,
675 1870 715 1934 qui
727 1870 771 1935 (ut
784 1870 869 1922 dicitur
882 1872 905 1922 in
917 1873 943 1922 l'l

144 1944 255 2004 misici,
270 1947 305 1994 est
319 1959 334 1990 u
351 1941 521 2004 cognoscitivus
535 1940 643 2005 extremi,
655 1958 669 1988 ιι
682 1941 705 1992 id
717 1944 752 1992 est
766 1941 865 2008 siculus
879 1943 944 2008 primi

145 2013 279 2077 singularis,
292 2027 333 2064 seu
345 2012 450 2078 principii
465 2011 618 2076 contingentis
631 2012 764 2077 operabilis,
781 2013 944 2079 propositionis

128 2132 131 2136 .
145 2085 232 2137 scilicet
244 2085 352 2149 ninoms,
364 2098 431 2149 quam
441 2087 530 2149 oportet
551 2097 602 2136 esse
616 2084 755 2148 'ungularem
768 2083 795 2135 in
812 2086 943 2151 syllogismo

146 2156 281 2223 prudentie,
291 2160 318 2207 ιιι
328 2155 412 2207 dietum
421 2159 457 2208 est
467 2159 524 2220 (qu.
537 2159 575 2221 tl,
586 2157 629 2206 ert.
642 2161 665 2219 t,
686 2160 735 2207 oet
753 2155 787 2221 i).
802 2158 851 2209 Hoc
870 2161 943 2208 auum

144 2227 284 2294 principium
307 2226 421 2294 singulm
437 2232 475 2280 est
494 2226 577 2292 aliquis
596 2227 717 2292 singularis
738 2229 808 2295 duis,
821 2233 848 2280 ut
865 2230 944 2280 dicitu

143 2300 228 2352 ibidem
243 2315 249 2349 :
267 2298 328 2351 unde
349 2298 506 2360 intellectos,
520 2298 560 2364 qul
573 2300 665 2365 ponitur
682 2313 734 2364 pers
749 2300 893 2365 prudentie,
914 2304 944 2350 est

143 2373 248 2436 quedam
261 2375 323 2423 recte
335 2372 457 2424 estimatio
469 2373 498 2423 de
511 2371 587 2436 aliquo
598 2372 728 2436 particulari
741 2372 797 2424 line.

145 2497 148 2504 ,
175 2444 209 2495 td
229 2445 354 2496 secuudum
376 2442 515 2506 dicendum,
530 2443 591 2508 qudd
605 2444 734 2496 intellectus
748 2445 787 2510 qui
803 2446 897 2511 punitur
907 2445 942 2495 du·

144 2529 199 2566 uunr
214 2514 311 2579 Spiritus
323 2514 407 2579 musti,
423 2517 571 2580 estquedum
586 2517 651 2567 acuta
664 2515 793 2581 perspectio
807 2516 941 2576 diuinorum,

144 2590 171 2638 ut
182 2599 212 2637 ex
224 2585 292 2651 suprd
307 2585 374 2639 dictis
389 2590 452 2652 putet
466 2585 529 2652 (art.
543 2586 590 2654 t);
602 2587 667 2640 aliter
680 2591 756 2640 autem
770 2587 864 2653 punitur
881 2587 941 2638 intel·

143 2658 217 2710 lectus
232 2658 425 2723 perspiciente,
442 2661 467 2708 ut
481 2657 620 2712 dictumest.

176 2729 211 2782 td
221 2729 314 2782 tertium
323 2729 459 2794 dicendum,
468 2727 529 2798 quod
543 2729 592 2795 ipsa
601 2733 663 2782 recta
672 2729 794 2782 estimatio
805 2729 834 2782 de
843 2731 888 2782 line
897 2742 943 2795 pur-

146 2800 244 2865 ticulnri,
252 2803 275 2852 et
287 2799 428 2852 intellectus
440 2800 533 2863 dicitur,
548 2802 572 2852 iu
584 2807 694 2866 quantum
710 2804 744 2852 est
754 2800 853 2868 alicujus
861 2801 942 2868 princi·

145 2871 191 2935 pii,
205 2875 229 2923 et
242 2886 329 2924 seruus
341 2871 366 2922 iu
379 2875 489 2939 quantum
507 2876 543 2925 est
563 2873 713 2938 particularis.
728 2874 757 2926 Et
769 2874 815 2926 hoc
834 2878 870 2926 est
885 2871 940 2940 quod
