1992 3317
312 164 345 205 lt!
360 162 462 207 nemeto
478 164 630 207 nutamine.
827 158 872 209 m

60 246 159 301 odiendi
169 244 307 311 quicumque
317 248 459 310 peccatores,
472 248 542 296 ettam
552 248 618 311 pater
628 248 652 297 et
663 247 736 298 mater
745 250 769 299 et
777 249 872 313 propiu-

61 322 110 385 qui,
125 322 155 369 nt
168 319 266 369 hahetur
278 318 345 377 Luc,
359 316 409 368 xlv
420 318 463 381 tt).
475 318 589 370 hebemus
601 317 663 369 euim
675 318 700 369 in
710 320 870 384 peccatoribus

61 393 126 445 odire
149 390 211 456 quhd
225 393 356 454 peccatores
372 393 441 452 sunt,
462 393 487 441 et
505 389 598 454 diligere
616 390 676 453 quhd
694 391 799 443 homines
816 397 870 444 sunt

60 462 217 515 beatitudinis
227 474 331 525 capaces.
346 463 373 511 Et
386 462 431 511 hoc
444 464 478 512 cst
491 474 530 515 cos
543 460 596 515 vet
607 475 637 512 ex
651 462 761 514 charitate
775 464 873 529 diligere,

61 541 161 601 propter
174 534 256 584 Deum.

92 608 129 658 hd
151 604 250 671 primum
269 616 322 667 ergo
336 606 473 669 dicendum,
492 606 553 669 quid
569 604 660 668 iniquos
679 606 794 672 Propheta
814 608 868 660 odio

61 680 149 731 hahuit
162 678 187 728 in
200 680 308 741 qnantum
323 676 396 741 iniqui
410 682 476 741 sunt,
487 678 573 728 hahens
585 677 637 728 odio
649 676 793 743 iniquitatem
807 680 867 745 ipso

61 766 113 802 rum
120 788 129 815 ,
149 750 211 814 quod
224 752 260 799 cst
274 748 376 813 ipsorum
389 750 481 799 malum.
500 750 529 798 Et
541 751 585 798 hoc
598 752 633 798 eat
645 748 769 812 perlectum
781 750 866 816 odium,

62 826 90 875 de
102 836 153 887 quo
163 819 211 886 ipsc
225 820 279 872 dicit
292 820 402 885 (Peolm.
412 821 522 871 xxxviii
532 821 541 883 t
552 834 560 869 t
573 820 700 870 «Perfecto
712 820 764 871 odio
777 823 869 875 oderam

60 896 127 946 illos.
144 910 160 940 u
174 892 280 957 Ejusdem
293 894 372 943 tutem
391 890 486 942 rationis
501 896 537 943 est
548 892 611 942 odire
627 890 711 942 malurn
721 892 831 959 alicujus,
844 897 868 945 ct

62 966 166 1029 diligere
182 964 264 1015 honum
281 964 342 1029 ejus.
359 964 423 1015 Unde
442 962 510 1015 ctiam
528 963 583 1014 illud
600 961 677 1017 onium
695 965 820 1027 perfectum
839 966 869 1015 ael

64 1038 203 1088 charitatem
216 1037 324 1103 pertinet.
375 1050 377 1053 ·

97 1110 134 1159 Ad
157 1107 434 1170 secuudum-dicendum,
453 1106 516 1171 quod
535 1106 614 1158 amicis
628 1106 789 1172 peccantibus,
811 1108 870 1159 sicin

63 1181 221 1245 Philosophus
238 1180 293 1231 dicit
309 1179 334 1229 in
347 1179 386 1229 tx.
401 1180 485 1229 Ethic.
509 1179 576 1244 (cap.
590 1178 622 1244 h)
632 1218 639 1242 ,
650 1192 696 1230 non
713 1183 767 1229 suut
782 1180 870 1231 subtra-

63 1253 141 1303 henda
153 1252 258 1315 amicitiae
268 1250 391 1313 beneficia,
401 1264 519 1314 quousque
530 1253 627 1302 hahetur
636 1265 689 1315 spes
699 1251 870 1305 sanatioulueo·

64 1338 131 1385 rumc
148 1324 189 1375 sed
204 1324 276 1388 magis
293 1325 328 1373 est
341 1322 375 1373 eis
390 1320 497 1372 auxilium
517 1323 615 1373 dandum
629 1323 658 1374 ad
672 1325 870 1389 recuperationem

65 1394 171 1459 virtutis,
187 1406 254 1459 marn
266 1394 294 1444 ad
306 1392 501 1457 recuperationem
509 1394 626 1459 pecuniae,
639 1394 658 1445 si
669 1408 718 1445 eam
728 1396 867 1461 amisissent,
919 1454 925 1463 ‚

66 1471 177 1532 quantum
190 1466 266 1517 uinus
278 1468 313 1515 est
322 1464 394 1529 magis
403 1464 507 1516 amicitia
520 1465 596 1517 affinis
602 1503 611 1529 ‚
627 1466 696 1528 qnam
704 1469 811 1531 pecunia.
822 1470 869 1521 Sed

66 1540 157 1604 quando
168 1538 195 1590 iu
215 1538 337 1588 maximam
350 1536 459 1588 malitiam
472 1537 586 1601 incidunt,
605 1541 629 1587 et
640 1538 779 1589 insanabiles
795 1540 866 1606 liunt,

67 1615 120 1663 tunc
135 1622 186 1662 aon·
196 1615 233 1663 est
246 1610 281 1661 eis
293 1608 400 1661 ¹arnicitie
414 1610 555 1661 familiaritas
569 1609 705 1660 exhibenda.
721 1611 750 1659 ht
762 1611 814 1661 ideo
826 1612 869 1663 hu·

65 1682 164 1747 jusmodi
184 1684 320 1747 peccantes,
332 1680 360 1731 de
374 1680 455 1745 quihus
466 1680 540 1745 magis
551 1681 697 1745 presumitur
706 1686 870 1733 nocumentum

69 1755 171 1815 aliorum,
182 1753 251 1815 quarn
259 1764 338 1801 eorum
348 1752 483 1815 emendatio,
494 1754 619 1803 secundum
631 1754 705 1815 legem
716 1751 817 1803 diuinam
823 1790 832 1816 ‚
844 1756 869 1805 ct

67 1826 203 1885 humanam,
214 1819 379 1888 praecipiuutur
395 1818 475 1871 occidi.
491 1822 521 1871 ut
532 1825 608 1872 tamen
621 1824 665 1873 hoc
677 1822 731 1872 facit
738 1823 810 1887 judea
822 1838 870 1878 non

11 1948 12 1953 χ
68 1908 95 1946 ex
108 1894 160 1945 odio
172 1904 263 1949 comm,
278 1891 317 1942 ced
327 1903 356 1942 eu
368 1904 445 1941 amore
455 1892 587 1953 eharitatis,
601 1906 646 1956 quo
657 1893 741 1944 honum
754 1894 870 1957 publicum

69 1966 187 2030 praefertur
196 1965 249 2015 vitae
261 1962 383 2029 singularis
395 1976 508 2027 personae.
520 1965 549 2013 Et
560 1968 636 2015 tamen
649 1978 709 2016 mors
718 1978 759 2031 per
768 1966 869 2030 judicem

69 2035 165 2099 intlicta,
171 2034 285 2099 peccatori
295 2034 387 2097 prodest
394 2034 414 2085 ai
423 2038 578 2097 convertatur,
587 2037 614 2085 ad
624 2036 696 2101 culpa
705 2037 867 2104 expiationem

70 2109 89 2159 si
104 2120 159 2158 vero
172 2119 218 2157 uon
227 2108 380 2167 convertatur,
393 2108 420 2157 ad
433 2107 504 2173 culpe
513 2106 703 2173 terminationem,
714 2108 816 2174 qulaper
824 2111 869 2162 hec

69 2180 155 2233 tollitur
174 2178 196 2229 ei
209 2178 310 2242 poteslas
323 2176 419 2244 anrplias
435 2176 555 2241 peccandi.

100 2252 134 2303 td
151 2251 245 2303 tertium
259 2248 391 2314 dicendum,
410 2249 471 2314 quet
484 2252 615 2315 hujusmodi
625 2252 800 2317 imprecationes
817 2268 869 2320 quat

71 2326 165 2377 maacha
174 2322 292 2387 Scriptura
300 2322 457 2385 irrueniuutnr,
468 2323 589 2388 tripliciter
597 2330 692 2389 possunt
701 2325 808 2391 intelligi.
818 2328 870 2381 Uno

72 2398 134 2449 modo
144 2410 184 2461 per
195 2395 289 2446 modum
300 2394 515 2458 praeuuutiationis,
527 2408 574 2445 non
582 2409 623 2460 per
632 2398 724 2448 modum
733 2399 867 2465 optationis,

71 2472 96 2518 ut
109 2468 139 2519 sit
151 2479 231 2518 senam
249 2481 255 2515 ε
275 2480 289 2514 ιι
310 2465 479 2517 Convertuntur
492 2468 624 2531 pccmtoroa
634 2467 660 2517 in
672 2468 800 2535 internum
815 2486 829 2521 n
843 2472 868 2523 id

105 2581 134 2645 (1)
149 2584 192 2633 Uti
207 2585 292 2633 dicitnr
305 2596 366 2631 tera,
378 2584 408 2629 tt
420 2585 462 2631 :st
474 2588 529 2645 pacta
539 2588 606 2633 canit
616 2587 709 2641 adme,
721 2594 742 2636 at
755 2602 806 2635 noa
815 2591 869 2639 otte

71 2652 159 2707 putrem
174 2651 195 2694 ct
210 2653 325 2698 matrem,
343 2652 399 2699 etc..
418 2661 468 2693 num
481 2651 557 2708 puteat
578 2663 644 2697 maara
657 2665 704 2699 canc
716 2650 865 2712 discipulus.

70 2710 129 2764 Quod
140 2710 172 2757 sic
189 2711 291 2769 explicat
305 2710 442 2771 Gregorius,
455 2713 542 2759 Homll.
555 2711 670 2760 xxxin.
683 2715 708 2759 in
720 2714 827 2775 Eecap„
838 2718 868 2764 ee

71 2773 242 2837 conquirentia
255 2773 384 2830 conjuncti
401 2778 473 2827 auat,
488 2780 511 2822 ct
527 2788 586 2834 quoe
597 2780 867 2835 monitumnonitum,

11 2838 12 2847 ¹
71 2834 216 2896 dittpamoa,
227 2841 250 2885 ct
269 2846 329 2897 quoa
339 2837 492 2886 attenuatos
508 2839 539 2887 ta
550 2838 594 2886 etc
603 2838 650 2887 Det
661 2841 783 2901 potimur,
795 2838 868 2887 odia·

73 2910 128 2949 mua.
196 2909 198 2915 ’
