1992 3317
384 157 523 220 mummi
802 173 849 221 ens

43 255 226 319 premerentur,
239 255 278 306 uel
289 257 316 306 ut
327 256 412 306 melum
428 258 521 308 uitetur.
536 258 599 309 llnde
612 259 752 322 Augustinus
767 259 792 308 in
804 260 847 310 llb.

45 329 84 378 Dc
98 327 185 377 uerbis
199 328 322 377 Domini:
334 329 420 392 «Apud
435 343 501 381 veros
509 332 548 382 liet
557 331 777 381 culturesetiamllla
787 333 847 383 bellu

44 402 129 463 pacata
151 401 220 459 sunl,
234 413 285 462 que
305 412 350 450 nun
371 401 493 465 cuplclltate
511 406 551 452 eut
565 403 712 464 crudelitate,
727 405 766 454 scd
787 405 851 468 pacis

44 471 126 521 studia
144 474 266 533 geruntur,
280 476 305 520 ut
319 471 373 522 mali
388 478 548 534 merceantur,
562 479 586 525 el
601 473 654 524 leni
668 475 850 526 subleventur.»

45 544 130 592 Potest
141 543 218 592 antem
229 541 376 606 contingere,
387 547 412 592 ut
422 544 441 594 si
451 544 481 595 sil
489 545 590 608 legitima
598 545 720 596 auctoritas
728 546 849 597 indicentis

46 614 151 674 bellum,
166 615 190 662 et
201 625 268 662 eausa
277 613 354 676 justa,
369 613 517 666 nihilominus
529 620 623 680 prepter
637 629 729 680 prauam
745 617 852 668 intentiu-

46 697 103 734 nem
120 683 205 734 bellum
219 684 324 733 reddatur
337 684 449 734 illlcltum.
464 686 523 736 llicit
541 687 603 738 enlm
619 687 759 748 Augustinus
770 688 795 736 in
808 688 848 738 lib.

49 756 151 806 Contra
171 757 294 806 Faustum
313 755 379 821 (cap.
399 757 446 820 tt)
468 773 507 806 :u
519 758 620 808 ltueeudi
637 757 768 820 cupiditas,
782 759 851 809 ulcis-

49 826 121 878 cendi
131 827 263 888 crudelitas,
275 826 402 890 impacatus
417 827 600 892 stimplaccbilis
609 829 710 890 animus,
724 829 851 880 leritasde-

48 899 170 958 bellandi‚
187 897 255 948 lihidn
269 898 408 961 dominandi,
423 902 447 949 ct
460 899 480 950 si
490 913 540 963 que
555 904 610 950 sunt
623 897 720 962 similia,
734 900 783 950 haec
797 904 851 951 suut

50 983 105 1033 quae
120 970 145 1018 in
158 970 224 1019 bellis
237 970 286 1032 jure
299 971 427 1033 culpantur.
439 987 452 1017 u

83 1043 118 1092 Ad
140 1041 238 1104 primum
258 1053 311 1104 ergo
325 1041 460 1106 dicendum,
474 1042 535 1105 qula
551 1041 611 1092 sicul
634 1041 775 1104 Augustinus
799 1042 853 1092 dicit

51 1114 60 1178 (
67 1113 109 1162 lib.
121 1112 184 1162 xxtl
197 1112 292 1162 Contra
304 1113 441 1168 Faustum,
451 1125 501 1176 sap.
513 1114 563 1175 tn),
575 1130 588 1159 c
597 1112 636 1162 llle
647 1112 728 1175 sucipit
742 1112 851 1175 gladium,

51 1183 92 1248 qui
117 1182 179 1232 nulla
198 1182 310 1246 superiori
328 1187 367 1234 aut
384 1183 485 1246 legitima
500 1187 629 1247 potestate,
647 1187 687 1234 aut
702 1183 798 1246 jnlrente
816 1184 851 1232 vel

52 1254 210 1314 concedente,
225 1253 250 1302 in
269 1257 403 1316 sanguinem
425 1255 523 1318 alicujus
542 1258 648 1305 armatur.
664 1255 735 1313 »Qui
751 1253 806 1304 uerd
824 1267 854 1305 ex

53 1325 191 1376 austeritate
205 1324 313 1388 principis
325 1326 362 1375 uel
374 1325 474 1389 judicis,
491 1327 654 1390 sisitpersnnn
664 1325 763 1389 priuata,
774 1326 812 1375 uel
822 1338 852 1375 ex

54 1397 106 1446 zelo
122 1394 218 1458 justitie
238 1393 304 1458 quasi
315 1408 345 1446 eu
357 1396 490 1448 auctoritate
501 1397 553 1456 liei,
566 1397 586 1446 si
596 1396 626 1446 sit
643 1409 739 1459 persona
756 1395 852 1459 publice,

53 1467 132 1530 gladic
148 1466 232 1529 utitur,
247 1479 293 1516 non
304 1467 352 1530 ipae
366 1467 448 1531 accipit
461 1467 572 1530 gladium,
584 1467 624 1518 sed
637 1466 666 1516 ab
677 1467 722 1517 aliu
736 1467 780 1516 silui
791 1480 855 1516 curn·

55 1539 127 1588 missu
142 1537 213 1586 utitur
227 1537 305 1588 :unde
318 1539 339 1588 el
352 1549 420 1601 poena
428 1552 474 1589 nun
485 1539 588 1588 debetur.
598 1539 646 1587 ltee
654 1541 731 1587 tamen
740 1537 773 1586 illi
786 1537 856 1588 etiam

54 1610 156 1674 quicum
172 1613 265 1672 peccatu
274 1609 348 1672 gladio
362 1611 465 1670 utuntur,
478 1614 568 1673 semper
578 1609 651 1671 glndio
659 1608 804 1670 ceciduutnr3
816 1610 856 1659 sed

55 1681 101 1745 ipsi
119 1693 161 1730 suu
174 1679 249 1742 gladio
260 1693 349 1744 semper
361 1685 467 1744 pereunt,
482 1680 537 1744 quia
549 1693 590 1744 pru
600 1682 695 1744 peccatu
704 1678 773 1741 gladii
787 1683 855 1730 eter-

55 1753 139 1802 naliter
149 1750 289 1815 puniuntur,
304 1751 350 1801 nisi
360 1752 494 1816 pcenitnanl.

88 1823 123 1872 Ad
142 1823 266 1872 secundum
286 1823 421 1885 dicendum,
436 1821 498 1886 qudd
511 1819 640 1885 hujusmodi
655 1822 784 1883 precepta,
798 1819 857 1870 siem

56 1893 199 1958 Augustinus
215 1892 269 1944 dicit
279 1893 303 1942 in
318 1893 357 1944 lib.
376 1895 494 1942 Decem.
510 1893 614 1942 Domini
627 1893 653 1940 in
669 1893 754 1939 monle
764 1889 820 1950 llil).
831 1892 855 1953 l,

56 1979 109 2028 cap.
123 1967 153 2014 le
160 2001 168 2028 ,
180 1965 217 2014 vel
226 1965 250 2014 iu
260 1965 311 2015 aliis
323 1969 361 2028 at,
371 1978 398 2014 ac
408 1963 537 2028 deinceps),
547 1975 637 2027 semper
648 1965 702 2012 sunl
709 1963 820 2013 seruanda
831 1963 856 2014 in

56 2035 223 2102 preparatione
235 2036 320 2097 animi,
332 2040 358 2085 ut
372 2035 460 2086 scilieet
474 2048 564 2098 semper
578 2035 645 2084 lnemu
658 2034 689 2083 sit
701 2038 795 2096 paratus
808 2047 854 2085 nun

56 2107 173 2170 resistens,
186 2107 222 2156 uel
233 2119 257 2156 se
267 2108 451 2168 renueremus,
466 2107 486 2158 si
499 2119 559 2170 epus
573 2105 649 2155 inerit.
663 2105 707 2154 Sed
719 2105 855 2168 quandoque

57 2183 93 2232 est
104 2178 171 2228 aliter
180 2179 290 2242 agendum
301 2182 392 2242 propter
401 2191 520 2230 commune
530 2178 628 2236 bunum,
638 2177 675 2226 uel
686 2176 755 2226 etiam
766 2176 856 2226 illnmun

57 2263 111 2302 cum
126 2248 211 2312 quihus
232 2254 353 2314 pugnalm.
371 2249 436 2300 Unda
453 2248 595 2311 Augustinus
607 2246 664 2297 dicit
674 2247 699 2297 in
716 2248 801 2311 ltpisl.
820 2247 858 2297 ud

58 2320 241 2374 Marcellinum
256 2336 264 2369 .·
280 2337 293 2366 n
305 2321 397 2383 Agenda
411 2324 465 2371 sunt
478 2321 548 2370 mulla
564 2319 699 2369 etiamtum
715 2318 806 2378 inuitis,
819 2320 859 2369 be

59 2393 131 2456 digna
146 2392 242 2454 quadam
258 2392 379 2454 nupemtate
392 2390 526 2454 plectendis.
541 2391 598 2440 Nam
611 2389 650 2439 cui
667 2389 758 2439 licentia
775 2389 859 2451 iniqui-

60 2465 114 2516 tatis
136 2461 246 2525 cripitur,
265 2461 350 2512 utiliter
368 2461 478 2522 vincitur,
496 2461 603 2524 quonium
619 2460 678 2510 uilrll
693 2463 728 2510 est
743 2460 859 2510 iulelicius

60 2535 169 2588 felicitate
179 2533 319 2598 peccantium
330 2533 398 2598 ;quie
408 2532 506 2598 poeualis
515 2533 612 2581 nutritur
624 2530 757 2595 impunitas,
771 2530 860 2581 etmala

61 2607 170 2659 uoluntas
184 2605 247 2655 uelut
259 2605 333 2656 bustis
347 2605 440 2656 interior
452 2604 578 2654 roboratur.
589 2621 603 2650 »

95 2679 127 2730 Ad
147 2678 240 2728 tertium
255 2677 389 2738 dicendum,
406 2674 464 2740 qudd
482 2675 552 2726 eliam
569 2674 603 2724 illi
615 2675 655 2738 qui
669 2672 731 2738 juste
747 2673 806 2724 bella
822 2685 862 2735 ge·

62 2755 127 2812 runt,
137 2762 217 2814 pacem
227 2748 359 2809 intendunt3
371 2752 394 2800 et
401 2749 433 2798 ita
444 2747 495 2812 paci
509 2761 556 2798 nun
567 2746 717 2797 mnirarintur
728 2744 773 2794 nisi
786 2745 860 2806 melu,

63 2835 135 2888 ‚quam
144 2821 252 2872 domiuus
262 2831 308 2870 nun
321 2819 481 2870 remitmittere
494 2818 520 2868 in
528 2821 618 2880 mrum,
631 2816 748 2868 uldicitur
756 2814 862 2873 Alattt,

63 2897 94 2948 X.
109 2893 174 2948 Unde
193 2892 334 2960 Augustinus
352 2891 408 2946 dicit
424 2891 460 2942 ud
474 2890 637 2955 Bomfucinm
659 2887 751 2956 [Epist.
763 2887 820 2938 CCV
831 2885 859 2950 l:
