<?xml version="1.0" encoding="UTF-8"?>
<!DOCTYPE html PUBLIC "-//W3C//DTD XHTML 1.0 Transitional//EN"
    "http://www.w3.org/TR/xhtml1/DTD/xhtml1-transitional.dtd">
<html xmlns="http://www.w3.org/1999/xhtml" xml:lang="en" lang="en">
 <head>
  <title>
</title>
<meta http-equiv="Content-Type" content="text/html;charset=utf-8" />
  <meta name='ocr-system' content='tesseract 3.04.00' />
  <meta name='ocr-capabilities' content='ocr_page ocr_carea ocr_par ocr_line ocrx_word'/>
</head>
<body>
  <div class='ocr_page' id='page_1' title='image "./summatheologica03nicogoog_0843.png"; bbox 0 0 1992 3317; ppageno 0'>
   <div class='ocr_carea' id='block_1_1' title="bbox 141 81 810 157">
    <p class='ocr_par' dir='ltr' id='par_1_1' title="bbox 141 81 810 157">
     <span class='ocr_line' id='line_1_1' title="bbox 141 81 810 157; baseline 0 -13"><span class='ocrx_word' id='word_1_1' title='bbox 141 97 188 144; x_wconf 72' lang='grc' dir='ltr'><strong>ιιι</strong></span> <span class='ocrx_word' id='word_1_2' title='bbox 267 105 374 146; x_wconf 78' lang='lat' dir='ltr'><strong>annuunt</strong></span> <span class='ocrx_word' id='word_1_3' title='bbox 391 81 504 144; x_wconf 70' lang='lat' dir='ltr'><strong>cucuron</strong></span> <span class='ocrx_word' id='word_1_4' title='bbox 510 128 519 156; x_wconf 92' lang='lat'>‚</span> <span class='ocrx_word' id='word_1_5' title='bbox 531 106 623 152; x_wconf 73' lang='lat' dir='ltr'><strong>cunm.</strong></span> <span class='ocrx_word' id='word_1_6' title='bbox 636 105 692 157; x_wconf 82' lang='lat' dir='ltr'><strong>nn,</strong></span> <span class='ocrx_word' id='word_1_7' title='bbox 705 105 762 146; x_wconf 79' lang='lat' dir='ltr'><strong>aar.</strong></span> <span class='ocrx_word' id='word_1_8' title='bbox 775 108 810 146; x_wconf 87' lang='lat' dir='ltr'><strong>rv.</strong></span> 
     </span>
    </p>
   </div>
   <div class='ocr_carea' id='block_1_2' title="bbox 184 289 902 475">
    <p class='ocr_par' dir='ltr' id='par_1_2' title="bbox 184 289 902 475">
     <span class='ocr_line' id='line_1_2' title="bbox 427 289 642 341; baseline 0 -1"><span class='ocrx_word' id='word_1_9' title='bbox 427 289 590 341; x_wconf 74' lang='lat' dir='ltr'><strong>abutebaris</strong></span> <span class='ocrx_word' id='word_1_10' title='bbox 603 291 642 340; x_wconf 77' lang='lat' dir='ltr'><strong>lv,</strong></span> 
     </span>
     <span class='ocr_line' id='line_1_3' title="bbox 184 414 902 475; baseline -0.004 -10"><span class='ocrx_word' id='word_1_11' title='bbox 184 419 268 464; x_wconf 76' lang='lat' dir='ltr'><strong>Utevim</strong></span> <span class='ocrx_word' id='word_1_12' title='bbox 280 418 366 473; x_wconf 80' lang='lat' dir='ltr'><strong>justum</strong></span> <span class='ocrx_word' id='word_1_13' title='bbox 379 415 412 460; x_wconf 78' lang='lat' dir='ltr'><strong>eit</strong></span> <span class='ocrx_word' id='word_1_14' title='bbox 420 415 561 472; x_wconf 81' lang='lat' dir='ltr'><strong>simpliciter</strong></span> <span class='ocrx_word' id='word_1_15' title='bbox 574 414 638 461; x_wconf 80' lang='lat' dir='ltr'><strong>tatem</strong></span> <span class='ocrx_word' id='word_1_16' title='bbox 652 417 715 474; x_wconf 75' lang='lat' dir='ltr'><strong>quod</strong></span> <span class='ocrx_word' id='word_1_17' title='bbox 725 420 902 475; x_wconf 77' lang='lat' dir='ltr'><strong>contmpaseun.</strong></span> 
     </span>
    </p>
   </div>
   <div class='ocr_carea' id='block_1_3' title="bbox 141 541 944 2889">
    <p class='ocr_par' dir='ltr' id='par_1_3' title="bbox 141 541 943 1034">
     <span class='ocr_line' id='line_1_4' title="bbox 173 541 940 610; baseline -0.004 -15"><span class='ocrx_word' id='word_1_18' title='bbox 173 545 206 596; x_wconf 79' lang='lat' dir='ltr'><strong>nd</strong></span> <span class='ocrx_word' id='word_1_19' title='bbox 223 545 327 610; x_wconf 85' lang='lat' dir='ltr'><strong>quartum</strong></span> <span class='ocrx_word' id='word_1_20' title='bbox 340 542 374 594; x_wconf 87' lang='lat' dir='ltr'><strong>sic</strong></span> <span class='ocrx_word' id='word_1_21' title='bbox 388 543 526 608; x_wconf 74' lang='lat' dir='ltr'>proceditur.</span> <span class='ocrx_word' id='word_1_22' title='bbox 541 542 633 593; x_wconf 83' lang='lat' dir='ltr'><strong>Videtur</strong></span> <span class='ocrx_word' id='word_1_23' title='bbox 650 541 712 606; x_wconf 88' lang='lat' dir='ltr'><strong>qubd</strong></span> <span class='ocrx_word' id='word_1_24' title='bbox 721 544 827 605; x_wconf 76' lang='lat' dir='ltr'><strong>jureium</strong></span> <span class='ocrx_word' id='word_1_25' title='bbox 844 544 875 594; x_wconf 84' lang='lat' dir='ltr'><strong>sit</strong></span> <span class='ocrx_word' id='word_1_26' title='bbox 887 545 940 594; x_wconf 89' lang='lat' dir='ltr'><strong>sinr-</strong></span> 
     </span>
     <span class='ocr_line' id='line_1_5' title="bbox 141 614 943 682; baseline -0.004 -14"><span class='ocrx_word' id='word_1_27' title='bbox 141 617 228 682; x_wconf 89' lang='lat' dir='ltr'><strong>pticiter</strong></span> <span class='ocrx_word' id='word_1_28' title='bbox 240 614 299 666; x_wconf 89' lang='lat' dir='ltr'><strong>idern</strong></span> <span class='ocrx_word' id='word_1_29' title='bbox 313 616 374 678; x_wconf 88' lang='lat' dir='ltr'><strong>quod</strong></span> <span class='ocrx_word' id='word_1_30' title='bbox 387 618 588 679; x_wconf 81' lang='lat' dir='ltr'><strong>contrapassum.</strong></span> <span class='ocrx_word' id='word_1_31' title='bbox 599 614 712 665; x_wconf 74' lang='lat' dir='ltr'>Iudicium</span> <span class='ocrx_word' id='word_1_32' title='bbox 722 615 786 666; x_wconf 89' lang='lat' dir='ltr'><strong>euim</strong></span> <span class='ocrx_word' id='word_1_33' title='bbox 796 615 902 666; x_wconf 89' lang='lat' dir='ltr'><strong>divinum</strong></span> <span class='ocrx_word' id='word_1_34' title='bbox 909 623 943 666; x_wconf 84' lang='lat' dir='ltr'><strong>est</strong></span> 
     </span>
     <span class='ocr_line' id='line_1_6' title="bbox 142 685 943 751; baseline -0.002 -11"><span class='ocrx_word' id='word_1_35' title='bbox 142 686 273 751; x_wconf 84' lang='lat' dir='ltr'><strong>simpliciter</strong></span> <span class='ocrx_word' id='word_1_36' title='bbox 283 687 381 750; x_wconf 85' lang='lat' dir='ltr'><strong>justum.</strong></span> <span class='ocrx_word' id='word_1_37' title='bbox 400 688 446 738; x_wconf 86' lang='lat' dir='ltr'><strong>Scd</strong></span> <span class='ocrx_word' id='word_1_38' title='bbox 464 688 513 741; x_wconf 82' lang='lat' dir='ltr'><strong>bec</strong></span> <span class='ocrx_word' id='word_1_39' title='bbox 531 690 567 737; x_wconf 88' lang='lat' dir='ltr'><strong>est</strong></span> <span class='ocrx_word' id='word_1_40' title='bbox 580 685 652 736; x_wconf 82' lang='lat' dir='ltr'><strong>forma</strong></span> <span class='ocrx_word' id='word_1_41' title='bbox 665 685 740 736; x_wconf 90' lang='lat' dir='ltr'><strong>divini</strong></span> <span class='ocrx_word' id='word_1_42' title='bbox 751 687 849 751; x_wconf 84' lang='lat' dir='ltr'><strong>judicii,</strong></span> <span class='ocrx_word' id='word_1_43' title='bbox 870 692 897 738; x_wconf 83' lang='lat' dir='ltr'><strong>ut</strong></span> <span class='ocrx_word' id='word_1_44' title='bbox 909 703 943 738; x_wconf 87' lang='lat' dir='ltr'><strong>se-</strong></span> 
     </span>
     <span class='ocr_line' id='line_1_7' title="bbox 142 756 943 822; baseline -0.001 -15"><span class='ocrx_word' id='word_1_45' title='bbox 142 756 238 808; x_wconf 82' lang='lat' dir='ltr'><strong>cundilm</strong></span> <span class='ocrx_word' id='word_1_46' title='bbox 255 757 315 820; x_wconf 90' lang='lat' dir='ltr'><strong>quod</strong></span> <span class='ocrx_word' id='word_1_47' title='bbox 333 757 415 822; x_wconf 90' lang='lat' dir='ltr'><strong>aliquis</strong></span> <span class='ocrx_word' id='word_1_48' title='bbox 427 757 495 820; x_wconf 83' lang='lat' dir='ltr'><strong>fecit,</strong></span> <span class='ocrx_word' id='word_1_49' title='bbox 505 756 616 820; x_wconf 81' lang='lat' dir='ltr'><strong>pabatm,</strong></span> <span class='ocrx_word' id='word_1_50' title='bbox 633 756 760 810; x_wconf 84' lang='lat' dir='ltr'><strong>sccundirm</strong></span> <span class='ocrx_word' id='word_1_51' title='bbox 770 758 828 812; x_wconf 88' lang='lat' dir='ltr'><strong>illud</strong></span> <span class='ocrx_word' id='word_1_52' title='bbox 840 760 943 818; x_wconf 73' lang='lat' dir='ltr'><strong>Maera,</strong></span> 
     </span>
     <span class='ocr_line' id='line_1_8' title="bbox 141 828 943 894; baseline 0.002 -18"><span class='ocrx_word' id='word_1_53' title='bbox 141 831 201 878; x_wconf 85' lang='lat' dir='ltr'><strong>Vll:</strong></span> <span class='ocrx_word' id='word_1_54' title='bbox 219 847 232 877; x_wconf 84' lang='lat' dir='ltr'><strong>v</strong></span> <span class='ocrx_word' id='word_1_55' title='bbox 252 830 277 880; x_wconf 91' lang='lat' dir='ltr'><strong>lu</strong></span> <span class='ocrx_word' id='word_1_56' title='bbox 293 841 338 893; x_wconf 89' lang='lat' dir='ltr'><strong>quo</strong></span> <span class='ocrx_word' id='word_1_57' title='bbox 354 828 439 894; x_wconf 83' lang='lat' dir='ltr'><strong>judicio</strong></span> <span class='ocrx_word' id='word_1_58' title='bbox 449 828 618 893; x_wconf 88' lang='lat' dir='ltr'><strong>judicaveritis,</strong></span> <span class='ocrx_word' id='word_1_59' title='bbox 635 828 811 893; x_wconf 78' lang='lat' dir='ltr'><strong>judicabimini3</strong></span> <span class='ocrx_word' id='word_1_60' title='bbox 825 830 890 881; x_wconf 88' lang='lat' dir='ltr'><strong>etin</strong></span> <span class='ocrx_word' id='word_1_61' title='bbox 902 844 943 894; x_wconf 84' lang='lat' dir='ltr'><strong>qua</strong></span> 
     </span>
     <span class='ocr_line' id='line_1_9' title="bbox 142 898 941 964; baseline 0 -17"><span class='ocrx_word' id='word_1_62' title='bbox 142 911 249 948; x_wconf 89' lang='lat' dir='ltr'><strong>mensura</strong></span> <span class='ocrx_word' id='word_1_63' title='bbox 262 899 334 949; x_wconf 83' lang='lat' dir='ltr'><strong>mensi</strong></span> <span class='ocrx_word' id='word_1_64' title='bbox 346 899 445 959; x_wconf 84' lang='lat' dir='ltr'><strong>fueritis,</strong></span> <span class='ocrx_word' id='word_1_65' title='bbox 460 899 589 949; x_wconf 74' lang='lat' dir='ltr'><strong>remetietur</strong></span> <span class='ocrx_word' id='word_1_66' title='bbox 602 898 676 950; x_wconf 83' lang='lat' dir='ltr'><strong>vobio.</strong></span> <span class='ocrx_word' id='word_1_67' title='bbox 693 915 709 945; x_wconf 77' lang='lat' dir='ltr'><strong>a</strong></span> <span class='ocrx_word' id='word_1_68' title='bbox 720 899 780 962; x_wconf 80' lang='lat' dir='ltr'><strong>Ergo</strong></span> <span class='ocrx_word' id='word_1_69' title='bbox 786 900 895 964; x_wconf 81' lang='lat' dir='ltr'><strong>juetam</strong></span> <span class='ocrx_word' id='word_1_70' title='bbox 909 905 941 950; x_wconf 91' lang='lat' dir='ltr'><strong>est</strong></span> 
     </span>
     <span class='ocr_line' id='line_1_10' title="bbox 143 969 629 1034; baseline -0.002 -14"><span class='ocrx_word' id='word_1_71' title='bbox 143 969 278 1034; x_wconf 83' lang='lat' dir='ltr'><strong>simpliciter</strong></span> <span class='ocrx_word' id='word_1_72' title='bbox 288 969 348 1020; x_wconf 90' lang='lat' dir='ltr'><strong>idem</strong></span> <span class='ocrx_word' id='word_1_73' title='bbox 361 971 420 1034; x_wconf 88' lang='lat' dir='ltr'><strong>quod</strong></span> <span class='ocrx_word' id='word_1_74' title='bbox 430 972 629 1034; x_wconf 61' lang='lat' dir='ltr'><strong>contrabescam.</strong></span> 
     </span>
    </p>

    <p class='ocr_par' dir='ltr' id='par_1_4' title="bbox 144 1040 943 1605">
     <span class='ocr_line' id='line_1_11' title="bbox 175 1040 943 1107; baseline -0.001 -15"><span class='ocrx_word' id='word_1_75' title='bbox 175 1046 198 1092; x_wconf 66' lang='lat' dir='ltr'><strong>a.</strong></span> <span class='ocrx_word' id='word_1_76' title='bbox 213 1045 334 1104; x_wconf 76' lang='lat' dir='ltr'><strong>meteres,</strong></span> <span class='ocrx_word' id='word_1_77' title='bbox 349 1041 374 1091; x_wconf 90' lang='lat' dir='ltr'><strong>in</strong></span> <span class='ocrx_word' id='word_1_78' title='bbox 389 1044 484 1104; x_wconf 81' lang='lat' dir='ltr'><strong>utraque</strong></span> <span class='ocrx_word' id='word_1_79' title='bbox 495 1041 590 1105; x_wconf 80' lang='lat' dir='ltr'><strong>justitie</strong></span> <span class='ocrx_word' id='word_1_80' title='bbox 601 1040 677 1106; x_wconf 83' lang='lat' dir='ltr'><strong>specie</strong></span> <span class='ocrx_word' id='word_1_81' title='bbox 690 1043 758 1092; x_wconf 84' lang='lat' dir='ltr'><strong>datar</strong></span> <span class='ocrx_word' id='word_1_82' title='bbox 770 1042 860 1107; x_wconf 87' lang='lat' dir='ltr'><strong>aliquid</strong></span> <span class='ocrx_word' id='word_1_83' title='bbox 875 1045 943 1094; x_wconf 79' lang='lat' dir='ltr'><strong>aliem</strong></span> 
     </span>
     <span class='ocr_line' id='line_1_12' title="bbox 144 1111 943 1178; baseline 0 -14"><span class='ocrx_word' id='word_1_84' title='bbox 144 1113 269 1164; x_wconf 87' lang='lat' dir='ltr'><strong>secuudbm</strong></span> <span class='ocrx_word' id='word_1_85' title='bbox 291 1113 443 1177; x_wconf 76' lang='lat' dir='ltr'><strong>equalitatem</strong></span> <span class='ocrx_word' id='word_1_86' title='bbox 460 1129 465 1162; x_wconf 77' lang='grc' dir='ltr'><strong>ι</strong></span> <span class='ocrx_word' id='word_1_87' title='bbox 481 1111 506 1162; x_wconf 90' lang='lat' dir='ltr'><strong>in</strong></span> <span class='ocrx_word' id='word_1_88' title='bbox 523 1116 627 1177; x_wconf 84' lang='lat' dir='ltr'><strong>respectu</strong></span> <span class='ocrx_word' id='word_1_89' title='bbox 648 1113 741 1176; x_wconf 87' lang='lat' dir='ltr'><strong>quidem</strong></span> <span class='ocrx_word' id='word_1_90' title='bbox 759 1114 790 1163; x_wconf 88' lang='lat' dir='ltr'><strong>ad</strong></span> <span class='ocrx_word' id='word_1_91' title='bbox 814 1113 943 1178; x_wconf 82' lang='lat' dir='ltr'><strong>dignitatem</strong></span> 
     </span>
     <span class='ocr_line' id='line_1_13' title="bbox 144 1183 943 1250; baseline -0.003 -15"><span class='ocrx_word' id='word_1_92' title='bbox 144 1197 256 1248; x_wconf 79' lang='lat' dir='ltr'><strong>persone,</strong></span> <span class='ocrx_word' id='word_1_93' title='bbox 268 1183 292 1234; x_wconf 89' lang='lat' dir='ltr'><strong>in</strong></span> <span class='ocrx_word' id='word_1_94' title='bbox 307 1183 398 1248; x_wconf 76' lang='lat' dir='ltr'><strong>Justilia</strong></span> <span class='ocrx_word' id='word_1_95' title='bbox 408 1183 560 1247; x_wconf 71' lang='lat' dir='ltr'><strong>distributiva,</strong></span> <span class='ocrx_word' id='word_1_96' title='bbox 574 1197 625 1248; x_wconf 82' lang='lat' dir='ltr'><strong>qne</strong></span> <span class='ocrx_word' id='word_1_97' title='bbox 635 1183 727 1248; x_wconf 88' lang='lat' dir='ltr'><strong>quidem</strong></span> <span class='ocrx_word' id='word_1_98' title='bbox 735 1196 843 1248; x_wconf 83' lang='lat' dir='ltr'><strong>personae</strong></span> <span class='ocrx_word' id='word_1_99' title='bbox 853 1185 943 1250; x_wconf 76' lang='lat' dir='ltr'><strong>dignitas</strong></span> 
     </span>
     <span class='ocr_line' id='line_1_14' title="bbox 144 1253 942 1320; baseline 0 -16"><span class='ocrx_word' id='word_1_100' title='bbox 144 1253 242 1304; x_wconf 79' lang='lat' dir='ltr'><strong>maxime</strong></span> <span class='ocrx_word' id='word_1_101' title='bbox 255 1255 343 1306; x_wconf 86' lang='lat' dir='ltr'><strong>videtur</strong></span> <span class='ocrx_word' id='word_1_102' title='bbox 354 1255 440 1306; x_wconf 87' lang='lat' dir='ltr'><strong>attendi</strong></span> <span class='ocrx_word' id='word_1_103' title='bbox 454 1254 578 1306; x_wconf 85' lang='lat' dir='ltr'><strong>secunddm</strong></span> <span class='ocrx_word' id='word_1_104' title='bbox 587 1267 656 1319; x_wconf 89' lang='lat' dir='ltr'><strong>opera</strong></span> <span class='ocrx_word' id='word_1_105' title='bbox 666 1255 751 1318; x_wconf 87' lang='lat' dir='ltr'><strong>quibus</strong></span> <span class='ocrx_word' id='word_1_106' title='bbox 763 1255 839 1320; x_wconf 87' lang='lat' dir='ltr'><strong>aliqui</strong></span> <span class='ocrx_word' id='word_1_107' title='bbox 847 1269 942 1308; x_wconf 86' lang='lat' dir='ltr'><strong>commn-</strong></span> 
     </span>
     <span class='ocr_line' id='line_1_15' title="bbox 145 1325 942 1390; baseline 0.001 -16"><span class='ocrx_word' id='word_1_108' title='bbox 145 1325 209 1374; x_wconf 87' lang='lat' dir='ltr'><strong>nitati</strong></span> <span class='ocrx_word' id='word_1_109' title='bbox 219 1325 336 1390; x_wconf 78' lang='lat' dir='ltr'><strong>serviunt3</strong></span> <span class='ocrx_word' id='word_1_110' title='bbox 348 1326 371 1377; x_wconf 94' lang='lat' dir='ltr'><strong>in</strong></span> <span class='ocrx_word' id='word_1_111' title='bbox 382 1330 489 1390; x_wconf 84' lang='lat' dir='ltr'><strong>respectu</strong></span> <span class='ocrx_word' id='word_1_112' title='bbox 497 1330 574 1376; x_wconf 89' lang='lat' dir='ltr'><strong>autem</strong></span> <span class='ocrx_word' id='word_1_113' title='bbox 586 1327 613 1376; x_wconf 88' lang='lat' dir='ltr'><strong>ad</strong></span> <span class='ocrx_word' id='word_1_114' title='bbox 622 1339 670 1377; x_wconf 87' lang='lat' dir='ltr'><strong>rem</strong></span> <span class='ocrx_word' id='word_1_115' title='bbox 683 1327 709 1376; x_wconf 91' lang='lat' dir='ltr'><strong>lu</strong></span> <span class='ocrx_word' id='word_1_116' title='bbox 718 1340 764 1389; x_wconf 85' lang='lat' dir='ltr'><strong>qua</strong></span> <span class='ocrx_word' id='word_1_117' title='bbox 776 1327 831 1390; x_wconf 90' lang='lat' dir='ltr'><strong>quis</strong></span> <span class='ocrx_word' id='word_1_118' title='bbox 845 1326 942 1379; x_wconf 83' lang='lat' dir='ltr'><strong>damniti-</strong></span> 
     </span>
     <span class='ocr_line' id='line_1_16' title="bbox 145 1395 942 1461; baseline -0.001 -16"><span class='ocrx_word' id='word_1_119' title='bbox 145 1399 208 1446; x_wconf 81' lang='lat' dir='ltr'><strong>catus</strong></span> <span class='ocrx_word' id='word_1_120' title='bbox 218 1398 262 1459; x_wconf 92' lang='lat' dir='ltr'><strong>est,</strong></span> <span class='ocrx_word' id='word_1_121' title='bbox 272 1397 297 1448; x_wconf 91' lang='lat' dir='ltr'><strong>in</strong></span> <span class='ocrx_word' id='word_1_122' title='bbox 307 1397 396 1461; x_wconf 86' lang='lat' dir='ltr'><strong>justitia</strong></span> <span class='ocrx_word' id='word_1_123' title='bbox 410 1398 579 1448; x_wconf 83' lang='lat' dir='ltr'><strong>commutatira.</strong></span> <span class='ocrx_word' id='word_1_124' title='bbox 593 1395 721 1450; x_wconf 84' lang='lat' dir='ltr'><strong>Secundbm</strong></span> <span class='ocrx_word' id='word_1_125' title='bbox 734 1400 814 1448; x_wconf 84' lang='lat' dir='ltr'><strong>autem</strong></span> <span class='ocrx_word' id='word_1_126' title='bbox 830 1402 942 1460; x_wconf 85' lang='lat' dir='ltr'><strong>utramque</strong></span> 
     </span>
     <span class='ocr_line' id='line_1_17' title="bbox 144 1466 943 1533; baseline -0.003 -15"><span class='ocrx_word' id='word_1_127' title='bbox 144 1466 294 1530; x_wconf 71' lang='lat' dir='ltr'><strong>equalitatem</strong></span> <span class='ocrx_word' id='word_1_128' title='bbox 308 1468 391 1533; x_wconf 89' lang='lat' dir='ltr'><strong>aliquis</strong></span> <span class='ocrx_word' id='word_1_129' title='bbox 403 1471 595 1533; x_wconf 81' lang='lat' dir='ltr'><strong>contropatitm·</strong></span> <span class='ocrx_word' id='word_1_130' title='bbox 604 1466 730 1518; x_wconf 86' lang='lat' dir='ltr'><strong>seeunddm</strong></span> <span class='ocrx_word' id='word_1_131' title='bbox 738 1469 800 1532; x_wconf 87' lang='lat' dir='ltr'><strong>quod</strong></span> <span class='ocrx_word' id='word_1_132' title='bbox 814 1470 884 1520; x_wconf 85' lang='lat' dir='ltr'><strong>iecit.</strong></span> <span class='ocrx_word' id='word_1_133' title='bbox 893 1471 943 1531; x_wconf 78' lang='lat' dir='ltr'><strong>drgo</strong></span> 
     </span>
     <span class='ocr_line' id='line_1_18' title="bbox 144 1539 943 1605; baseline -0.001 -17"><span class='ocrx_word' id='word_1_134' title='bbox 144 1539 234 1590; x_wconf 87' lang='lat' dir='ltr'><strong>videtur</strong></span> <span class='ocrx_word' id='word_1_135' title='bbox 242 1539 301 1604; x_wconf 90' lang='lat' dir='ltr'><strong>qudd</strong></span> <span class='ocrx_word' id='word_1_136' title='bbox 307 1540 410 1602; x_wconf 83' lang='lat' dir='ltr'><strong>justum</strong></span> <span class='ocrx_word' id='word_1_137' title='bbox 424 1539 557 1604; x_wconf 87' lang='lat' dir='ltr'><strong>simpliciter</strong></span> <span class='ocrx_word' id='word_1_138' title='bbox 565 1539 663 1589; x_wconf 88' lang='lat' dir='ltr'><strong>sitidem</strong></span> <span class='ocrx_word' id='word_1_139' title='bbox 674 1539 736 1602; x_wconf 90' lang='lat' dir='ltr'><strong>quod</strong></span> <span class='ocrx_word' id='word_1_140' title='bbox 744 1543 943 1605; x_wconf 69' lang='lat' dir='ltr'><strong>eontrapavsom.</strong></span> 
     </span>
    </p>

    <p class='ocr_par' dir='ltr' id='par_1_5' title="bbox 146 1609 944 2103">
     <span class='ocr_line' id='line_1_19' title="bbox 178 1609 944 1676; baseline -0.003 -16"><span class='ocrx_word' id='word_1_141' title='bbox 178 1616 201 1661; x_wconf 77' lang='grc' dir='ltr'><strong>ιι.</strong></span> <span class='ocrx_word' id='word_1_142' title='bbox 216 1613 342 1676; x_wconf 83' lang='lat' dir='ltr'><strong>Praeterea,</strong></span> <span class='ocrx_word' id='word_1_143' title='bbox 363 1609 462 1661; x_wconf 76' lang='lat' dir='ltr'><strong>maxime</strong></span> <span class='ocrx_word' id='word_1_144' title='bbox 478 1611 568 1662; x_wconf 89' lang='lat' dir='ltr'><strong>ridetur</strong></span> <span class='ocrx_word' id='word_1_145' title='bbox 584 1609 645 1673; x_wconf 88' lang='lat' dir='ltr'><strong>qubd</strong></span> <span class='ocrx_word' id='word_1_146' title='bbox 662 1623 708 1660; x_wconf 91' lang='lat' dir='ltr'><strong>nnn</strong></span> <span class='ocrx_word' id='word_1_147' title='bbox 725 1614 832 1674; x_wconf 85' lang='lat' dir='ltr'><strong>oporteat</strong></span> <span class='ocrx_word' id='word_1_148' title='bbox 852 1611 944 1675; x_wconf 82' lang='lat' dir='ltr'><strong>aliquem</strong></span> 
     </span>
     <span class='ocr_line' id='line_1_20' title="bbox 147 1680 943 1748; baseline -0.004 -16"><span class='ocrx_word' id='word_1_149' title='bbox 147 1685 291 1748; x_wconf 83' lang='lat' dir='ltr'><strong>contropoti</strong></span> <span class='ocrx_word' id='word_1_150' title='bbox 306 1681 429 1733; x_wconf 79' lang='lat' dir='ltr'><strong>secuudum</strong></span> <span class='ocrx_word' id='word_1_151' title='bbox 441 1683 502 1746; x_wconf 90' lang='lat' dir='ltr'><strong>quod</strong></span> <span class='ocrx_word' id='word_1_152' title='bbox 514 1682 581 1744; x_wconf 83' lang='lat' dir='ltr'><strong>lecit,</strong></span> <span class='ocrx_word' id='word_1_153' title='bbox 596 1683 688 1746; x_wconf 89' lang='lat' dir='ltr'><strong>pmpter</strong></span> <span class='ocrx_word' id='word_1_154' title='bbox 702 1680 858 1732; x_wconf 79' lang='lat' dir='ltr'><strong>differentiam</strong></span> <span class='ocrx_word' id='word_1_155' title='bbox 871 1680 943 1732; x_wconf 89' lang='lat' dir='ltr'><strong>volun-</strong></span> 
     </span>
     <span class='ocr_line' id='line_1_21' title="bbox 148 1751 943 1818; baseline 0 -14"><span class='ocrx_word' id='word_1_156' title='bbox 148 1754 200 1805; x_wconf 89' lang='lat' dir='ltr'><strong>tarii</strong></span> <span class='ocrx_word' id='word_1_157' title='bbox 221 1758 244 1804; x_wconf 88' lang='lat' dir='ltr'><strong>et</strong></span> <span class='ocrx_word' id='word_1_158' title='bbox 264 1754 419 1804; x_wconf 88' lang='lat' dir='ltr'><strong>involuntarii.</strong></span> <span class='ocrx_word' id='word_1_159' title='bbox 434 1753 478 1812; x_wconf 79' lang='lat' dir='ltr'><strong>Qui</strong></span> <span class='ocrx_word' id='word_1_160' title='bbox 498 1753 559 1804; x_wconf 89' lang='lat' dir='ltr'><strong>enim</strong></span> <span class='ocrx_word' id='word_1_161' title='bbox 577 1751 728 1803; x_wconf 76' lang='lat' dir='ltr'><strong>involuntarie</strong></span> <span class='ocrx_word' id='word_1_162' title='bbox 750 1752 809 1802; x_wconf 83' lang='lat' dir='ltr'><strong>lecit</strong></span> <span class='ocrx_word' id='word_1_163' title='bbox 826 1753 943 1818; x_wconf 83' lang='lat' dir='ltr'><strong>injuriam,</strong></span> 
     </span>
     <span class='ocr_line' id='line_1_22' title="bbox 149 1823 944 1889; baseline 0 -15"><span class='ocrx_word' id='word_1_164' title='bbox 149 1825 224 1876; x_wconf 79' lang='lat' dir='ltr'><strong>minias</strong></span> <span class='ocrx_word' id='word_1_165' title='bbox 237 1826 337 1889; x_wconf 88' lang='lat' dir='ltr'><strong>punitur.</strong></span> <span class='ocrx_word' id='word_1_166' title='bbox 349 1826 391 1875; x_wconf 86' lang='lat' dir='ltr'><strong>Sed</strong></span> <span class='ocrx_word' id='word_1_167' title='bbox 408 1825 560 1876; x_wconf 88' lang='lat' dir='ltr'><strong>voluntarium</strong></span> <span class='ocrx_word' id='word_1_168' title='bbox 572 1827 600 1876; x_wconf 87' lang='lat' dir='ltr'><strong>et</strong></span> <span class='ocrx_word' id='word_1_169' title='bbox 617 1823 808 1889; x_wconf 86' lang='lat' dir='ltr'><strong>involuntarium,</strong></span> <span class='ocrx_word' id='word_1_170' title='bbox 825 1839 878 1889; x_wconf 81' lang='lat' dir='ltr'><strong>quae</strong></span> <span class='ocrx_word' id='word_1_171' title='bbox 893 1824 944 1874; x_wconf 84' lang='lat' dir='ltr'><strong>ami-</strong></span> 
     </span>
     <span class='ocr_line' id='line_1_23' title="bbox 146 1894 943 1962; baseline -0.004 -15"><span class='ocrx_word' id='word_1_172' title='bbox 146 1897 242 1960; x_wconf 91' lang='lat' dir='ltr'><strong>piuntnr</strong></span> <span class='ocrx_word' id='word_1_173' title='bbox 262 1901 368 1962; x_wconf 80' lang='lat' dir='ltr'><strong>exparte</strong></span> <span class='ocrx_word' id='word_1_174' title='bbox 386 1901 477 1961; x_wconf 86' lang='lat' dir='ltr'><strong>nostra,</strong></span> <span class='ocrx_word' id='word_1_175' title='bbox 493 1909 541 1947; x_wconf 90' lang='lat' dir='ltr'><strong>non</strong></span> <span class='ocrx_word' id='word_1_176' title='bbox 556 1894 707 1947; x_wconf 80' lang='lat' dir='ltr'><strong>diversificant</strong></span> <span class='ocrx_word' id='word_1_177' title='bbox 726 1896 829 1946; x_wconf 87' lang='lat' dir='ltr'><strong>medinm</strong></span> <span class='ocrx_word' id='word_1_178' title='bbox 839 1896 943 1960; x_wconf 79' lang='lat' dir='ltr'><strong>justitia,</strong></span> 
     </span>
     <span class='ocr_line' id='line_1_24' title="bbox 149 1966 944 2032; baseline 0.001 -16"><span class='ocrx_word' id='word_1_179' title='bbox 149 1969 209 2030; x_wconf 88' lang='lat' dir='ltr'><strong>quod</strong></span> <span class='ocrx_word' id='word_1_180' title='bbox 220 1971 255 2018; x_wconf 91' lang='lat' dir='ltr'><strong>est</strong></span> <span class='ocrx_word' id='word_1_181' title='bbox 267 1969 365 2018; x_wconf 85' lang='lat' dir='ltr'><strong>medium</strong></span> <span class='ocrx_word' id='word_1_182' title='bbox 379 1967 424 2030; x_wconf 90' lang='lat' dir='ltr'><strong>rei,</strong></span> <span class='ocrx_word' id='word_1_183' title='bbox 436 1971 460 2019; x_wconf 87' lang='lat' dir='ltr'><strong>et</strong></span> <span class='ocrx_word' id='word_1_184' title='bbox 468 1981 515 2018; x_wconf 89' lang='lat' dir='ltr'><strong>nou</strong></span> <span class='ocrx_word' id='word_1_185' title='bbox 528 1969 601 2032; x_wconf 89' lang='lat' dir='ltr'><strong>quoad</strong></span> <span class='ocrx_word' id='word_1_186' title='bbox 615 1980 666 2018; x_wconf 87' lang='lat' dir='ltr'><strong>nos.</strong></span> <span class='ocrx_word' id='word_1_187' title='bbox 677 1967 737 2030; x_wconf 79' lang='lat' dir='ltr'><strong>Ergo</strong></span> <span class='ocrx_word' id='word_1_188' title='bbox 745 1967 855 2031; x_wconf 79' lang='lat' dir='ltr'><strong>jartam</strong></span> <span class='ocrx_word' id='word_1_189' title='bbox 865 1966 944 2030; x_wconf 86' lang='lat' dir='ltr'><strong>simpli·</strong></span> 
     </span>
     <span class='ocr_line' id='line_1_25' title="bbox 148 2037 728 2103; baseline 0 -17"><span class='ocrx_word' id='word_1_190' title='bbox 148 2037 205 2088; x_wconf 88' lang='lat' dir='ltr'><strong>citer</strong></span> <span class='ocrx_word' id='word_1_191' title='bbox 219 2037 369 2088; x_wconf 87' lang='lat' dir='ltr'><strong>videturesse</strong></span> <span class='ocrx_word' id='word_1_192' title='bbox 383 2038 444 2090; x_wconf 88' lang='lat' dir='ltr'><strong>idem</strong></span> <span class='ocrx_word' id='word_1_193' title='bbox 456 2039 516 2103; x_wconf 91' lang='lat' dir='ltr'><strong>quod</strong></span> <span class='ocrx_word' id='word_1_194' title='bbox 529 2043 728 2103; x_wconf 73' lang='lat' dir='ltr'><strong>contempseram.</strong></span> 
     </span>
    </p>

    <p class='ocr_par' dir='ltr' id='par_1_6' title="bbox 147 2107 943 2244">
     <span class='ocr_line' id='line_1_26' title="bbox 179 2107 943 2174; baseline -0.004 -16"><span class='ocrx_word' id='word_1_195' title='bbox 179 2108 223 2158; x_wconf 88' lang='lat' dir='ltr'><strong>Sed</strong></span> <span class='ocrx_word' id='word_1_196' title='bbox 237 2111 314 2157; x_wconf 85' lang='lat' dir='ltr'><strong>eontra</strong></span> <span class='ocrx_word' id='word_1_197' title='bbox 332 2110 445 2172; x_wconf 70' lang='lat' dir='ltr'><strong>estquod</strong></span> <span class='ocrx_word' id='word_1_198' title='bbox 464 2109 615 2174; x_wconf 83' lang='lat' dir='ltr'><strong>Philosophus</strong></span> <span class='ocrx_word' id='word_1_199' title='bbox 633 2107 690 2160; x_wconf 84' lang='lat' dir='ltr'><strong>inll</strong></span> <span class='ocrx_word' id='word_1_200' title='bbox 705 2108 790 2159; x_wconf 71' lang='lat' dir='ltr'><strong>attic.</strong></span> <span class='ocrx_word' id='word_1_201' title='bbox 807 2109 889 2172; x_wconf 86' lang='lat' dir='ltr'><strong>probat</strong></span> <span class='ocrx_word' id='word_1_202' title='bbox 902 2121 943 2159; x_wconf 92' lang='lat' dir='ltr'><strong>non</strong></span> 
     </span>
     <span class='ocr_line' id='line_1_27' title="bbox 147 2178 646 2244; baseline 0.002 -15"><span class='ocrx_word' id='word_1_203' title='bbox 147 2178 263 2242; x_wconf 85' lang='lat' dir='ltr'><strong>quodlibet</strong></span> <span class='ocrx_word' id='word_1_204' title='bbox 269 2179 373 2244; x_wconf 75' lang='lat' dir='ltr'><strong>jectum</strong></span> <span class='ocrx_word' id='word_1_205' title='bbox 386 2193 437 2232; x_wconf 89' lang='lat' dir='ltr'><strong>esse</strong></span> <span class='ocrx_word' id='word_1_206' title='bbox 450 2183 646 2244; x_wconf 69' lang='lat' dir='ltr'><strong>contemperatam.</strong></span> 
     </span>
    </p>

    <p class='ocr_par' dir='ltr' id='par_1_7' title="bbox 147 2249 942 2388">
     <span class='ocr_line' id='line_1_28' title="bbox 180 2249 942 2315; baseline -0.001 -16"><span class='ocrx_word' id='word_1_207' title='bbox 180 2249 340 2314; x_wconf 77' lang='lat' dir='ltr'><strong>(Conclusio.</strong></span> <span class='ocrx_word' id='word_1_208' title='bbox 354 2253 484 2304; x_wconf 86' lang='lat' dir='ltr'><strong>-Justum</strong></span> <span class='ocrx_word' id='word_1_209' title='bbox 499 2252 523 2302; x_wconf 93' lang='lat' dir='ltr'><strong>in</strong></span> <span class='ocrx_word' id='word_1_210' title='bbox 541 2252 704 2303; x_wconf 86' lang='lat' dir='ltr'><strong>commutativa</strong></span> <span class='ocrx_word' id='word_1_211' title='bbox 722 2250 816 2315; x_wconf 78' lang='lat' dir='ltr'><strong>justitia</strong></span> <span class='ocrx_word' id='word_1_212' title='bbox 832 2251 893 2303; x_wconf 89' lang='lat' dir='ltr'><strong>idem</strong></span> <span class='ocrx_word' id='word_1_213' title='bbox 911 2253 942 2300; x_wconf 89' lang='lat' dir='ltr'><strong>est</strong></span> 
     </span>
     <span class='ocr_line' id='line_1_29' title="bbox 147 2322 767 2388; baseline 0 -16"><span class='ocrx_word' id='word_1_214' title='bbox 147 2322 207 2385; x_wconf 87' lang='lat' dir='ltr'><strong>quod</strong></span> <span class='ocrx_word' id='word_1_215' title='bbox 223 2322 406 2388; x_wconf 83' lang='lat' dir='ltr'><strong>contrapissvm,</strong></span> <span class='ocrx_word' id='word_1_216' title='bbox 419 2338 465 2376; x_wconf 92' lang='lat' dir='ltr'><strong>uon</strong></span> <span class='ocrx_word' id='word_1_217' title='bbox 480 2328 555 2374; x_wconf 81' lang='lat' dir='ltr'><strong>anatem</strong></span> <span class='ocrx_word' id='word_1_218' title='bbox 568 2324 593 2372; x_wconf 92' lang='lat' dir='ltr'><strong>in</strong></span> <span class='ocrx_word' id='word_1_219' title='bbox 605 2322 767 2386; x_wconf 83' lang='lat' dir='ltr'><strong>distributiva.)</strong></span> 
     </span>
    </p>

    <p class='ocr_par' dir='ltr' id='par_1_8' title="bbox 147 2394 940 2889">
     <span class='ocr_line' id='line_1_30' title="bbox 178 2394 939 2460; baseline 0.003 -17"><span class='ocrx_word' id='word_1_220' title='bbox 178 2394 312 2458; x_wconf 81' lang='lat' dir='ltr'><strong>Respondes</strong></span> <span class='ocrx_word' id='word_1_221' title='bbox 322 2395 449 2459; x_wconf 88' lang='lat' dir='ltr'><strong>dicendum,</strong></span> <span class='ocrx_word' id='word_1_222' title='bbox 461 2394 524 2460; x_wconf 87' lang='lat' dir='ltr'><strong>qubd</strong></span> <span class='ocrx_word' id='word_1_223' title='bbox 534 2396 578 2446; x_wconf 91' lang='lat' dir='ltr'><strong>boc</strong></span> <span class='ocrx_word' id='word_1_224' title='bbox 586 2397 645 2460; x_wconf 87' lang='lat' dir='ltr'><strong>quod</strong></span> <span class='ocrx_word' id='word_1_225' title='bbox 655 2394 737 2446; x_wconf 86' lang='lat' dir='ltr'><strong>dieitur</strong></span> <span class='ocrx_word' id='word_1_226' title='bbox 745 2397 939 2459; x_wconf 64' lang='lat' dir='ltr'><strong>contrapositam,</strong></span> 
     </span>
     <span class='ocr_line' id='line_1_31' title="bbox 147 2465 940 2531; baseline -0.006 -15"><span class='ocrx_word' id='word_1_227' title='bbox 147 2465 254 2530; x_wconf 74' lang='lat' dir='ltr'><strong>importat</strong></span> <span class='ocrx_word' id='word_1_228' title='bbox 271 2467 380 2531; x_wconf 82' lang='lat' dir='ltr'><strong>equalem</strong></span> <span class='ocrx_word' id='word_1_229' title='bbox 402 2467 634 2531; x_wconf 81' lang='lat' dir='ltr'><strong>recompensationem</strong></span> <span class='ocrx_word' id='word_1_230' title='bbox 651 2465 767 2531; x_wconf 85' lang='lat' dir='ltr'><strong>passionis</strong></span> <span class='ocrx_word' id='word_1_231' title='bbox 785 2467 816 2517; x_wconf 81' lang='lat' dir='ltr'><strong>ad</strong></span> <span class='ocrx_word' id='word_1_232' title='bbox 837 2466 940 2524; x_wconf 84' lang='lat' dir='ltr'><strong>actionem</strong></span> 
     </span>
     <span class='ocr_line' id='line_1_32' title="bbox 147 2536 939 2604; baseline -0.001 -16"><span class='ocrx_word' id='word_1_233' title='bbox 147 2538 319 2602; x_wconf 82' lang='lat' dir='ltr'><strong>precedentem.</strong></span> <span class='ocrx_word' id='word_1_234' title='bbox 330 2539 393 2597; x_wconf 83' lang='lat' dir='ltr'><strong>Quod</strong></span> <span class='ocrx_word' id='word_1_235' title='bbox 404 2537 494 2602; x_wconf 90' lang='lat' dir='ltr'><strong>quidem</strong></span> <span class='ocrx_word' id='word_1_236' title='bbox 507 2537 663 2604; x_wconf 75' lang='lat' dir='ltr'><strong>propriissime</strong></span> <span class='ocrx_word' id='word_1_237' title='bbox 673 2537 757 2589; x_wconf 91' lang='lat' dir='ltr'><strong>dicitur</strong></span> <span class='ocrx_word' id='word_1_238' title='bbox 768 2536 939 2602; x_wconf 80' lang='lat' dir='ltr'><strong>inpassbnibus</strong></span> 
     </span>
     <span class='ocr_line' id='line_1_33' title="bbox 148 2607 936 2674; baseline 0.003 -14"><span class='ocrx_word' id='word_1_239' title='bbox 148 2613 172 2660; x_wconf 91' lang='lat' dir='ltr'><strong>et</strong></span> <span class='ocrx_word' id='word_1_240' title='bbox 182 2609 306 2660; x_wconf 86' lang='lat' dir='ltr'><strong>actionibus</strong></span> <span class='ocrx_word' id='word_1_241' title='bbox 316 2608 442 2674; x_wconf 86' lang='lat' dir='ltr'><strong>injuriosis,</strong></span> <span class='ocrx_word' id='word_1_242' title='bbox 451 2609 534 2674; x_wconf 81' lang='lat' dir='ltr'><strong>quibus</strong></span> <span class='ocrx_word' id='word_1_243' title='bbox 543 2609 625 2674; x_wconf 88' lang='lat' dir='ltr'><strong>aliquis</strong></span> <span class='ocrx_word' id='word_1_244' title='bbox 635 2622 756 2674; x_wconf 86' lang='lat' dir='ltr'><strong>personam</strong></span> <span class='ocrx_word' id='word_1_245' title='bbox 765 2609 864 2674; x_wconf 74' lang='lat' dir='ltr'><strong>posim</strong></span> <span class='ocrx_word' id='word_1_246' title='bbox 874 2607 936 2662; x_wconf 78' lang='lat' dir='ltr'><strong>ledit.</strong></span> 
     </span>
     <span class='ocr_line' id='line_1_34' title="bbox 148 2679 936 2746; baseline -0.001 -17"><span class='ocrx_word' id='word_1_247' title='bbox 148 2679 219 2742; x_wconf 78' lang='lat' dir='ltr'><strong>pute,</strong></span> <span class='ocrx_word' id='word_1_248' title='bbox 233 2680 254 2730; x_wconf 91' lang='lat' dir='ltr'><strong>si</strong></span> <span class='ocrx_word' id='word_1_249' title='bbox 264 2681 375 2744; x_wconf 88' lang='lat' dir='ltr'><strong>percutit,</strong></span> <span class='ocrx_word' id='word_1_250' title='bbox 388 2680 448 2743; x_wconf 88' lang='lat' dir='ltr'><strong>qudd</strong></span> <span class='ocrx_word' id='word_1_251' title='bbox 462 2682 636 2745; x_wconf 87' lang='lat' dir='ltr'><strong>repercutiatur.</strong></span> <span class='ocrx_word' id='word_1_252' title='bbox 651 2682 680 2731; x_wconf 79' lang='lat' dir='ltr'><strong>lit</strong></span> <span class='ocrx_word' id='word_1_253' title='bbox 689 2682 734 2731; x_wconf 90' lang='lat' dir='ltr'><strong>boc</strong></span> <span class='ocrx_word' id='word_1_254' title='bbox 744 2680 837 2744; x_wconf 89' lang='lat' dir='ltr'><strong>quidem</strong></span> <span class='ocrx_word' id='word_1_255' title='bbox 843 2682 936 2746; x_wconf 79' lang='lat' dir='ltr'><strong>jmtom</strong></span> 
     </span>
     <span class='ocr_line' id='line_1_35' title="bbox 149 2749 936 2817; baseline 0.001 -18"><span class='ocrx_word' id='word_1_256' title='bbox 149 2750 309 2800; x_wconf 88' lang='lat' dir='ltr'><strong>determinatur</strong></span> <span class='ocrx_word' id='word_1_257' title='bbox 319 2751 344 2798; x_wconf 91' lang='lat' dir='ltr'><strong>in</strong></span> <span class='ocrx_word' id='word_1_258' title='bbox 355 2751 413 2814; x_wconf 83' lang='lat' dir='ltr'><strong>lege,</strong></span> <span class='ocrx_word' id='word_1_259' title='bbox 426 2753 523 2809; x_wconf 71' lang='lat' dir='ltr'><strong>Eood„</strong></span> <span class='ocrx_word' id='word_1_260' title='bbox 536 2755 586 2804; x_wconf 79' lang='lat' dir='ltr'><strong>lilii</strong></span> <span class='ocrx_word' id='word_1_261' title='bbox 597 2769 602 2803; x_wconf 89' lang='lat'><strong>:</strong></span> <span class='ocrx_word' id='word_1_262' title='bbox 614 2770 628 2801; x_wconf 82' lang='lat' dir='ltr'><strong>v</strong></span> <span class='ocrx_word' id='word_1_263' title='bbox 637 2753 833 2804; x_wconf 85' lang='lat' dir='ltr'><strong>Reddetanimam</strong></span> <span class='ocrx_word' id='word_1_264' title='bbox 845 2765 885 2817; x_wconf 86' lang='lat' dir='ltr'><strong>pro</strong></span> <span class='ocrx_word' id='word_1_265' title='bbox 893 2749 936 2802; x_wconf 84' lang='lat' dir='ltr'><strong>arri·</strong></span> 
     </span>
     <span class='ocr_line' id='line_1_36' title="bbox 148 2820 935 2889; baseline 0.01 -23"><span class='ocrx_word' id='word_1_266' title='bbox 148 2832 200 2882; x_wconf 87' lang='lat' dir='ltr'><strong>ma,</strong></span> <span class='ocrx_word' id='word_1_267' title='bbox 211 2820 302 2870; x_wconf 90' lang='lat' dir='ltr'><strong>oculum</strong></span> <span class='ocrx_word' id='word_1_268' title='bbox 315 2832 356 2884; x_wconf 85' lang='lat' dir='ltr'><strong>pro</strong></span> <span class='ocrx_word' id='word_1_269' title='bbox 365 2823 443 2884; x_wconf 86' lang='lat' dir='ltr'><strong>oculo,</strong></span> <span class='ocrx_word' id='word_1_270' title='bbox 457 2827 503 2874; x_wconf 87' lang='lat' dir='ltr'><strong>etc.</strong></span> <span class='ocrx_word' id='word_1_271' title='bbox 514 2840 528 2872; x_wconf 81' lang='lat' dir='ltr'><strong>u</strong></span> <span class='ocrx_word' id='word_1_272' title='bbox 538 2825 568 2874; x_wconf 88' lang='lat' dir='ltr'><strong>El</strong></span> <span class='ocrx_word' id='word_1_273' title='bbox 581 2824 634 2889; x_wconf 88' lang='lat' dir='ltr'><strong>quia</strong></span> <span class='ocrx_word' id='word_1_274' title='bbox 647 2824 716 2876; x_wconf 88' lang='lat' dir='ltr'><strong>etiam</strong></span> <span class='ocrx_word' id='word_1_275' title='bbox 727 2823 818 2876; x_wconf 77' lang='lat' dir='ltr'><strong>auterre</strong></span> <span class='ocrx_word' id='word_1_276' title='bbox 830 2836 878 2876; x_wconf 84' lang='lat' dir='ltr'><strong>rem</strong></span> <span class='ocrx_word' id='word_1_277' title='bbox 888 2822 935 2874; x_wconf 77' lang='lat' dir='ltr'><strong>alte</strong></span> 
     </span>
    </p>
   </div>
   <div class='ocr_carea' id='block_1_4' title="bbox 0 0 1005 3317">
    <p class='ocr_par' dir='ltr' id='par_1_9' title="bbox 0 0 1005 3317">
     <span class='ocr_line' id='line_1_37' title="bbox 0 0 1005 3317; baseline 0 0"><span class='ocrx_word' id='word_1_278' title='bbox 0 0 1005 3317; x_wconf 95' lang='lat' dir='ltr'><strong> </strong></span> 
     </span>
    </p>
   </div>
  </div>
 </body>
</html>
