1992 3317
118 226 165 278 ebe
249 227 503 281 omniomnis,
521 226 614 277 obeli.
630 226 661 279 ll,
678 223 734 268 εει.
752 230 780 267 n.

118 317 156 367 cui
170 313 318 367 contrariatur
331 310 462 372 infidelibus,
478 308 550 360 estin
564 308 683 359 inbellecln
696 307 753 359 sicul
764 307 790 359 in
803 309 926 375 subjecto

118 388 177 451 Ergo
188 390 212 436 ει
225 383 348 433 infidelitas
365 382 390 432 in
404 382 520 431 intellectu
536 384 580 431 εει.

150 459 310 522 (Conclusio.
321 482 351 493 -
361 456 419 505 Cum
429 454 560 517 dissentire,
572 453 632 517 quod
645 454 681 503 εει
692 456 756 503 εειεε
766 452 924 523 infidelitatis,

118 530 148 580 sil
161 532 224 578 oclus
239 527 367 577 inlelleclus
384 527 441 577 moli
452 526 466 575 l
477 526 594 577 uoluntate
606 564 612 587 ,
625 524 752 575 necessario
771 524 849 588 ipsum
868 528 929 582 infi.

118 599 216 651 delilnlis
241 602 358 663 peccatum
380 598 506 663 subjccliud
530 598 621 662 quidem
641 596 803 647 inintellecta
822 602 874 662 εει,
901 602 931 656 in

118 672 236 721 voluntale
255 670 311 719 ucnd
324 674 350 719 ιιι
362 670 387 719 in
405 669 479 734 primo
492 670 579 720 molino
593 668 635 733 (1).
650 667 660 732 )

149 744 285 807 Respondco
300 742 433 805 dicendum,
446 740 508 805 qubd
523 742 583 792 sicut
598 739 666 805 snord
678 740 764 791 dielnm
778 742 813 790 εει
828 740 874 805 (l,
890 750 929 808 2,

119 829 157 879 qn.
175 818 222 877 ll,
233 817 277 864 erl.
296 818 371 874 Qec
384 813 519 877 deinceps),
535 816 653 877 peccalum
671 812 751 863 dieilun
769 825 822 863 esse
837 814 864 865 in
885 816 933 871 illa

118 886 218 950 lubentia
235 900 286 951 queo
303 890 338 936 est
351 886 489 951 princimnm
503 890 567 935 aelus
581 885 677 950 peccati.
692 887 764 935 delus
778 888 856 936 aulem
870 902 932 952 pcc-

119 958 164 1008 csli
177 962 253 1023 polest
264 960 346 1009 habene
363 959 446 1020 duoles
462 958 609 1022 principium.
626 958 701 1008 Unum
713 956 805 1020 quidem
822 958 934 1021 primum

117 1034 141 1079 ει
155 1031 296 1094 universale,
312 1032 371 1094 quod
383 1030 479 1093 imperat
493 1042 572 1079 omncs
583 1034 647 1079 eolus
661 1030 821 1093 pcccatorum
841 1032 866 1079 ει
880 1032 934 1085 boc

118 1104 255 1168 principium
271 1107 307 1153 εει
315 1104 428 1163 uoluntas,
437 1102 490 1167 quie
503 1115 569 1151 omne
583 1104 701 1165 peccalum
715 1103 749 1149 εει
758 1100 933 1158 voluntarium.

119 1175 275 1225 illudentem
290 1173 429 1238 principium
447 1178 512 1224 oclus
527 1174 616 1237 peceati
629 1176 664 1223 εει
675 1172 791 1236 proprium
805 1177 828 1222 ει
839 1179 934 1237 ononi-

119 1260 195 1307 mum‚
214 1247 274 1309 quod
298 1244 361 1295 elicil
378 1246 465 1309 pcccati
484 1249 559 1295 ectum
578 1245 655 1295 :sicul
682 1243 871 1307 concupiscibilis
895 1256 938 1302 est

118 1317 256 1381 principium
270 1317 327 1380 gulae
341 1318 364 1366 el
375 1316 483 1379 luxunlae3
500 1320 522 1367 ει
535 1317 658 1367 seeundum
672 1316 716 1366 boc
726 1316 779 1379 gule
790 1319 814 1365 ει
829 1315 933 1375 luxuria

119 1388 223 1437 dicuntur
232 1400 284 1437 csse
293 1388 318 1436 in
334 1388 511 1451 concupiscibili.
523 1388 646 1439 bissenlirc
660 1390 752 1448 aulem,
769 1386 809 1449 qui
822 1393 861 1439 εει
871 1406 935 1456 pro-

118 1460 182 1522 prius
196 1462 259 1509 uetus
277 1459 432 1524 infidelitalis,
448 1464 484 1509 εει
494 1462 560 1510 aelus
574 1460 716 1523 intellectae,
732 1459 773 1509 sed
789 1461 848 1510 moli
859 1462 873 1512 d
885 1479 936 1518 vo-

118 1531 220 1593 luntate,
237 1532 296 1582 sicul
307 1536 330 1581 ει
348 1532 466 1582 assentire.
482 1532 510 1581 lll
523 1530 574 1581 idco
590 1531 728 1594 infidelitas,
743 1530 803 1581 sicut
817 1534 841 1581 ει
857 1532 932 1599 fides,

53 1625 86 1677 s
120 1606 153 1653 εει
162 1605 254 1669 quidem
264 1605 289 1654 in
299 1604 415 1655 intellectu
427 1604 486 1653 sicut
495 1604 520 1653 in
531 1602 634 1666 proximo
645 1603 757 1666 subjecto,
768 1602 792 1651 in
800 1604 933 1660 voluntale

119 1680 194 1727 ειιιεει
211 1676 270 1728 sicul
283 1678 307 1728 in
322 1677 396 1741 primo
406 1677 501 1727 molino.
516 1676 545 1726 Ει
559 1677 602 1726 boc
618 1677 686 1728 modo
695 1675 777 1726 dieitur
787 1688 858 1728 omne
870 1692 937 1743 poc.

120 1753 195 1799 culum
212 1764 262 1801 esse
275 1751 299 1799 in
313 1751 438 1799 uoluntate.

150 1822 215 1872 Unde
228 1824 290 1885 ρειει
304 1821 420 1885 responsio
432 1822 460 1872 ad
473 1820 580 1885 primum.

151 1893 185 1941 Ad
197 1893 320 1943 seeundum
330 1892 466 1955 dicendum,
480 1891 541 1955 qubd
550 1893 692 1957 conlemptus
703 1892 829 1943 voluntatis
844 1906 939 1953 causat

120 1964 248 2014 dissensum
259 1964 387 2014 intellectus
393 2001 402 2027 ,
413 1965 438 2013 in
449 1976 494 2027 qno
502 1964 617 2027 perficitur
625 1962 683 2013 nolio
694 1962 846 2015 infidelitatis.
861 1969 939 2025 Undo

121 2049 188 2086 censa
198 2034 336 2085 infidelitalis
349 2038 383 2085 εει
400 2035 424 2086 ιε
437 2035 553 2086 uolunlete
561 2073 570 2099 ,
584 2037 625 2087 sed
642 2036 691 2099 ipsa
705 2034 829 2085 infidelitas
846 2044 887 2091 εει
911 2044 939 2095 in

120 2106 244 2158 intellectu.

151 2181 184 2230 Ad
198 2179 290 2229 tenuium
306 2179 441 2245 dicendum,
455 2180 516 2245 qubd
531 2180 569 2231 ille
584 2180 624 2245 qni
635 2179 706 2231 eredit
719 2178 804 2229 mulum
816 2184 939 2247 angelum

121 2265 170 2302 csse
182 2252 281 2313 bonnm,
295 2266 342 2303 non
354 2252 457 2303 disscnlil
471 2254 499 2303 eb
511 2265 538 2303 eo
554 2251 615 2315 qnuod
627 2254 662 2301 εει
675 2250 741 2315 fidei3
752 2250 806 2318 qnia
818 2268 834 2299 u
844 2267 942 2310 sensus

121 2322 220 2387 corporis
239 2322 340 2385 fallitur,
361 2335 425 2375 mens
438 2323 493 2375 uen'o
507 2338 553 2374 non
569 2328 697 2374 removetur
717 2322 801 2373 luera
818 2330 943 2393 recteque

120 2394 302 2457 sententiendo
314 2394 398 2446 ibidem
407 2394 461 2445 dicit
470 2395 558 2446 Glossu.
570 2394 615 2445 Sed
624 2396 644 2444 si
653 2394 734 2458 aliquis
746 2394 840 2447 Sutenae
851 2399 943 2452 adlim-

120 2469 187 2529 neret,
201 2466 253 2515 clim
271 2466 352 2531 incipit
369 2468 563 2530 nosocomum,
580 2468 602 2517 id
619 2470 668 2529 εει,
686 2467 713 2516 ad
729 2466 789 2519 uulu
802 2472 828 2518 ει
852 2470 943 2535 falsa,

120 2540 175 2588 lune
191 2541 311 2590 non‘cnrcl
326 2543 436 2603 peccalo,
450 2542 476 2589 nl
494 2538 578 2590 ibidem
596 2539 686 2591 dicitur.

153 2656 186 2720 (1)
199 2661 251 2705 Non
265 2664 292 2704 ne
307 2661 447 2716 exemplaria
459 2661 579 2720 qnoedum,
591 2663 620 2707 du
632 2661 749 2718 proximo
760 2664 874 2715 motivo,
892 2670 945 2714 sod

121 2721 166 2767 ullu
180 2721 262 2768 melids
271 2723 370 2779 primo,
384 2727 410 2767 nl
422 2723 604 2781 manuscriptum
619 2724 695 2781 ipsum
712 2729 794 2779 uclns3
809 2728 946 2777 motivum

121 2784 183 2830 enim
197 2786 296 2841 primum
312 2784 454 2844 appellatur,
467 2788 523 2845 onia
538 2786 612 2846 primo
622 2786 720 2847 impellit
732 2788 890 2839 inubccuun
907 2795 945 2843 ed

120 2858 168 2894 non
180 2846 353 2896 assentiendum
365 2849 466 2895 lentati.
