1992 3317
325 147 355 184 ou
370 147 482 186 susurria.
755 138 799 186 ‘llll

75 219 106 268 nd
122 218 218 270 secundun
234 219 364 285 dicendum,
387 222 447 286 quid
471 235 545 286 neque
566 222 638 273 atiani
657 222 749 285 lustitia
766 228 802 275 eut

48 289 172 342 essentialiter
183 293 296 356 rectitudo,
310 293 350 342 sed
370 292 490 344 causaliter
506 297 601 344 turtum.
617 294 745 344 Esttanren
761 296 802 346 ira·

46 363 98 412 litus
112 363 211 413 secuudum
221 378 284 427 quem
298 364 379 428 aliqua
389 368 451 415 recte
465 368 570 427 operatur
583 368 607 414 et
617 365 677 414 uult.

70 434 100 482 td
113 433 187 484 tertium
202 435 328 496 dicendum,
341 436 401 499 quod
416 437 523 486 uoluntas
544 439 619 500 potest
631 434 676 486 diei
691 440 803 499 perpetua

43 503 145 566 dupliciter
158 519 164 553 ε
176 517 212 554 uno
223 506 299 568 uodo,
314 519 342 555 ex
362 509 427 569 parte
441 505 515 570 ipsius
528 511 592 555 aetus
600 543 609 569 ‚
620 505 674 569 quia
692 510 803 570 perpetuo

41 576 109 634 aderrat,
119 577 139 624 et
151 573 178 624 sic
188 575 246 626 solius
262 575 302 626 liai
316 575 423 627 uoluntas
434 581 469 626 est
483 580 605 640 perpetua3
621 577 665 626 alio
680 577 762 640 ruodo,
772 589 802 626 ex

41 648 92 705 narde
105 645 184 708 objecti,
193 646 238 708 quia
251 646 338 697 seilicet
347 645 428 710 aliquis
439 645 488 696 vult
497 649 606 710 perpetuo
617 646 691 696 lucore
704 645 799 709 aliquid.

41 716 58 763 dt
73 718 112 764 doe
127 715 230 778 requiritur
246 715 274 767 ad
287 716 397 767 rationem
410 716 514 780 justitia.
532 717 583 765 Non
598 716 661 765 enim
675 715 761 767 sufficit
773 716 802 766 ad

41 787 131 835 *ationem
141 785 238 848 justitie,
249 785 310 850 quod
324 786 404 850 aliquis
418 787 474 836 uelit
490 787 519 836 ad
533 788 612 836 lroranu
631 785 655 834 iu
672 785 748 848 atiquo
762 799 802 836 ue-

41 857 86 906 ·otio
98 869 178 906 servae
186 856 309 920 justitiam,
328 858 380 922 quia
391 857 429 908 vix
440 856 558 907 inuenitur
566 855 648 918 aliquis
660 855 699 918 qui
709 856 764 906 uelit
777 856 802 905 in

43 927 125 978 annilius
142 926 215 990 injusti
226 941 303 993 agere3
318 929 358 980 sed
372 928 494 992 requiritur
508 927 569 994 qudd
583 928 651 976 honio
664 927 747 976 naboet
760 941 800 977 uo

42 1002 127 1048 arelaten]
143 1002 240 1062 perpetuo
257 1003 281 1050 et
292 999 317 1050 in
330 1000 435 1050 omuibus
446 999 558 1064 justitiam
569 997 728 1068 conservandi.

54 1069 85 1118 ttd
104 1074 198 1132 quartum
212 1071 342 1134 dicendum,
362 1070 491 1135 quidquia
514 1071 665 1134 perpetuum
685 1081 731 1117 non
743 1067 802 1117 acci-

41 1141 79 1188 dur
92 1142 205 1190 seeundum
222 1141 361 1194 durationem
375 1147 507 1206 perpetuam
522 1145 589 1191 actus
605 1136 741 1202 uoluntatis,
755 1151 802 1189 non

41 1209 127 1273 rpertlue
141 1212 236 1274 additur,
253 1216 367 1262 constane
381 1229 389 1261 :
401 1217 439 1274 ut,
455 1213 514 1263 sieut
527 1225 568 1276 por
582 1213 625 1262 hoc
638 1211 697 1274 qnod
709 1209 801 1273 dieitur,

41 1283 262 1347 renotnoooluntuu
276 1285 405 1348 designatur
414 1284 474 1348 quod
487 1283 569 1348 aliquio
579 1286 642 1347 gerat
651 1282 673 1332 in
685 1281 801 1345 preposito

41 1359 121 1415 *nepetae
131 1354 238 1418 justitiam
246 1356 408 1420 conseruandi3
417 1357 448 1408 ita
461 1357 529 1407 etiam
541 1355 701 1420 perhocquod
711 1354 801 1416 dieitur,

41 1430 139 1488 astons,
155 1426 280 1490 designetur
298 1428 358 1492 qudd
378 1427 403 1478 in
418 1430 460 1479 troc
478 1428 595 1492 proposito
610 1425 704 1476 firmiter
721 1438 804 1489 perse·

42 1503 81 1546 ret.

41 1568 73 1615 dd
92 1566 200 1632 quintum
215 1569 350 1635 dicendum,
364 1570 424 1634 quid
441 1571 512 1634 judex
529 1569 602 1621 reddit
615 1567 675 1631 quod
688 1580 755 1615 suum
768 1570 804 1616 est

41 1653 46 1664 ¹
62 1640 153 1690 moduni
171 1639 303 1704 imperantis
322 1646 346 1692 et
359 1641 488 1706 dirigentis3
504 1641 557 1704 quia
567 1639 640 1703 judex
654 1639 690 1686 est
699 1636 804 1699 justum

42 1711 166 1768 saeelum,
182 1716 206 1761 et
217 1712 324 1776 princeos
345 1717 379 1764 ast
402 1715 484 1762 eucine
496 1712 580 1778 justi,
596 1712 623 1758 ut
642 1706 723 1758 dicitnr
747 1705 804 1756 inv

42 1781 85 1830 tie.
100 1781 145 1832 Sed
157 1781 243 1832 subditi
254 1784 351 1836 reddunt
362 1784 422 1848 quod
434 1796 501 1834 suurn
513 1786 551 1833 est
564 1777 685 1841 uuicuique
700 1790 742 1841 per
754 1789 803 1828 nno·

42 1865 51 1899 n
70 1851 225 1904 executionis.

47 1923 62 1970 d
82 1928 176 1974 sextum
192 1925 330 1989 dicendum,
346 1925 407 1990 quod
425 1927 483 1976 siout
495 1926 521 1974 in
538 1921 658 1974 dilectione
675 1919 717 1970 liei
731 1918 805 1969 inolu-

43 2010 55 2042 r
70 1995 167 2046 dilectio
184 1996 296 2062 proxirni,
307 2001 332 2047 ut
341 1997 410 2062 sopri
423 1997 509 2048 dietum
523 2000 557 2046 est
572 1995 627 2059 (qu.
641 1997 686 2055 25,
703 1995 745 2042 art
757 1994 770 2039 1
783 1990 802 2054 l,

42 2067 109 2116 etiarn
125 2067 211 2118 inelroo
229 2069 288 2132 quod
302 2071 370 2120 lrouuo
381 2069 451 2120 seruit
465 2070 529 2131 Deo,
543 2065 663 2118 includitur
675 2063 736 2128 qudd
750 2062 802 2114 uui·

42 2150 72 2187 ue
91 2139 178 2190 reddat
192 2141 257 2204 quod
273 2141 349 2192 debet

308 2320 469 2373 tantotiens
485 2321 514 2372 ll.

147 2445 530 2503 Utrumjuutietusemumttau
538 2448 651 2494 durum.

57 2571 206 2622 secuudum
223 2571 259 2622 sic
278 2572 405 2636 proceditur
411 2571 457 2636 (1).
474 2573 568 2626 Videtur
576 2573 636 2637 qudd
650 2573 741 2638 justitia
757 2588 804 2626 non

43 2659 63 2693 er
83 2642 120 2694 sit
140 2644 304 2696 adulterum.
320 2644 378 2696 llicit
399 2645 461 2696 eninr
475 2645 598 2710 Apostolus
618 2646 654 2696 oet
672 2648 803 2710 ltom.,llt,

48 2795 87 2836 Do
116 2791 160 2840 tris
187 2792 267 2838 etiarn
281 2791 363 2852 cupri,
378 2805 418 2852 qu.
437 2790 481 2853 57,
501 2800 546 2839 art.
561 2793 591 2849 ις
608 2799 632 2839 et
648 2793 672 2839 in
691 2794 735 2840 luae
753 2794 805 2851 ipsu

50 2889 58 2916 ‚
79 2861 136 2901 art.
151 2853 188 2916 Β,
207 2855 286 2912 inlri3
302 2862 326 2902 et
339 2857 419 2916 qud,
437 2855 465 2900 (le
480 2857 569 2917 virent,
581 2862 625 2903 ort.
640 2856 669 2917 ’1,
684 2858 714 2902 ud
728 2855 769 2902 ta.
