1992 3317
124 131 168 180 768
248 139 357 178 snouuon
372 139 503 187 securum,
520 138 614 182 coner.
631 139 672 186 cv,
688 139 743 176 aur.
762 139 795 175 rr.

154 217 188 266 ud
198 215 288 266 tertium
301 213 435 275 dicendum,
446 213 508 278 qudd
521 213 642 275 Gregorius
656 214 698 264 suh
711 214 832 278 prodentia
846 213 927 264 mnndi

123 287 205 352 accipit
221 285 296 337 omnia
315 298 364 348 que
378 289 474 348 possum
490 286 519 335 od
531 285 611 335 taleam
622 285 769 348 prudentiam
787 286 925 350 petinere:

123 360 184 410 undo
199 357 267 412 etiam
279 357 320 408 mm
336 357 379 406 hac
388 357 587 420 comprehenditur
599 356 692 408 astutia

418 535 578 588 tumemus
594 527 634 586 IV.

203 661 287 706 Utrum
296 661 365 706 doleo
374 660 405 705 att
414 664 535 718 mentum
544 660 577 705 od
586 659 701 704 astutiam
717 661 852 716 pertinens.

158 787 191 836 dd
204 787 309 850 quadum
324 786 357 836 sic
373 785 501 850 proceditur
512 785 554 849 (1).
569 785 665 836 Videtur
678 784 741 850 oudd
752 787 821 836 dutus
833 799 882 837 non
902 787 929 836 sit

125 861 242 924 peccatum
261 858 287 908 ad
302 857 429 908 astutitiom
438 857 564 922 pertinens.
578 859 699 907 Peccatum
710 857 773 908 euim
785 858 809 908 in
821 860 929 922 perfectis

126 929 183 980 uiris
196 941 242 980 nou
257 927 380 989 inuenitur,
395 931 418 978 et
433 927 545 993 precipue
558 928 662 978 mortale.
677 928 798 978 Invenitur
809 934 890 978 autem
906 930 928 977 in

92 1029 101 1044 ι
127 1001 162 1052 eis
180 999 262 1065 aliquis
279 1000 356 1058 dolus,
373 999 495 1052 secuudum
515 999 570 1048 iilud
590 999 611 1048 ll
624 999 660 1047 cd
679 1000 749 1057 Cor„
766 1000 809 1048 ΧΠ
825 1015 833 1048 :
850 1017 865 1047 u
877 999 929 1050 Cium

128 1085 202 1124 essem
220 1074 321 1133 astutus,
337 1070 388 1120 dolo
407 1083 449 1120 uos
462 1067 522 1132 cepi.
539 1085 553 1116 u
569 1069 629 1132 Ergo
642 1069 707 1120 dotus
726 1083 774 1119 uon
788 1072 826 1120 eut
845 1082 930 1134 semper

129 1146 257 1206 peccatum.

162 1217 186 1262 3.
200 1214 326 1273 preterea,
340 1210 404 1260 dolus
417 1209 518 1261 maxime
535 1211 563 1260 ad
573 1209 674 1272 linguam
689 1209 809 1273 pertinere
826 1211 929 1272 uidetur,

130 1283 254 1334 secundum
265 1281 320 1331 idud
334 1281 441 1338 Pcodm„
459 1281 475 1328 t
491 1296 497 1328 ι
513 1281 633 1344 «Linguis
646 1281 695 1330 suis
707 1280 786 1331 dolone
802 1282 928 1343 agebunt.»

129 1353 219 1404 Asturia
231 1355 316 1414 autem,
331 1352 392 1408 sicut
407 1355 430 1402 ot
442 1352 578 1416 prudentia,
593 1356 631 1401 eet
648 1350 735 1415 inipso
753 1353 808 1400 actu
828 1352 927 1403 rationis.

130 1426 188 1487 Ergo
203 1423 268 1474 dolus
284 1421 442 1486 norpertinet
457 1423 485 1472 od
499 1422 613 1472 astutiam.

162 1497 185 1544 3.
197 1497 323 1557 Praeterea,
334 1495 419 1548 Prov„
435 1495 490 1554 xit,
505 1493 590 1543 dicitnr
606 1508 612 1541 :
631 1509 645 1538 c
657 1492 730 1542 Dolus
745 1492 771 1542 in
784 1493 856 1544 corde
871 1495 928 1557 cogi-

131 1565 227 1618 tantium
241 1567 307 1616 maia.
315 1580 329 1611 u
345 1565 391 1614 Sed
403 1577 449 1614 uon
462 1564 537 1614 omnin
550 1565 660 1614 maiorum
672 1563 782 1626 cogitatio
793 1565 896 1628 pertinet
903 1566 927 1614 ad

131 1638 246 1688 astutiam.
262 1638 321 1700 Ergo
335 1637 398 1686 dolus
411 1649 455 1686 uon
468 1637 557 1686 ridetur
573 1637 601 1685 ad
615 1634 722 1684 astutiam
736 1635 864 1697 pertinere.

164 1710 209 1760 Sed
220 1711 299 1760 contra
308 1710 355 1768 est,
366 1705 426 1770 qudd
437 1707 521 1758 astutia
532 1707 560 1756 ad
570 1704 795 1756 circumueniendum
806 1707 927 1769 ordinator,

133 1782 257 1831 secuudum
269 1779 324 1830 illud
337 1778 437 1842 Apostoli
450 1778 485 1828 ud
499 1780 601 1842 Epiron,
614 1777 644 1827 Ν
659 1792 695 1826 r«
703 1778 729 1826 lu
742 1778 829 1828 aemuia
849 1780 878 1829 ad
891 1779 930 1828 cir·

133 1852 317 1902 conventionem
333 1850 429 1913 erroris3
440 1866 453 1898 u
465 1851 493 1900 ad
501 1851 561 1912 quod
574 1849 644 1900 etiam
657 1847 722 1898 delos
737 1849 863 1900 ordinatur.
878 1852 930 1913 urge

134 1923 199 1974 dolus
212 1922 310 1987 pertinet
321 1921 350 1971 ad
364 1920 479 1970 astutiam.
699 1982 702 1987 ι

166 1994 320 2055 (Coroneam.
328 2017 360 2030 -
368 1992 437 2042 itolos
448 1993 567 2055 peccatum
576 1993 627 2052 est,
637 1991 666 2042 ad
672 1990 763 2041 astutiae
776 1992 930 2043 executionem

133 2063 266 2129 spectans.)

165 2133 301 2197 Respondet
315 2133 450 2196 dicendum,
459 2132 521 2197 ¹(ruod
530 2133 592 2183 sicot
605 2131 674 2198 suprd
686 2132 929 2197 octodecimus)

135 2205 163 2256 ad
173 2203 277 2254 astutiam
288 2203 386 2267 pertinet
399 2217 513 2255 assumere
527 2204 577 2254 vias
589 2218 636 2254 nou
647 2217 722 2268 ueras,
733 2205 774 2254 sed
785 2206 929 2254 simulataset

135 2278 279 2338 apparentes,
298 2275 325 2325 ed
340 2275 438 2339 aliquem
452 2274 520 2325 finem
533 2275 732 2338 prosequendum,
749 2275 789 2325 rel
798 2275 885 2326 honum
897 2275 929 2324 rel

135 2345 228 2396 maium.
243 2346 374 2409 Assumptio
387 2349 461 2396 autem
471 2347 552 2396 harum
565 2347 652 2396 uiarum
663 2348 739 2409 potest
749 2345 868 2410 dupliciter
880 2359 928 2395 con·

135 2416 227 2468 siderari
243 2432 249 2466 :
261 2430 307 2468 uuo
322 2417 414 2482 quidem
425 2419 492 2468 modo
501 2456 508 2482 ‚
518 2416 542 2466 iu
552 2418 603 2482 ipsa
615 2416 780 2480 excogitatione
792 2418 879 2468 imnum
892 2420 927 2468 iu-

133 2487 251 2551 jusmodi,
262 2492 286 2538 et
295 2490 338 2538 hoc
346 2489 436 2553 proprie
445 2488 545 2552 pertinet
552 2489 580 2538 ad
591 2487 708 2549 astutiam,
719 2488 779 2537 sicot
790 2489 859 2538 etiam
866 2501 927 2538 exre

136 2558 216 2622 gitatio
229 2563 342 2610 rectarum
351 2561 437 2610 uiarum
450 2561 478 2609 ud
491 2557 593 2609 debitum
601 2560 674 2609 finem
687 2559 787 2622 pertinet
796 2560 823 2609 ad
838 2560 927 2624 prodeo·

136 2629 205 2694 tiam3
217 2629 261 2683 ulio
280 2632 346 2682 modo
362 2633 439 2696 potest
459 2629 599 2682 considerari
610 2631 689 2680 tatium
705 2629 796 2680 dmum
812 2631 926 2694 anouurptio

154 2791 205 2900 dud)
218 2795 251 2839 lte
269 2793 305 2838 iris
316 2793 386 2841 utiam
396 2791 464 2853 intrd,
480 2803 521 2850 qu.
533 2792 574 2854 69,
588 2798 632 2842 art.
643 2795 671 2850 23
687 2799 711 2842 et
727 2807 767 2854 qu.
783 2794 837 2857 111,
854 2793 924 2850 arti,

139 2866 152 2902 u
200 2886 207 2901 .
