1992 3317
135 117 180 168 ³18¹»
248 129 358 168 sunum
373 126 501 176 ucnmn,
513 124 607 170 ounsr.
625 125 686 175 nvn,
704 124 761 162 nr.
777 125 815 162 nr.

164 207 197 256 ld
216 206 341 256 seeundum
359 203 495 264 dicendum,
509 199 570 264 quod
583 201 689 252 voluntas
706 202 809 252 hnmana
826 213 856 252 ox
871 211 930 250 eom·

134 276 197 328 muni
213 276 314 326 eondimo
329 276 406 337 potest
419 271 505 336 aliquid
517 271 591 323 laceto
601 271 689 335 justum
699 271 725 320 in
735 270 773 322 his
786 286 838 336 qun
850 285 931 323 secun

135 349 190 400 dnm
204 360 229 398 se
244 359 289 397 non
302 345 386 395 hahent
398 343 496 408 aliquam
509 343 682 407 repugnantiam
696 344 725 393 ad
745 343 874 394 naturalem
886 345 933 409 jus·

135 421 220 484 titiam3
231 421 254 470 et
262 419 287 468 in
296 417 333 468 his
341 417 410 467 hahet
418 416 492 466 locum
496 417 545 480 jus
549 416 700 480 positivum.
712 414 777 465 Unde
783 416 937 482 Philosophus

138 491 196 543 dicit
204 493 228 540 tn
241 490 260 539 V
271 488 353 538 nolte.
366 487 401 552 (ut
412 487 501 552 sopri),
513 486 574 551 quod
588 502 602 534 u
615 485 688 549 legale
697 485 790 549 justum
809 490 862 548 est,
879 487 936 551 quot

137 576 167 613 ox
181 560 292 625 principio
307 557 398 624 quidem
412 558 469 608 nihil
480 557 554 608 differt
566 558 600 608 sie
613 558 650 607 vel
665 558 740 620 aliter,
750 559 844 620 quando
861 565 935 610 autem

137 631 237 698 ponitur,
250 630 334 681 diflert.
344 647 357 678 u
368 629 443 681 Sensi
454 628 538 694 aliquid
550 630 578 680 do
589 643 615 681 se
626 629 803 694 repugnantiam
811 631 900 682 haheat
913 630 936 679 ad

135 704 177 768 jus
187 702 297 766 naturale,
311 715 357 754 non
366 704 443 767 potest
456 701 571 752 voluntate
583 703 683 751 humana
692 699 744 750 fieri
757 701 849 765 justum
866 718 872 750 :
886 706 936 766 puta

139 774 160 826 si
181 776 305 835 statuatur,
323 773 383 838 puoh
399 772 466 824 liceat
486 771 568 836 iurari,
583 773 621 822 vel
635 770 772 822 adulterium
788 773 936 825 committere.

139 845 204 896 Unda
217 843 299 896 dicitur
311 845 408 902 lsat.,X
422 859 428 894 ι
440 860 453 892 u
468 845 507 894 Va
517 843 557 906 qni
565 843 665 894 condunt
679 843 744 905 leges
758 841 863 907 iniquas.
880 861 896 892 u

170 915 306 968 Antonium
319 916 453 976 dicendum,
464 913 525 978 quta
533 915 573 978 jus
583 914 688 964 diuinum
699 913 792 976 dicitur,
806 917 871 980 quod
885 915 936 966 diri·

139 987 201 1038 nitus
213 986 374 1052 promulgatur.
389 987 418 1036 lot
431 987 476 1036 hoe
487 985 578 1048 quidem
590 983 672 1048 partim
688 988 724 1036 est
734 985 763 1036 de
775 986 814 1036 his
826 1001 879 1051 qun
890 990 937 1037 sunt
973 1000 975 1033 r

139 1061 270 1114 naturaliter
281 1058 400 1124 instaret
413 1061 490 1108 nmen
499 1070 577 1107 eorum
586 1055 674 1120 justitia
686 1056 877 1123 homiueslatet3
891 1073 936 1122 par·

139 1131 181 1182 tim
192 1135 268 1182 autem
278 1133 312 1181 ost
323 1131 349 1182 ie
363 1129 399 1180 his
412 1142 462 1193 quae
474 1129 533 1179 fiunt
542 1129 606 1191 justa
618 1127 762 1178 institutione
774 1128 865 1180 divina.
878 1130 935 1179 Unde

140 1203 209 1253 etiam
223 1201 262 1265 jus
279 1201 382 1252 diuinum
395 1213 435 1264 per
446 1201 495 1252 haeo
510 1201 554 1250 duo
565 1198 673 1262 distingui
689 1202 775 1264 potest,
792 1199 855 1250 siem
873 1205 895 1252 et
905 1203 937 1264 jm

139 1273 273 1322 humanum.
289 1272 347 1322 Sunt
365 1271 459 1322 enimin
474 1271 526 1334 lege
541 1269 732 1334 divmaquaedam
748 1274 878 1337 praecepta,
893 1272 937 1336 quia

139 1340 213 1405 hona;
233 1344 256 1392 et
279 1341 404 1406 prohibita,
424 1341 477 1405 quia
494 1341 555 1390 mala
569 1356 576 1390 ε
591 1341 696 1405 quedam
716 1339 773 1392 vero
798 1341 878 1406 hona,
891 1341 938 1406 puin

141 1415 266 1479 praesepem
278 1413 384 1475 einata,
400 1411 453 1477 pria
463 1411 586 1476 pmhihita.

440 1589 603 1642 Anniculus
616 1589 654 1639 lli.

217 1721 301 1768 Utrum
312 1719 355 1775 jus
368 1717 477 1774 pontium
493 1717 526 1762 so
538 1716 602 1761 wem
615 1727 670 1760 oum
676 1715 736 1770 jure
745 1718 872 1764 moratu

173 1849 207 1900 ld
218 1847 309 1898 tertium
323 1845 355 1896 sio
366 1842 492 1908 proceditur
502 1839 548 1907 (t).
561 1840 654 1892 Videtur
666 1839 727 1904 quod
739 1842 781 1904 jhs
795 1845 900 1906 gentium
913 1843 939 1892 sit

142 1919 201 1970 idom
223 1931 272 1969 eum
284 1917 336 1980 jure
352 1914 458 1966 naturali.
472 1913 523 1964 Non
537 1911 689 1962 enimomnes
703 1914 849 1966 etinveniunt
862 1915 940 1966 nisiin

143 1989 239 2052 eoquod
252 1989 287 2036 est
304 1985 338 2036 eis
351 1985 460 2036 naturale.
471 1985 515 2036 Sed
528 1983 552 2033 in
563 1983 615 2047 jure
630 1982 731 2047 gentium
748 1997 831 2036 omnes
839 1987 940 2037 homines

142 2057 293 2116 conueniunt3
313 2055 369 2106 dicit
388 2055 448 2106 enim
466 2055 661 2120 jurisconsultus,
677 2052 738 2117 quod
756 2055 823 2118 «jus
841 2057 939 2120 gentium

83 2153 95 2174 .
142 2133 191 2190 em,
205 2140 249 2192 qno
267 2130 346 2190 genus
365 2139 443 2179 omnes
460 2129 563 2176 utuntur.
579 2141 594 2174 u
609 2125 667 2189 Ergo
679 2125 720 2189 jus
732 2127 838 2188 gentium
859 2133 894 2180 est
903 2129 938 2191 jus

142 2199 253 2252 naturale.

173 2275 198 2321 2.
212 2272 337 2332 Praeterea,
349 2269 448 2320 seruitus
462 2267 523 2318 inter
534 2267 641 2318 homines
657 2271 693 2318 est
705 2267 835 2332 naturaiis;
850 2271 939 2334 worm

142 2341 203 2394 enim
214 2344 268 2391 sunt
277 2341 409 2392 naturaliter
422 2339 492 2402 serui,
506 2343 532 2389 ut
545 2338 697 2403 Philosophus
710 2339 791 2403 probat
802 2340 829 2390 in
841 2341 938 2392 lPolit.

142 2412 209 2478 (cap.
225 2417 238 2462 3
250 2417 274 2462 et
288 2411 331 2476 t).
349 2411 418 2462 Sed«
432 2409 554 2477 servitutes
566 2411 680 2475 pertinent
695 2411 724 2460 ad
736 2410 777 2473 jus
789 2411 909 2474 gentium,
924 2429 936 2456 u

142 2487 169 2536 ut
181 2483 280 2536 isidorus
290 2483 345 2535 dioit
357 2483 366 2548 (
376 2481 415 2534 uhi
426 2481 495 2548 supra
506 2482 524 2547 ).
536 2483 594 2547 Ergo
608 2482 762 2546 insuentium
778 2485 817 2536 est
826 2482 869 2548 jus
879 2487 941 2534 natu-

142 2557 197 2610 eale.

174 2631 197 2678 t.
212 2629 337 2690 proterea,
350 2625 404 2690 jus,
415 2628 441 2676 ut
457 2625 542 2676 dictum
551 2627 599 2690 est,
609 2623 721 2676 metuitur
733 2638 776 2690 per
785 2624 827 2691 jus
842 2625 942 2677 naturale

140 2781 209 2892 isitii)
220 2785 256 2891 ὗε
267 2781 303 2828 hio
322 2779 392 2850 etiam
405 2777 428 2842 t,
442 2780 467 2842 Ξ,
481 2791 522 2838 pu.
532 2777 573 2840 oo,
587 2784 632 2826 ert.
646 2778 678 2840 4,
693 2777 724 2827 ro
738 2777 766 2836 13
780 2782 840 2831 etv
851 2780 942 2828 mic„
