1992 3317
111 196 142 243 'ld
240 204 315 243 arran
332 203 456 255 sanonum,
475 201 727 253 nonsummum.
746 200 785 274 ek
905 167 958 301 Is

8 328 9 345 2
144 287 166 333 t.
184 282 312 345 Pronior,
329 280 349 331 si
364 279 434 344 gratia
448 277 578 331 infundatur
591 278 686 342 anime,
703 280 791 343 oportet
804 277 860 330 dare
871 278 918 332 ati·

113 355 173 419 quod
193 354 293 415 instans,
310 353 335 403 in
350 364 396 417 qno
415 352 488 419 primo
505 349 588 403 anima
607 350 675 415 insit;
689 348 795 401 similiter
808 348 829 401 si
844 350 917 417 eulpa

112 425 246 489 remittitur,
261 428 349 489 oportet
362 424 466 475 altimum
480 424 569 475 instans
585 424 638 475 dare
654 423 679 474 in
695 434 748 487 ouo
756 424 825 475 homo
839 424 917 487 culpas

113 497 237 561 subjaceat.
251 498 294 547 Sed
303 510 349 546 non
360 499 436 561 potest
449 508 498 553 esse
513 497 573 546 idem
586 494 687 558 instans,
697 494 750 557 quia
762 493 795 544 sie
808 494 918 559 opposita

113 569 179 618 simui
192 568 294 619 inessent
305 568 386 619 eidem.
399 569 459 631 Ergo
472 570 562 631 oportet
572 580 621 616 esse
633 568 678 616 duo
691 565 800 616 instantia
809 564 854 615 silui
863 580 920 616 suc-

115 639 232 702 cedentia,
245 639 306 689 inter
320 652 383 702 que,
402 639 526 688 seeundum
544 638 708 701 Philosophum
720 636 745 685 irr
759 636 796 686 Vl.
813 636 918 701 derio.

119 714 194 778 (teat.
207 711 252 775 i),
269 714 356 776 oportet
369 724 419 761 esse
430 713 520 773 tempas
534 709 643 759 medium.
655 710 705 759 Non
719 722 772 773 erpo
782 708 921 771 justificatio

114 785 139 833 trt
152 787 200 833 tota
219 783 285 833 simul
297 822 302 846 ‚
314 782 355 833 sed
366 779 502 833 successive.

147 854 189 905 Sed
204 858 282 904 contra
298 857 347 912 est,
359 854 419 917 quod
431 851 566 916 justificatio
575 852 642 917 impii
657 853 684 902 tit
697 852 849 915 pergratiam
865 854 921 917 Spi-

115 927 172 976 ritus
190 926 262 977 sancti
274 924 429 989 justificantis.
448 924 492 974 Sed
511 924 609 987 Spiritus
625 928 718 976 sanetus
735 924 811 975 subito
825 926 923 976 aduenit

116 998 231 1049 mentibus
252 998 369 1049 nominum
380 1036 387 1058 ,
397 997 523 1047 seeundum
540 996 596 1047 illud
608 1000 675 1053 act„
695 998 734 1047 ll:
755 996 867 1047 «Faetus
883 1002 924 1049 est

116 1074 208 1134 repente
222 1070 250 1121 de
259 1070 316 1120 coelo
330 1083 399 1120 sonus
411 1072 517 1133 tanquam
530 1068 672 1120 aduenientis
687 1069 781 1133 spiritus
793 1070 924 1120 vehemen-

116 1142 161 1204 tis,
175 1156 189 1187 u
206 1140 246 1190 ulri
258 1141 315 1192 dioit
327 1141 414 1203 Glossa,
429 1138 490 1202 quod
505 1157 520 1188 ι(
529 1138 603 1189 nesoit
615 1140 681 1189 tarda
691 1138 807 1189 molimina
819 1137 925 1202 Spiritus

58 1254 59 1261 ,
117 1212 189 1261 suncti
199 1212 278 1275 gratia.
290 1228 304 1261 u
320 1214 378 1275 lingo
389 1210 523 1275 justificatio
536 1210 601 1275 impii
615 1224 661 1261 uon
675 1214 710 1262 est
721 1210 867 1273 successiva,
880 1215 923 1263 sed

117 1283 267 1335 instantaneus.
773 1282 783 1301 '

152 1355 312 1418 (Couauusro.
322 1380 352 1392 -
364 1354 420 1403 Cum
430 1354 500 1407 tileo
510 1354 671 1419 (coiresistere
681 1354 740 1403 nihil
754 1354 841 1418 potest)
854 1355 927 1419 impii

117 1425 247 1489 justitieatio
256 1426 303 1487 fiat,
311 1426 364 1476 ideo
377 1429 455 1476 autern
468 1424 554 1488 aliquid
565 1426 590 1477 in
603 1430 705 1489 tempore
713 1427 754 1475 liat
765 1425 820 1488 quia
829 1427 927 1490 patiens

119 1496 196 1559 agenti
208 1496 305 1559 resistit,
324 1498 396 1561 ipsam
407 1496 472 1560 impii
487 1497 672 1561 justificationem
686 1509 728 1560 pro
742 1494 860 1546 intrusione
871 1512 927 1560 gra-

119 1566 359 1631 unquentorum
372 1568 409 1633 tlt,
420 1571 547 1632 aesopiam,
555 1568 579 1616 in
588 1567 684 1617 instanti
697 1567 747 1616 lieri
758 1570 847 1617 eertum
860 1571 922 1619 estst·

151 1639 284 1704 despondeo
297 1639 433 1703 dicendum,
450 1637 511 1701 quod
525 1642 573 1688 tota
586 1637 720 1702 testificatio
739 1638 804 1701 impii
818 1638 925 1703 origina-

120 1710 173 1761 liter
189 1712 292 1762 consistit
310 1711 333 1761 in
350 1710 427 1775 gratim
447 1709 578 1772 inlusione3
591 1722 633 1772 per
645 1721 697 1759 eam
713 1709 810 1759 enimet
823 1710 927 1763 liberum

120 1780 236 1831 arbitrium
249 1784 352 1833 mouetur
361 1785 384 1831 et
396 1782 462 1845 eulpa
470 1780 602 1831 remittitur.
614 1781 699 1832 ontiae
709 1779 883 1833 autemintusio
898 1784 927 1833 lit

121 1853 145 1903 in
167 1853 262 1903 instanti
281 1854 366 1917 ubsque
385 1852 537 1904 suooessione.
550 1852 623 1916 Cujus
642 1853 700 1903 ratio
719 1856 772 1915 est,
786 1853 841 1915 quia
862 1858 928 1918 qaod

122 1925 196 1989 etqua
207 1924 278 1975 forma
287 1938 334 1975 non
349 1925 424 1974 subito
435 1923 577 1988 imprimatur
588 1925 700 1988 subjecto,
713 1925 827 1988 confingit
835 1939 865 1975 ex
880 1929 929 1980 troc

122 1998 181 2062 quod
196 1996 323 2060 subjectum
335 2008 380 2046 non
393 1997 429 2045 est
441 1994 592 2059 dispositum,
604 2001 630 2045 et
638 2008 709 2058 agens
722 1996 809 2060 indiget
819 2001 929 2063 ternpore
987 1995 989 1998 ’

122 2068 203 2119 adhoc
219 2067 414 2132 quodsubjeotum
427 2067 534 2133 disponat
543 2082 550 2116 r
560 2071 584 2117 et
596 2066 648 2118 ideo
657 2067 762 2117 ridemus
771 2068 833 2130 quod
844 2071 929 2122 statim

122 2153 174 2189 enm
184 2140 279 2189 materia
289 2143 324 2189 est
334 2138 442 2203 disposita
451 2152 492 2203 per
502 2138 659 2189 alterationem
669 2139 844 2202 praecedentem,
851 2140 930 2193 torma

123 2209 279 2261 substantialis
292 2211 413 2274 arqumitur
430 2210 548 2273 materie,
568 2214 591 2260 et
604 2209 683 2260 eadem
705 2210 792 2260 ratione
813 2223 860 2274 qua
877 2214 931 2264 dia-

60 2304 88 2354 s
123 2282 224 2346 phanum
237 2285 273 2333 est
285 2284 408 2333 secundnm
424 2294 448 2333 se
463 2282 600 2345 dispositum
617 2283 646 2332 ad
658 2282 737 2332 lnnren
753 2282 929 2348 recipiendum,

124 2354 198 2405 subito
217 2354 355 2405 illuminatur
370 2353 486 2419 ieorpore
500 2354 606 2403 lucidoin
618 2358 676 2403 autu.
691 2354 784 2404 Dictum
792 2358 831 2404 est
844 2360 930 2407 autem

124 2438 193 2489 supra
206 2426 255 2491 (qu.
274 2428 328 2489 lli,
341 2429 382 2475 art.
396 2426 435 2489 Ξ),
456 2424 517 2489 quod
533 2425 594 2475 Dens
607 2426 636 2474 ad
648 2426 693 2474 hoe
702 2424 764 2487 quod
780 2425 879 2488 gratiam
891 2425 933 2480 in-

125 2494 204 2547 fundat
218 2498 299 2547 anime
309 2536 316 2559 ,
328 2510 374 2549 non
387 2495 480 2560 requirit
493 2496 593 2559 murram
606 2496 778 2559 dispositionem
796 2495 844 2546 nisi
857 2511 933 2561 quern

125 2569 174 2633 ipse
188 2569 250 2620 iacit.
266 2569 331 2619 Ferit
348 2572 424 2619 autem
438 2568 570 2631 hujusmodl
583 2566 758 2631 dispositionem
770 2568 933 2621 sufficientem

125 2640 153 2689 ad
168 2638 333 2703 susceptionem
339 2638 432 2701 gratie,
449 2638 684 2701 quandopreqnidem
694 2637 933 2703 subito,qaarrdoque

121 2714 201 2761 autem
215 2710 322 2775 paulatim
336 2714 359 2761 et
372 2708 513 2773 successive,
526 2712 552 2759 ut
566 2722 635 2773 supra
646 2710 732 2760 dietum
746 2713 782 2759 est
795 2712 851 2772 (qn.
870 2714 933 2773 ota,

126 2785 169 2831 art.
182 2786 197 2831 2
204 2819 212 2845 ,
230 2784 258 2833 ad
271 2782 315 2845 t.)
330 2782 394 2841 Quod
415 2779 476 2829 enim
495 2793 565 2843 agens
581 2782 684 2831 naturale
699 2794 746 2831 non
761 2779 838 2831 subito
857 2784 938 2846 possit

127 2856 246 2923 disponere
261 2854 389 2917 materiem,
398 2854 510 2917 contingit
520 2856 602 2905 exiroe
612 2855 672 2919 qued
683 2859 719 2905 est
727 2854 803 2918 aliqua
811 2858 936 2920 pmportio

44 2900 56 2929 ⁵
127 2927 178 2992 ejus
191 2930 249 2993 qrrod
271 2928 294 2979 in
309 2926 405 2979 materia
418 2924 503 2976 resistit
518 2926 547 2976 ad
562 2925 667 2977 uirtutem
678 2926 766 2990 agentis
782 2939 787 2975 :
804 2929 828 2977 et
837 2931 938 2991 propter
