1992 3317
384 96 418 136 ll!
430 95 621 138 mmmmm
854 91 904 138 985

89 180 166 238 tane,
183 175 327 228 altercaretur
343 173 371 226 do
384 173 456 238 ilorci
473 187 587 238 corpore,
599 186 648 225 non
658 178 696 226 εει
711 187 784 226 aurun
793 176 905 241 judicium

93 247 187 298 interro
198 244 359 310 hhaphamie3
369 261 383 294 u
393 249 417 298 et
427 245 574 309 acciniturihi
582 245 725 310 blasphemia
735 260 776 311 pro
791 247 900 298 inmedic-

94 319 170 382 tione,
184 317 309 371 secandum
320 317 431 368 Gloriam.
440 315 672 381 Blasphemiaantem
689 321 725 368 εει
739 318 833 380 gramm
845 332 900 382 poc·

92 395 174 442 catum
187 389 255 454 quim
266 389 451 452 dcnacttnmgo
463 388 596 440 maledictio
609 393 646 440 eat
654 390 745 454 gnarior
755 390 904 441 detractione.

128 467 154 511 ε.
169 455 291 524 Praeterea,
308 460 454 516 homicidium
467 462 504 510 εει
517 460 664 512 detractione
678 461 789 524 mutuo,
800 461 907 526 utsupra

88 535 186 584 ,dictum
194 535 230 584 εει
239 533 293 596 (qn.
304 536 343 593 ta,
355 535 397 582 nrt.
410 531 446 596 e).
463 532 507 582 Sed
524 531 653 585 maledictio
662 537 699 584 εει
709 545 751 597 par
759 536 854 597 peccato
862 534 905 584 ho·

94 604 198 668 micidii3
209 605 263 656 dicit
273 603 335 654 enim
346 603 521 669 chrysostomus
537 617 607 668 super
620 604 712 655 Macro.
726 603 818 660 (Homil.
829 605 884 666 XX)
897 619 904 654 c

95 693 112 724 u
122 676 181 736 Cher
196 675 295 728 dicerisr
307 676 460 728 lllcrtedic'cu'¹
469 678 494 726 et
506 675 613 725 domum
625 679 716 740 comte,
727 679 753 726 et
762 677 850 726 omnin
862 691 905 740 pe·

93 749 154 796 rire
175 748 229 810 foc,
250 746 309 798 nihil
327 747 355 797 ah
370 746 484 798 homicida
506 746 593 798 ditiora.
617 749 704 812 »lingo
720 747 848 798 maledictio
868 751 906 798 εει

95 818 191 883 gravior
205 817 273 882 quim
286 819 407 870 detractio.
915 863 919 869 .

130 895 154 939 a.
171 891 291 954 Praeterea,
302 903 370 942 cauca
381 891 516 954 praeminet
527 890 603 954 amno.
619 891 665 940 Sed
678 889 716 940 ille
727 890 768 954 qni
779 891 902 945 narentur,

95 965 180 1018 causat
193 963 279 1014 malurn
289 975 330 1016 sno
345 961 454 1028 imperim
467 963 507 1014 ille
522 967 598 1014 autern
612 962 651 1026 qui
663 963 775 1025 detrahit,
787 963 861 1014 solinu
871 963 904 1014 si·

95 1035 192 1099 gnificat
208 1033 292 1084 malum
307 1034 355 1097 jnm
374 1033 483 1084 ertatem.
503 1031 600 1084 Grariirs
618 1044 673 1097 ergo
686 1038 765 1098 peccat
781 1034 905 1086 meledium

95 1105 169 1171 qnam
185 1107 303 1158 detractor.

132 1177 179 1228 Sed
188 1182 276 1229 conor
287 1181 339 1240 εει,
353 1177 413 1241 quoe
428 1177 538 1228 detractio
552 1189 599 1228 non
615 1180 691 1241 potoct
703 1177 762 1229 hene
777 1179 843 1241 heri;
858 1191 906 1228 rna·

96 1249 195 1302 ledictio
209 1253 283 1300 antem
295 1249 320 1300 tit
333 1250 392 1302 hene
407 1253 429 1301 ει
441 1249 514 1313 male,
528 1253 555 1300 ut
569 1263 600 1301 en
612 1249 678 1300 dictis
691 1252 764 1314 natet.
778 1251 838 1314 Ergo
855 1263 905 1314 gra·

96 1322 151 1374 rior
167 1326 205 1374 εει
226 1321 334 1373 detractio
350 1322 418 1388 quam
432 1322 569 1374 maledictio.

134 1395 289 1455 (Conmnmo.
306 1395 478 1458 -detractio,
495 1394 620 1446 secundhrn
637 1407 703 1444 snam
729 1392 858 1456 moralem
871 1405 907 1443 ra-

96 1465 196 1528 tionem,
210 1465 300 1528 grauius
313 1471 432 1530 peccatum
450 1469 486 1516 εει
503 1465 669 1516 maledictionis
686 1464 762 1527 uitio,
775 1465 836 1527 qnod
847 1465 907 1516 desi-

95 1535 187 1588 derium
197 1537 320 1600 exprimit3
334 1541 409 1602 potest
418 1541 495 1588 honen
504 1550 544 1601 per
557 1536 662 1588 accidens
675 1537 805 1586 maledictio
818 1536 907 1600 gmrior

101 1619 156 1658 esse
170 1607 334 1670 coerctione.)

130 1677 266 1742 Respondco
280 1678 408 1743 dicendum,
418 1679 479 1744 qudd
491 1679 583 1730 cicutin
593 1680 612 1729 l.
623 1677 726 1728 hahitnru
738 1680 774 1728 εει
786 1678 822 1741 (ι.
834 1681 904 1742 part,

96 1766 138 1815 qu.
157 1752 201 1812 t8,
213 1754 255 1800 art.
272 1751 316 1816 5),
334 1752 417 1816 duplex
430 1756 464 1802 εει
478 1751 580 1814 malum,
592 1749 680 1802 scilicet
694 1750 769 1813 culpa
786 1753 809 1801 et
819 1763 903 1815 pene.

96 1821 183 1872 llaluru
196 1827 272 1874 antem
285 1822 356 1886 culpa
365 1823 433 1888 pejus
441 1827 486 1886 est,
496 1827 522 1873 nt
529 1823 613 1874 ibidem
622 1825 739 1873 ostensum
751 1826 787 1873 εει
797 1824 850 1883 (art.
868 1822 902 1886 o);

95 1893 161 1944 unda
174 1892 248 1944 dicere
256 1894 340 1944 malum
348 1896 434 1960 cnlpae,
444 1899 511 1961 pejus
520 1894 631 1958 estqnlm
640 1893 715 1944 dicere
724 1894 808 1944 malum
816 1906 899 1957 panna,

96 1966 225 2016 dnmmodo
240 1966 271 2016 ait
284 1965 345 2017 idem
356 1970 435 2018 modun
449 1968 548 2018 dicendi.
560 1967 595 2017 hd
606 1964 865 2028 contumeliosnmorgo,
878 1967 902 2014 et

97 2049 261 2098 susurronem,
285 2040 308 2088 et
328 2039 490 2102 detractorem,
509 2044 532 2090 ct
553 2039 623 2089 etiam
642 2036 780 2099 derisorem,
803 2036 904 2100 nominet

96 2108 177 2159 dicere
194 2107 278 2158 nahum
296 2109 384 2174 erdpe3
399 2111 439 2162 red
457 2112 486 2160 ad
504 2110 693 2172 maledicentem,
706 2110 774 2172 prout
792 2120 854 2158 nunc
869 2107 904 2158 lo

98 2179 200 2244 quimur,
212 2179 480 2242 pertiuetdiceremalnm
489 2195 572 2246 preco,
581 2194 629 2232 non
637 2180 809 2232 automnalnm
818 2179 903 2242 culpa,

98 2250 147 2302 nini
164 2247 223 2300 rona
234 2252 283 2314 ¹sut)
300 2251 387 2304 ratmne
396 2249 481 2317 pone.
490 2254 547 2306 ,Non
559 2256 638 2302 tamen
650 2254 686 2302 εει
699 2249 760 2301 idem
773 2251 854 2300 modus
867 2248 902 2298 di·

99 2321 184 2384 ccndi3
199 2334 252 2372 uam
267 2323 295 2374 ad
310 2324 419 2387 predicta
431 2329 528 2390 quatuor
545 2323 602 2373 uitia
616 2323 716 2387 pertinet
727 2322 802 2372 dicere
817 2320 903 2371 malum

100 2394 185 2458 culpae,
195 2393 268 2446 nolim
277 2395 429 2462 annotando,
443 2409 484 2461 per
498 2393 685 2464 maledictionem
695 2392 751 2444 rard
761 2392 844 2443 dicitur
853 2404 901 2442 rna·

100 2467 149 2517 lum
167 2479 242 2530 pona
260 2470 297 2520 rol
310 2469 436 2532 causando,
455 2481 497 2533 per
515 2467 607 2518 modum
619 2464 725 2530 imperii,
738 2465 776 2515 rel
792 2465 898 2528 optando.

100 2539 155 2602 Ipsa
167 2541 243 2588 autem
252 2539 382 2592 ¹enuntiatio
393 2539 466 2605 culpe
478 2542 597 2604 peccatum
604 2541 649 2601 εει,
656 2538 681 2588 in
692 2539 801 2600 onanmm
811 2535 904 2598 ahquod

101 2612 264 2660 nocumentum
277 2623 305 2662 ex
319 2612 368 2662 hoc¹
378 2611 480 2676 proximo
494 2611 599 2662 infertur.
614 2608 711 2659 Gravius
723 2610 799 2658 auhn
811 2604 849 2657 eet
860 2619 904 2657 no-

103 2679 234 2737 cumentum
246 2681 338 2746 inferre,
352 2683 420 2747 quarn
433 2686 596 2734 nocumentum
606 2681 734 2738 ‹leudenare
740 2714 749 2742 ,
763 2677 854 2730 catenis
862 2691 903 2742 pa·

103 2750 175 2806 ribus.
188 2753 251 2804 llude
264 2753 379 2819 detractio,
388 2753 513 2806 recunditur
521 2766 663 2809 communem
676 2751 797 2813 radonem,
812 2749 903 2813 grarim

103 2828 228 2890 numatam·
233 2829 269 2879 εει
278 2826 346 2890 qnam
355 2826 493 2890 maledictio,
502 2826 601 2899 dunler
613 2822 749 2878 desiderium
764 2820 901 2886 ειρείωεεε,
