1992 3317
26 193 27 198 ἵ
328 145 359 182 uu
373 143 556 182 ansemundus.
795 132 839 180 851

34 213 35 236 ¹
61 223 137 276 minum
154 219 282 286 prefixum,
296 220 385 272 ridetur
397 235 450 272 eum
469 218 610 270 demordeas
627 217 652 267 in
667 220 716 268 toto
740 229 768 268 eo
780 219 841 281 quod

32 280 38 313 ''
60 295 132 346 lucrari
143 294 169 344 de
180 293 276 358 pecunia
292 296 384 356 posset3
397 292 457 356 quod
466 296 540 341 tamen
555 290 606 354 ipse
620 300 667 339 nou
683 289 766 340 aufert.
781 290 840 352 Ergo

27 373 28 376 ’
57 366 139 416 'videtur
150 364 205 429 qodd
218 365 301 428 aliquis
318 367 423 414 teneatur
436 365 555 414 restituere
574 361 634 424 qnod
647 374 694 410 uon
708 360 810 411 abstulit.

87 439 232 496 aeretarea,
242 435 331 504 joslitia
341 437 439 485 hnmana
450 435 566 485 derivatur
576 433 589 484 d
599 431 688 497 justitia
698 431 786 482 dirim.
796 429 841 480 Sed

59 511 99 560 ileo
108 509 169 560 debet
181 507 263 571 aliquis
274 505 390 557 restituere
400 506 450 568 plus
459 518 526 568 quarn
541 505 628 569 accepit
637 505 667 554 ulo
675 517 711 565 eo,
719 503 844 553 secuudum

59 582 106 630 illud
122 579 216 635 ualli„
230 579 308 630 XXV:
327 595 341 625 ιι
351 577 442 628 Sciebas
455 578 515 640 quod
534 580 595 627 meto
604 576 644 625 uhi
657 589 703 626 non
717 574 806 625 semino
821 575 845 622 et

59 663 160 716 congrego
176 649 215 701 ubi
226 664 272 701 nou
285 649 366 714 sparsi.
378 649 461 712 »Ergo
474 647 561 712 justum
572 650 608 698 est
620 651 646 697 ιι
659 648 727 697 etiam
741 645 847 696 restituat

58 723 139 775 domini
155 723 237 786 aliquid
253 721 313 784 quod
330 734 376 771 non
395 719 489 785 accepit.

86 796 128 846 Sed
137 799 212 846 contra
227 796 276 856 est,
289 792 348 857 quod
362 791 542 856 recompensatio
550 790 698 854 adjustitiam
707 789 807 854 pertinet
819 789 843 837 iu

58 871 158 933 quantum
168 864 318 930 equalitatem
329 862 392 914 lacit.
408 863 453 914 Sed
465 862 485 914 si
496 861 577 925 aliquis
590 861 719 912 restitueret
727 861 789 923 quod
799 872 846 909 nou

58 938 147 1004 accipit,
159 940 202 988 lroc
218 949 264 986 nou
278 938 338 985 esset
355 935 450 998 equale.
472 935 532 998 lquo
552 933 605 983 talis
620 931 733 982 restitutio
746 944 792 982 uon
811 934 847 981 est

55 1013 137 1074 justum
149 1009 207 1073 qodd
220 1007 269 1057 fiat.

87 1082 245 1213 (Conc)nnsro.
255 1103 286 1122 -.-
298 1079 349 1128 Non
365 1081 455 1128 leuetur
468 1078 519 1142 quis
532 1077 586 1126 illud
601 1075 719 1126 restituere
731 1073 792 1139 qnod
800 1063 846 1122 nou

56 1153 152 1204 abstulit.

86 1225 217 1288 despondeo
227 1221 345 1272 dicendum
355 1259 361 1282 ,
372 1220 432 1284 qudd
445 1219 580 1284 quicumque
591 1215 722 1268 damnificet
738 1215 846 1278 aliquem,

57 1297 141 1346 ridetur
150 1293 239 1344 auterre
252 1291 308 1342 idin
318 1305 363 1356 quo
373 1293 447 1356 ipsum
462 1291 604 1352 dunninmt3
619 1289 725 1338 damnum
741 1286 801 1336 enirn
814 1285 849 1335 di·

55 1369 110 1418 citnr
122 1381 151 1418 ex
164 1379 191 1416 eo
209 1365 270 1429 qnod
283 1363 363 1428 nliqms
373 1364 452 1414 vurinus
463 1361 533 1412 halet
545 1373 612 1424 quarn
626 1360 693 1409 delet
702 1358 786 1408 habere
798 1369 851 1420 ,se-

54 1440 151 1490 cuudnru
171 1437 333 1500 Philosophum
350 1435 374 1486 iu
388 1437 407 1484 V
421 1435 506 1485 Ettie.
521 1434 550 1482 Ει
568 1434 617 1483 ideo
633 1433 701 1482 lromo
715 1432 806 1480 tenetur
822 1429 850 1479 ad

54 1510 217 1562 restitutionem
235 1509 285 1572 ejus
302 1508 326 1556 iu
340 1507 400 1570 quod
417 1506 517 1568 aliquem
528 1503 689 1553 damnificavit.
704 1502 749 1552 sed
763 1501 849 1564 aliquis

53 1583 209 1634 damnificatur
225 1579 343 1644 dupliciter
359 1595 365 1628 :
380 1590 426 1628 uuo
441 1577 521 1637 modo,
537 1574 590 1637 quia
603 1574 703 1622 urrlertur
718 1573 740 1622 ei
753 1572 776 1622 id
791 1572 852 1634 quod

52 1662 104 1706 actu
117 1654 228 1714 habebam
244 1655 267 1702 ει
279 1651 324 1702 tale
335 1651 484 1701 damnumest
494 1657 585 1710 semper
594 1643 756 1694 restituendum
769 1655 850 1691 secuu-

53 1730 106 1777 dum
114 1722 349 1788 recompensationem
360 1719 461 1782 aequalis,
476 1717 530 1782 puta
544 1716 562 1767 si
574 1715 656 1779 aliquis
670 1713 799 1765 damnificet
812 1713 853 1761 ali·

51 1813 119 1862 qoem
137 1798 231 1848 diruens
244 1797 335 1846 donum
347 1792 411 1856 ejus,
422 1794 512 1840 tenetur
525 1789 553 1838 ad
567 1790 654 1837 tautum
669 1789 778 1849 quantum
792 1783 853 1833 ualet

51 1873 141 1920 domus.
159 1868 209 1918 llio
224 1867 306 1925 modo,
323 1865 343 1914 si
354 1861 482 1913 damnificet
495 1861 592 1924 aliquem
604 1856 747 1922 impediendo
761 1867 791 1905 ue
801 1853 852 1904 udi·
866 1904 870 1909 ,

50 1943 153 2006 piscatur
163 1939 225 2003 quod
236 1940 284 1989 erat
292 1936 316 1986 in
329 1935 366 1986 ria
376 1931 482 1996 haleudi3
493 1936 516 1981 et
526 1931 571 1980 lale
584 1931 691 1979 damnum
700 1939 749 1977 uon
763 1929 854 1989 oportet

50 2023 227 2077 recompensare
241 2023 270 2060 ex
282 2019 362 2072 nequo,
379 2005 432 2070 quia
445 2003 521 2052 miuus
533 2001 662 2051 esthabere
673 1998 757 2062 aliquid
769 1997 794 2046 iu
805 1997 852 2046 rir-

49 2090 110 2148 tute,
122 2097 194 2148 quam
208 2081 291 2131 hebere
304 2082 363 2129 actu.
383 2076 426 2136 Qui
440 2078 516 2125 autem
530 2071 600 2123 estin
613 2071 650 2121 ria
661 2069 801 2133 adipiscendi
811 2067 853 2118 ali-

49 2157 107 2222 quid
125 2156 197 2206 habet
212 2152 268 2202 illud
289 2151 362 2202 solum
375 2147 497 2198 secuudum
512 2145 632 2207 uirtutem,
643 2143 681 2192 rel
693 2143 831 2205 potestatem
846 2155 854 2189 t

48 2235 73 2280 et
90 2230 145 2280 ideo
155 2228 177 2276 si
190 2225 324 2276 redderetur
335 2219 359 2272 ei
372 2220 500 2270 allateret
522 2219 566 2267 hoc
583 2215 607 2264 iu
620 2216 684 2275 aetn,
699 2211 857 2262 restitueretur

48 2303 70 2352 ei
89 2301 152 2366 quod
170 2301 208 2350 est
221 2296 321 2346 ablatum
333 2305 378 2343 nou
392 2291 514 2354 simplum,
529 2289 570 2338 sed
592 2284 779 2348 multiplicatum,
796 2283 856 2345 quod

47 2386 97 2423 nou
115 2375 154 2422 est
173 2371 202 2422 de
218 2365 355 2418 necessitate
368 2359 531 2421 restitutionis,
546 2363 572 2410 ut
584 2356 670 2408 dictum
687 2358 724 2405 est
738 2359 793 2415 tart.
814 2352 856 2414 ιι).

46 2445 157 2494 Tenetur
180 2446 258 2493 tamen
272 2436 370 2500 aliquam
389 2431 621 2497 recompensationem
639 2427 713 2477 lacere
732 2425 858 2475 secuudum

45 2516 214 2566 conditionem
227 2521 374 2576 personarum
389 2509 411 2558 el
424 2504 575 2568 negotiorum.

83 2589 114 2636 Et
128 2599 174 2650 per
189 2585 235 2633 hoc
250 2583 314 2644 patet
327 2575 445 2642 responsio
459 2575 488 2625 ad
502 2572 602 2638 primum
616 2574 641 2621 et
652 2568 785 2631 secundnm.
798 2566 859 2615 Nam

42 2660 88 2709 ille
101 2656 148 2722 qui
160 2667 243 2708 semen
256 2654 339 2716 sparsit
349 2650 373 2698 in
384 2661 448 2712 agro,
461 2646 561 2696 noudum
570 2643 639 2693 habet
653 2650 750 2690 messem
763 2637 786 2686 in
796 2640 857 2698 acor,

39 2732 88 2780 sed
108 2729 188 2780 solum
208 2727 234 2776 iu
251 2724 341 2774 virtute.
355 2721 383 2770 lit
400 2718 504 2769 simililer
522 2717 559 2766 iile
578 2714 618 2777 qui
637 2713 707 2763 hahet
722 2707 857 2773 pecuniam,

39 2803 158 2854 noudum
184 2799 254 2850 habet
273 2797 360 2846 lucrum
381 2793 407 2842 in
429 2794 494 2854 actu,
513 2789 553 2839 sed
575 2787 650 2839 solnm
667 2784 692 2834 iu
709 2781 792 2832 uirtute
816 2781 863 2829 :et

36 2878 179 2938 utrumque
194 2871 272 2936 polest
290 2863 447 2931 multipliciter
458 2859 573 2927 impediri.
