1992 3317
143 219 190 267 nto
264 228 374 268 munna
389 225 519 277 neuros,
535 221 630 274 oum.
646 224 715 277 sm,
732 220 788 264 tar.
805 225 824 263 1.

143 305 263 368 uminum,
277 305 336 358 deut
350 307 455 356 tenentur
470 317 553 356 omnes
567 302 729 355 ammianum
746 301 847 368 patienti
857 300 942 354 miseri-

143 377 230 430 cordie
245 390 305 442 opus
318 375 477 443 impendere.)

174 451 308 514 despondeo
316 449 445 520 dicendum,
454 448 517 513 qudd
527 447 581 498 oiim
589 451 700 513 prepare
710 447 866 514 patrocinium
875 460 944 499 censa

144 535 267 588 pauperum
272 559 281 586 ‚
296 521 324 572 ad
337 535 396 586 opus
411 520 572 572 misericordie
584 521 715 586 pertineat,
727 519 792 572 idem
810 523 847 572 est
863 519 901 571 bic
914 520 945 570 di-

143 595 239 646 cendum
252 595 312 658 quod
329 599 353 644 et
367 593 436 658 supra
449 595 477 644 de
495 591 548 643 aliis
560 593 668 656 operibns
684 591 854 644 misericor-dim
866 591 945 643 dictum

142 672 179 718 est
189 667 238 731 (pu.
251 670 282 716 tt
296 669 319 718 et
332 665 381 730 tt).
396 665 475 718 Nullus
485 669 563 716 autom
574 664 661 714 suidoit
670 664 779 715 omnibus
791 664 943 729 indigentibus

143 735 302 789 misericordie
315 751 374 802 opus
386 737 526 800 impendere.
540 737 570 786 Et
581 735 650 798 ideo,
661 735 722 786 sicut
734 735 882 798 Augustinus
895 734 945 786 dicit

142 807 166 858 in
182 807 192 857 1
210 808 246 857 De
259 807 378 858 doctrina
398 807 488 858 christ.
504 806 572 871 (cap.
587 805 652 869 918),
668 823 682 854 a
699 804 754 856 dnm
766 807 878 858 omnbius
896 819 944 870 pro

142 881 207 930 desse
221 891 268 930 uon
281 880 370 945 possis,
382 879 419 930 bis
430 877 551 944 potissime
563 875 729 928 consulendum
744 880 791 941 est,
803 876 847 941 qui
857 891 898 943 pro
913 877 943 927 to-

143 965 220 1004 oorum
234 956 258 1003 et
272 955 407 1018 temporum,
422 951 460 1003 rol
477 948 628 1016 quarumlibet
643 963 719 1000 rernm
735 950 944 1014 opportunitatibus

142 1022 288 1076 constrictius
302 1022 345 1074 tibi
357 1021 423 1088 quasi
435 1023 533 1086 modam
549 1024 611 1072 sorte
619 1019 759 1085 junguntur.
772 1036 786 1067 r
803 1020 868 1071 ttioit
883 1038 898 1069 e
910 1034 944 1085 pro

141 1095 242 1147 tonorum
252 1092 473 1160 opportunitatibus,
487 1109 502 1140 r>
511 1091 625 1157 quianon
639 1094 730 1142 tenetur
738 1092 812 1142 bomo
826 1106 871 1158 per
882 1107 944 1143 mnu-

142 1167 195 1218 dum
207 1179 310 1230 querere
326 1163 453 1230 indigentes
467 1162 550 1228 quibus
565 1161 699 1225 subveniat,
714 1161 756 1212 sed
775 1162 867 1214 sufficit
879 1163 900 1214 si
914 1163 944 1213 cis

142 1237 181 1300 qui
195 1237 241 1287 sibi
251 1239 374 1288 occumunt
388 1233 549 1286 misericordie
566 1247 624 1298 opus
637 1232 763 1298 impendat.
783 1233 853 1284 Unde
870 1233 946 1284 dioitm
974 1240 976 1325 ἰ

142 1305 319 1363 zozomim
337 1320 344 1356 :
361 1321 376 1354 n
391 1305 415 1356 Si
430 1305 552 1356 occurreris
568 1303 622 1356 boui
643 1303 731 1356 inimici
752 1304 807 1369 tui,
822 1308 867 1358 aut
888 1306 946 1356 esino

143 1377 240 1444 emanti,
254 1379 361 1429 reduced
376 1391 464 1430 enm.»
479 1377 547 1429 Addit
559 1379 645 1441 numm,
659 1379 707 1428 eet
720 1379 865 1442 temporum,
875 1395 890 1427 s
900 1378 947 1442 puis
974 1350 976 1433 i

142 1461 188 1500 non
205 1453 296 1501 tenetur
313 1449 382 1501 homo
395 1449 477 1500 tuturo
494 1448 625 1500 necessitati
642 1447 736 1499 attenus
752 1448 899 1514 providere,
912 1450 947 1499 sed
974 1470 976 1527 Ι

142 1521 225 1572 moirti
238 1521 260 1572 si
268 1521 377 1586 presenti
389 1521 522 1572 necessitati
532 1523 656 1572 succurrat,
669 1519 735 1571 Unde
749 1519 839 1572 dicitur
849 1520 948 1580 timu,
974 1550 976 1569 ε

142 1593 171 1644 tlt
184 1609 221 1659 qo
231 1588 278 1656 dni
297 1591 381 1644 uiderit
394 1594 486 1644 tratrem
507 1607 574 1644 suum
588 1592 750 1644 necessitatem
767 1592 913 1656 habentem,
930 1599 949 1642 et
974 1596 976 1601 '

142 1660 247 1718 etametit
263 1663 353 1716 uiscera
370 1677 411 1716 sua
427 1665 455 1716 ab
466 1677 508 1727 eo,
520 1667 564 1714 etc.
581 1681 595 1711 n
611 1662 692 1714 subdit
708 1664 802 1726 antem,
820 1682 837 1713 a
847 1665 887 1716 vel
899 1678 948 1729 qna-
974 1670 976 1727 ξ

141 1737 247 1793 tnrnbbet
261 1749 349 1802 rerum,
367 1753 381 1786 o
396 1736 450 1802 quia
462 1739 530 1788 bomo
542 1737 586 1788 sibi
597 1733 727 1802 conjunctis
744 1749 898 1802 quacumque
911 1751 947 1788 ue·
974 1800 976 1803 Ι

142 1809 279 1860 cessitudine
291 1807 389 1859 maxime
400 1809 467 1860 debet
479 1822 556 1860 curam
570 1808 715 1874 inpendere,
729 1808 865 1860 secundrim
877 1807 947 1860 ittudt

141 1881 177 1929 od
195 1879 313 1940 dimoti,
331 1881 349 1928 V
365 1896 371 1930 :
390 1880 441 1930 «Si
452 1880 506 1946 quis
518 1892 611 1933 suornm
622 1884 645 1932 et
658 1877 759 1930 maxime
770 1879 948 1932 domestioorum

142 1966 218 2002 curam
232 1965 278 2002 non
293 1953 376 2016 babet,
391 1951 459 2004 tidem
471 1951 573 2018 negarit.
590 1969 604 2000 r
618 1949 704 2012 Quibus
715 1953 797 2002 tamen
808 1965 949 2003 concurren-

143 2023 588 2088 tibus,consideraudumrestat,utrirm
599 2021 948 2088 niiquistantamneoessitaten
974 2048 976 2137 1

142 2095 250 2160 patiatur,
266 2095 328 2161 qudd
346 2109 392 2147 non
409 2096 433 2146 in
448 2098 553 2161 promptu
570 2099 681 2162 apparent
697 2094 814 2158 quomodo
832 2095 858 2147 ei
876 2095 947 2161 possit
974 2142 976 2169 Ι

142 2165 208 2217 aliter
227 2165 363 2230 subveniri3
378 2167 439 2220 etin
452 2167 492 2218 un
506 2181 563 2218 casu
574 2171 664 2219 tenetur
678 2165 701 2216 ei
712 2179 773 2230 opus
784 2165 948 2219 miserirordiae
974 2172 976 2241 p

144 2237 282 2301 impendere.
298 2239 321 2288 Si
341 2242 415 2290 auten
432 2235 457 2289 in
473 2243 579 2304 promptu
595 2241 701 2303 appareat
713 2236 833 2302 weimodo
852 2237 919 2290 aliter
931 2236 950 2287 ei
974 2258 976 2277 ι

142 2308 258 2360 subreniri
278 2311 367 2374 possit,
383 2311 420 2364 vet
439 2325 480 2378 per
499 2310 616 2376 seipsum,
632 2311 672 2360 ret
684 2321 725 2374 per
740 2307 812 2360 aliam
829 2323 949 2376 porsonam

142 2379 215 2442 magis
234 2381 395 2445 conjunctam,
414 2385 452 2434 aut
471 2385 580 2446 majorem
602 2382 731 2432 tamitatem
746 2380 894 2446 habentem,
908 2394 950 2430 non

143 2454 231 2502 tenetur
244 2465 274 2502 ex
294 2453 430 2506 necessitate
444 2452 556 2518 indigenti
575 2451 711 2514 subuenire,
722 2449 756 2500 ite
772 2450 837 2517 qubd
851 2466 901 2506 non
915 2452 951 2502 tn·

143 2522 223 2575 ciendo
236 2528 329 2589 pecoet,
344 2525 448 2590 quamvis
461 2525 481 2576 si
496 2523 628 2577 subuenerit
638 2524 724 2587 absque
738 2522 783 2574 tali
793 2523 950 2582 necessitate,

142 2594 283 2646 laudabiliter
296 2596 372 2646 teniat.
388 2597 453 2648 Unde
468 2595 593 2648 advocatus
605 2608 654 2646 non
665 2597 756 2644 tenetm
772 2608 869 2662 semper
879 2608 950 2646 camsi·
974 2636 976 2653 ,

142 2679 267 2728 pauperum
292 2666 440 2730 patrocinium
461 2671 586 2732 prestare,
600 2667 639 2718 sed
664 2665 737 2716 solim
761 2668 952 2719 uonourrentibus

142 2735 309 2787 conditionibus
326 2737 458 2802 prodictis3
474 2738 576 2804 alioquin
597 2740 713 2804 oporteret
737 2751 792 2789 eum
811 2739 893 2791 omnia
912 2738 951 2787 ain

141 2804 429 2871 tantumtempora,
443 2813 469 2861 et
480 2811 536 2863 sotis
557 2810 632 2862 musis
645 2819 775 2875 pauperum
785 2812 901 2876 jurandis
918 2809 951 2858 in-

140 2875 284 2950 tenderottt
301 2878 703 2948 mundumdnmoetdonodino,
717 2887 832 2949 quantum
847 2885 878 2936 ad
891 2894 954 2934 enm·

141 2944 226 2997 tionem
244 2960 378 3014 pauperum.
974 2982 976 2985 -
