1992 3317
133 134 167 176 Μ
181 128 291 177 metus
305 130 448 173 ”mmm
463 131 578 175 mimis
594 129 773 174 inmittimus·
807 121 852 176 'lli

355 320 515 372 nantelinus
530 321 558 372 V.
596 369 599 374 .

201 447 287 506 Utrum
297 446 362 492 ratio
371 447 439 492 debui
446 447 504 504 poni
511 459 570 505 pura
582 447 723 504 prudentia.

87 578 121 628 lul
139 574 244 640 quintum
257 574 292 625 sio
303 571 432 638 prowditur
441 572 487 637 (t).
502 572 598 624 Videtur
611 573 671 638 quod
688 574 745 627 ratio
759 588 805 628 non
819 577 858 627 de-

56 649 109 701 beat
123 646 182 714 poni
195 659 248 712 para
257 644 391 710 prudentie.
404 645 536 708 Subiectum
550 644 611 695 enim
625 647 749 698 accidentis
761 661 808 698 nou
823 650 859 698 est

56 734 109 786 pare
125 719 186 784 ejuu.
202 719 247 769 Sed
261 716 380 782 prudentia
396 716 469 767 euin
485 717 573 767 ratione
587 717 646 768 sicot
657 717 682 767 in
699 719 817 784 subjecto,
833 722 858 769 nt

56 790 138 844 dieitur
149 789 175 840 iu
183 791 213 840 vi
223 791 306 839 ilitio.
314 789 374 852 lingo
385 790 455 838 ratio
465 799 512 838 uon
521 787 588 838 debet
596 788 651 853 poni
658 802 710 854 pars
719 789 856 854 prudentia.

88 867 112 914 t.
128 863 252 924 Pratema,
266 859 390 924 illudquol
405 863 441 911 eui
450 859 528 910 multis
537 872 664 922 commune,
677 873 725 912 nou
737 861 803 912 dehet
817 861 858 912 ali·

56 935 123 1000 oujna
138 945 218 984 eorum
233 932 366 996 nunionis,
380 931 418 982 rei
436 931 457 982 si
466 933 576 996 ponatur,
591 931 658 982 dehet
671 932 727 996 poni
741 945 793 996 pars
807 933 858 998 ejus

56 1006 93 1058 oui
103 1002 224 1072 potiaeiure
234 1001 350 1055 convenii.
364 1004 437 1054 liutto
447 1007 523 1054 auteur
533 1003 661 1054 necessaria
671 1006 707 1054 est
717 1003 740 1053 in
752 1005 858 1055 omnibus

55 1077 181 1128 viantibus
194 1074 397 1138 intellectualibus,
409 1078 433 1126 ei
440 1073 553 1140 praeoipul
562 1075 586 1124 in
596 1073 710 1140 sapientia
717 1079 740 1126 et
748 1075 828 1126 scienti
833 1089 854 1138 a,

57 1164 107 1214 uua
128 1149 225 1199 utuntur
244 1147 331 1197 ratione
351 1146 534 1198 demonstrativa.
553 1147 611 1210 Ergo
635 1147 703 1198 ratio
720 1159 766 1197 nnn
793 1147 859 1198 debet

55 1221 112 1288 poni
127 1231 183 1284 para
197 1217 343 1284 punientia:

89 1298 113 1343 a.
130 1293 254 1351 praterea,
273 1289 330 1340 ratio
345 1302 392 1340 aon
411 1289 485 1341 diliert
503 1303 544 1354 per
562 1290 683 1341 essentiam
701 1291 807 1356 potentia
829 1291 857 1342 ab

56 1364 193 1426 intellectu,
204 1363 231 1410 ut
246 1359 425 1426 naturalium
439 1365 475 1412 est
490 1361 525 1423 (l.
540 1365 609 1426 pari,
624 1377 663 1426 qu.
682 1362 737 1427 79).
753 1361 778 1412 si
790 1361 858 1427 igilur

57 1436 189 1488 intellectus
207 1433 299 1498 ponitur
319 1433 530 1497 persuadentia,
552 1434 690 1509 superfluuur
708 1433 751 1484 luit
775 1435 859 1486 addere

58 1509 197 1558 orationem⁴

89 1580 136 1630 Sed
157 1580 237 1628 contra
259 1577 309 1637 est,
325 1574 386 1640 quod
407 1576 553 1640 Macrobius,
576 1575 700 1627 secundum
721 1577 858 1627 sententiam

58 1650 166 1713 Plotini,
184 1648 308 1699 rationem
319 1653 422 1698 numerat
437 1647 497 1698 inter
511 1650 587 1712 parus
600 1647 733 1711 prudentia.

90 1727 100 1788 (
107 1723 253 1774 Coactusro.
261 1746 292 1757 -
301 1718 359 1770 Cum
367 1719 490 1783 prudentia
501 1719 531 1769 sit
543 1733 594 1770 esse
608 1718 666 1770 boue
681 1718 860 1782 consiliatirunt,

57 1793 121 1847 reoli
134 1793 183 1857 insa
199 1791 270 1855 ratio,
282 1803 324 1856 per
340 1803 408 1854 quam
421 1792 489 1842 homo
502 1790 560 1842 bene
572 1791 726 1855 ratiocinatur,
741 1803 793 1856 pars
806 1804 860 1854 pru·

57 1866 145 1917 dentiae
157 1863 257 1928 ponitur.
270 1862 279 1924 )

88 1935 229 2002 Bosporioo
244 1934 379 1996 dicendum,
397 1933 457 1997 quod
471 1947 528 1999 opus
543 1933 661 2000 prudentis
682 1936 718 1986 est
738 1934 860 1986 assabant

58 2006 247 2068 oonsilialirurn,
265 2007 291 2054 ut
307 2004 389 2055 dicitur
405 2003 571 2056 inviriliter.
586 2004 710 2056 Consilium
729 2008 805 2056 autem
826 2008 861 2056 esi

57 2077 180 2144 inquisitio
193 2077 297 2142 quaedam
308 2089 337 2126 ex
345 2076 479 2140 quibusdam
494 2075 575 2130 adalia
585 2077 720 2142 nuecelone
732 2077 775 2127 hoo
785 2079 860 2128 nutem

58 2158 95 2204 est
108 2164 169 2216 opus
183 2148 286 2200 rationis.
299 2148 364 2198 liudo
381 2148 409 2198 ad
425 2147 567 2211 pnrdeutiarn
581 2148 733 2201 necessarium
750 2151 785 2198 est
799 2146 860 2212 quod

57 2225 129 2274 homo
149 2221 180 2272 sit
192 2219 250 2271 bene
268 2217 454 2278 ratiocinativum
471 2221 495 2270 et
508 2219 561 2282 quia
582 2231 610 2270 oa
627 2233 678 2282 qua
698 2223 818 2284 exiguntur
832 2218 859 2268 ad

58 2294 228 2361 perlectionem
239 2290 364 2356 prudentia
381 2289 486 2341 dicuutur
498 2291 564 2356 quasi
579 2291 703 2355 integrales
722 2295 798 2358 parier
808 2306 860 2356 pru·

59 2367 160 2428 dentiae,
174 2364 227 2415 inde
237 2366 272 2413 eut
285 2361 345 2426 quod
357 2364 427 2413 ratio
437 2362 498 2414 inter
507 2367 583 2428 partes
599 2364 725 2428 prudentia
737 2376 863 2416 connume-

58 2438 105 2488 rari
116 2437 195 2490 debet.

91 2509 126 2559 Ad
145 2507 244 2573 primurn
261 2518 316 2570 ergo
335 2506 544 2571 dicendum,un
563 2507 630 2557 ratio
645 2519 691 2560 uon
710 2504 862 2560 annituntur

59 2592 102 2645 pro
113 2579 166 2646 ipsa
176 2577 278 2642 potentia
289 2577 396 2640 rationis,
411 2578 451 2628 sed
465 2591 506 2643 pro
522 2577 572 2642 ejus
586 2578 646 2630 bono
655 2589 707 2638 nan.

93 2653 129 2703 Au
143 2650 267 2702 meandum
281 2649 416 2713 dicendum,
431 2649 491 2714 quil
505 2649 616 2702 certitudo
628 2649 724 2702 rationis
737 2652 773 2702 est
785 2662 813 2702 ex
824 2649 862 2700 in·

93 2803 132 2868 (l)
144 2805 222 2856 Itonia
231 2805 302 2852 auam
312 2803 391 2863 uunrl,
403 2815 444 2862 qn.
454 2801 498 2864 68,
511 2807 556 2849 art.
565 2803 643 2862 unico,
657 2805 681 2852 in
691 2815 765 2866 eorp.;
782 2809 806 2852 ot
815 2803 858 2868 111,

59 2871 143 2935 nant..
155 2869 208 2921 diet.
224 2867 270 2929 33,
281 2880 322 2927 qu.
338 2867 367 2929 3,
383 2873 428 2914 art.
438 2867 452 2912 l
459 2901 469 2929 ,
483 2867 620 2944 quantiano.
633 2868 658 2922 t,
