1992 3317
127 120 173 172 ttt
225 129 336 171 amnena
353 130 480 182 secunus,
496 130 590 175 enarer.
606 132 685 182 mn,
698 131 754 171 aar.
771 133 826 172 rur.

157 210 312 272 ³.Preterea,
323 206 429 258 naturalis
441 207 545 272 quedam
559 207 672 273 subjectio
686 210 721 259 est
734 209 833 260 illiorum
845 211 879 261 att
888 225 934 276 pa·
991 270 993 273 ¹

124 283 202 332 rentes
220 280 299 330 :unde
314 280 435 343 lpostolus
449 279 484 329 od
499 279 574 344 Epo..
589 280 628 341 vl,
643 279 717 331 dicit:
735 297 750 329 u
764 279 829 344 Filii,
837 281 936 334 obedite
991 297 993 327 ;

127 349 257 415 parentibus
269 349 350 399 vestris
365 349 389 400 in
404 347 537 400 Domino.»
552 349 598 400 Sed
610 349 665 413 tllii,
676 353 703 398 ut
712 349 818 414 videtur,
832 356 937 415 possunt

128 421 237 472 derebus
256 419 327 485 patris
346 421 503 484 eleemosynas
517 419 606 482 iaceam
625 419 679 485 quia
693 424 746 471 sunt
760 423 936 485 quodammodo
991 424 993 497 j

129 493 241 556 ipsorum,
256 491 307 542 eiam
327 491 373 542 sint
384 492 489 543 haeredes
505 508 511 540 ε
528 495 552 542 et
565 491 617 543 ideo
636 491 687 543 eum
701 493 790 556 possint
803 494 838 544 eis
853 495 893 546 uti
906 496 936 546 ad
991 506 993 557 y

129 575 195 613 usum
217 563 332 628 corporis,
355 563 427 614 multo
446 561 519 626 mayls
538 563 629 614 uidetur
648 562 709 627 quod
729 564 820 628 possint
837 567 875 616 eis
901 566 935 617 uti

130 634 286 700 eleemosynas
302 635 390 700 dando,
405 635 434 685 ad
448 634 573 686 remedium
589 635 672 686 animm
689 649 746 687 sua.
767 637 827 701 Ergo
839 638 878 689 illi
894 640 936 704 qui
991 664 992 689 r

131 709 184 758 sunt
206 706 230 756 in
252 709 364 772 potestate
388 705 480 758 alterius
501 706 634 773 constituti,
655 712 751 774 possunt
773 709 937 776 eleemosynas

130 779 192 830 (lare.

164 855 186 902 t.
197 851 319 914 Praeterea,
335 851 507 902 serrisuntsub
520 854 632 915 potestate
641 849 792 915 dominorum,
802 855 934 905 seeundum
991 848 993 912 ξ

130 921 185 973 illud
204 923 239 973 ud
256 924 341 974 Titum
359 924 398 974 ll:
421 939 435 971 u
449 923 531 974 Servos
545 923 644 974 dominia
659 923 707 973 suis
723 924 826 974 subditos
840 939 903 977 esse.
919 944 933 974 »

130 995 195 1046 Licet
216 996 291 1045 autem
313 995 347 1046 eis
368 994 451 1060 aliquid
471 995 495 1044 ln
516 994 637 1046 utilitatem
655 995 744 1046 Domini
764 995 851 1058 lacere3
872 998 934 1062 quod
991 1034 992 1039 κ

131 1066 230 1118 mantnt
241 1067 280 1131 lit,
293 1067 312 1117 si
329 1079 370 1131 pro
388 1067 423 1117 eia
439 1067 599 1132 eleemosynas
611 1065 744 1128 largiantur.
766 1067 827 1130 Ergo
841 1067 878 1118 illi
893 1070 934 1132 qni

131 1141 186 1190 sunt
213 1138 237 1188 in
260 1141 372 1204 potestate
399 1137 473 1190 aliena
495 1137 630 1200 constituti,
652 1140 748 1202 possunt
773 1139 935 1206 eleemosynas

130 1209 216 1260 tacere.
274 1244 277 1253 .

163 1281 207 1331 Sed
229 1285 306 1331 eontra
327 1285 376 1343 est,
392 1279 452 1345 qutd
471 1279 623 1346 eleemosyna,
641 1293 688 1332 nou
702 1285 757 1332 sunt
773 1281 888 1334 faciendae
905 1285 934 1335 de
991 1288 993 1331 t

132 1350 220 1414 alieno,
236 1352 275 1402 set
293 1352 321 1402 de
337 1351 406 1416 justis
424 1351 540 1403 laboribus
554 1351 653 1417 propriis
665 1352 819 1416 autumnisque
834 1355 935 1407 eleemo-

131 1435 212 1488 synam
226 1424 300 1475 lacere
315 1424 393 1486 debet,
408 1427 433 1474 ut
446 1423 585 1486 augustinus
604 1424 674 1485 dicit,
687 1424 711 1474 in
725 1423 783 1475 libro
796 1427 835 1476 De
851 1426 934 1476 sertis

132 1495 299 1546 Demisisti
313 1493 332 1546 si
344 1494 441 1560 subjecti
451 1494 503 1546 aliis
513 1495 681 1560 eleemosynam
694 1495 807 1559 iacerent,
815 1498 861 1548 hoe
872 1502 935 1549 esset

133 1566 258 1632 dealieno.
269 1567 328 1632 Ergo
344 1567 377 1618 illi
390 1566 493 1632 quisunt
511 1567 553 1618 sut
565 1570 678 1632 potestate
695 1566 813 1618 consttuti
827 1567 934 1632 aliorum,

133 1653 179 1692 uon
195 1643 290 1704 possunt
304 1639 470 1705 eleemosynam
483 1639 565 1692 lacere.

165 1711 323 1780 (consensio.
334 1739 366 1750 -
382 1711 428 1762 Sub
451 1711 544 1762 alterius
558 1714 671 1775 potestate
690 1712 827 1762 constitutus
846 1714 876 1764 de
898 1714 936 1764 uis

132 1788 221 1836 tantum
237 1797 331 1848 quorum
345 1783 395 1848 ipse
409 1784 514 1835 domiuus
525 1786 575 1847 est,
589 1783 758 1848 eleemosynam
777 1782 840 1834 licite
858 1785 934 1837 faeere
991 1804 993 1817 ¹

131 1859 220 1921 potest,
235 1869 282 1906 non
303 1861 379 1908 autem
394 1857 421 1906 de
436 1855 474 1906 lais
488 1868 539 1919 que
552 1855 639 1905 domini
651 1855 688 1906 sui
702 1858 771 1919 suut,
781 1855 826 1906 uisi
839 1855 899 1908 [ortt
909 1856 934 1907 iu

132 1941 187 1979 casu
202 1932 309 1978 extremae
323 1925 494 1990 necessitatis.)

163 1999 299 2062 Respondeo
314 1998 447 2061 dicendum,
462 1997 522 2062 quod
536 1997 575 2050 ille
587 1998 627 2062 qui
644 2005 679 2049 est
695 2000 736 2050 sub
750 2002 864 2063 potestate
878 2001 935 2052 alte·

132 2069 338 2133 riusooustitutus‚
354 2068 500 2134 inquantum
510 2069 656 2135 hujusmodi,
671 2073 794 2123 seeundum
809 2073 933 2137 superioris

132 2142 267 2206 potestatem
276 2141 373 2205 regulari
384 2141 467 2206 dehet;
482 2141 521 2192 hie
533 2145 568 2193 est
579 2139 642 2191 enim
654 2143 708 2192 ordo
722 2143 846 2207 naturalis,
860 2149 886 2196 ut
898 2145 934 2195 in·
991 2182 993 2209 ÷

133 2211 215 2262 teriora
230 2215 355 2264 seeundum
370 2213 484 2276 superiora
498 2214 639 2276 reputentur.
657 2214 686 2262 Et
699 2213 751 2265 ideo
765 2218 855 2278 oportet
872 2216 933 2280 quid
991 2212 993 2259 t

134 2296 162 2334 ea
177 2283 201 2333 iu
219 2283 299 2347 quitus
318 2284 412 2335 interior
422 2284 532 2350 superiori
545 2285 673 2349 subjicitur,
684 2285 799 2350 dispenset
805 2300 855 2339 non
870 2287 934 2339 aliter
991 2286 993 2305 ²

134 2354 203 2419 qutm
214 2356 236 2406 ei
245 2355 274 2407 sit
285 2355 299 2408 t
311 2356 428 2420 superiore
443 2357 588 2420 permissum.
607 2357 646 2409 Sie
659 2371 727 2421 ergo,
738 2356 785 2408 ille·
794 2357 834 2420 qui
843 2362 881 2409 est
891 2360 933 2410 suh

134 2427 247 2490 potestate
266 2427 417 2492 constitutus,
435 2427 463 2478 de
479 2441 504 2479 re
516 2429 642 2480 seeundum
654 2441 722 2492 quam
733 2427 846 2492 superiori
859 2429 932 2493 snbji-

133 2497 206 2560 eitur‚
221 2498 388 2564 eleemosynam
404 2499 540 2550 lateranen
560 2501 635 2564 debet,
651 2499 698 2551 nisi
710 2504 821 2564 quatenus
834 2500 855 2552 ei
871 2500 932 2552 teu·

133 2569 222 2637 periore
239 2570 307 2622 tuerit
327 2570 481 2622 commissum.
499 2571 523 2622 Si
542 2572 595 2635 quis
614 2571 669 2625 vert
686 2572 769 2623 habeat
788 2571 875 2636 eliquit
893 2587 932 2624 se-

134 2641 232 2692 eundum
246 2641 307 2706 quod
319 2641 427 2706 potestati
447 2641 571 2707 superioris
584 2647 629 2695 non
644 2643 729 2706 subsit,
742 2643 790 2708 jam
808 2645 931 2694 secuudum

133 2715 176 2764 hoo
186 2726 232 2765 non
245 2717 281 2764 est
291 2715 397 2778 potestati
409 2714 525 2780 subjectus
536 2753 543 2780 ‚
555 2719 664 2780 quantum
676 2717 704 2766 ad
720 2716 765 2766 hoe
780 2715 867 2781 proprii
875 2715 932 2777 luris

133 2784 248 2850 existens;
259 2788 282 2835 et
291 2787 318 2838 de
326 2787 370 2837 hoo
380 2789 455 2851 potest
465 2786 634 2852 eleemosynam
646 2787 730 2837 faeere.

163 2857 198 2910 td
214 2857 312 2931 primum
330 2871 384 2932 ergo
399 2857 534 2922 maenium,
544 2857 605 2931 quod
618 2858 744 2916 uouemus
756 2857 778 2915 ai
795 2857 864 2916 tate
886 2856 931 2916 die
