1992 3317
118 123 165 170 ιιι
221 130 329 170 sucnrua
344 131 472 181 sumnum,
490 130 692 182 currentum,
710 131 770 170 aar.
788 131 826 170 ιιι.

150 211 184 260 ιι
197 209 322 260 secundum
333 207 466 270 dicendum,
481 207 545 272 quod
555 208 646 272 grauiam
663 212 791 273 peccatum
801 211 840 260 est
852 214 931 261 coutu-

118 281 186 332 melia
197 280 266 344 quim
278 279 394 340 detractio,
402 279 428 329 in
439 283 549 344 quartum
559 280 630 330 lrabet
637 281 756 345 majorem
771 284 933 346 contemptum

119 352 227 418 proximi,
239 353 298 402 sicul
312 354 336 401 el
351 350 430 415 rapina
442 355 477 402 est
495 352 589 415 grauius
601 355 727 416 peccatum
743 353 817 417 qnam
833 355 932 414 turtum,

119 427 145 474 ιιι
153 423 221 489 sopri
230 424 314 474 dictum
325 426 361 472 est
371 423 422 487 (qu.
434 428 472 486 oo,
483 427 526 472 art.
540 425 576 487 ι).
587 423 734 475 Contumelia
745 428 830 475 tamen
841 439 892 476 uon
903 431 932 475 est

118 495 210 560 gratim
222 498 341 561 peccalum
356 493 424 558 quim
438 494 589 558 adulterium3
606 499 727 547 nonenim
742 496 852 560 gravitas
873 497 933 547 adul·

119 567 172 620 terii
184 571 291 631 pensatur
307 579 337 617 ex
353 565 515 629 conjunctione
531 579 669 630 corporum,
684 567 725 618 secl
741 568 931 619 exordinatione

119 638 270 703 generationis
291 640 405 688 humana.
430 637 611 690 Contumeliosus
630 643 707 690 antem
730 652 780 690 unu
802 639 931 691 citirieuter
966 696 968 703 ¹

118 715 198 762 caumt
213 710 355 761 inimicitiam
370 709 394 760 iu
413 707 471 772 alio,
485 710 524 758 seli
542 710 720 762 occasionaliter
736 711 834 761 mutim
850 711 930 762 dividit

120 782 209 845 unitos3
222 781 366 846 inquantum
377 780 463 830 scilicet
474 782 567 845 perhoc
575 781 638 845 quid
652 782 712 832 mala
722 782 822 833 alterius
836 787 928 847 promit,

120 854 175 906 alios
186 857 297 918 quantum
309 853 334 903 iu
344 867 369 904 se
382 855 427 915 eat,
442 852 470 901 alr
480 853 530 918 ejus
539 853 644 903 amicitia
655 858 761 918 separat,
774 854 834 904 lieet
848 857 879 906 ati
889 858 929 907 hoc
966 886 968 911 ;

120 938 160 990 per
171 925 222 989 ejus
232 926 301 976 rerba
315 938 361 976 ιιι
376 927 493 988 cogantur.
507 925 545 975 Sic
557 938 612 987 ergo
624 928 649 976 ιι
659 926 774 975 detractor
792 927 929 978 occasiona-

120 999 170 1050 liter
178 1001 214 1050 est
226 997 349 1060 homicida,
364 997 508 1060 inquantum
516 996 601 1047 scilicet
615 1011 657 1061 per
668 1010 711 1046 sua
724 993 799 1047 teriia
810 999 853 1048 dat
865 999 927 1049 alteri

120 1069 262 1122 occasionem
274 1073 299 1120 ul
311 1069 441 1134 proximum
460 1069 522 1119 odiat
536 1069 574 1118 rel
590 1071 733 1118 contemnat.
749 1070 852 1134 Propter
869 1071 925 1134 quoi

119 1140 143 1191 in
164 1142 266 1206 Epistola
278 1142 401 1194 Clementis
415 1142 511 1203 dicitur,
527 1141 688 1191 «commones
698 1153 752 1190 eme
762 1141 924 1204 homicidas»

118 1212 205 1264 scilicet
219 1211 402 1277 occasionaliter;
418 1213 469 1276 quia
484 1210 549 1274 «qui
558 1210 606 1261 odit
622 1212 714 1263 tratrem
723 1225 803 1276 suum,
812 1212 924 1263 homicida

119 1288 188 1344 ests
203 1287 229 1332 ut
240 1284 321 1334 dicitur
335 1285 344 1332 1
357 1286 441 1346 loom,
453 1285 489 1334 ill.
814 1303 824 1318 ·

151 1355 184 1405 Ad
199 1355 290 1404 tertium
303 1355 439 1421 dicendum,
451 1355 511 1420 nult
520 1355 555 1405 ira
563 1355 646 1418 quaerit
658 1355 684 1404 iu
696 1355 826 1406 manifesto
841 1355 923 1406 vium-

119 1431 163 1477 tam
178 1425 277 1487 inferre,
290 1431 316 1477 nt
327 1427 543 1494 Philosophustiicit
552 1429 576 1479 in
591 1428 612 1476 ll
622 1427 720 1478 illicior.
735 1427 807 1491 (cap.
819 1430 860 1490 ι).
874 1428 923 1477 lieo

119 1497 242 1562 detractio,
257 1513 308 1562 quoe
327 1503 362 1550 est
375 1499 399 1549 in
411 1501 498 1550 occulto
508 1539 515 1561 ,
526 1513 574 1550 nou
587 1498 753 1560 emilianae,
769 1500 835 1551 sicam
847 1504 922 1551 ceuto-
966 1562 968 1565 Ι

121 1569 187 1621 melia
195 1607 201 1631 ,
209 1571 249 1621 aed
258 1571 330 1635 magis
341 1570 433 1622 invidie
438 1608 447 1634 ‚
458 1585 509 1634 ιιι
520 1571 600 1622 nititur
610 1571 811 1634 qualitercumque
824 1572 922 1622 mutuare
966 1570 968 1653 l

120 1642 214 1705 gloriam
233 1643 341 1706 pmnimi.
355 1644 402 1694 Nec
416 1647 493 1694 mmeu
508 1642 611 1706 sequitur
627 1644 722 1706 pmpter
741 1643 788 1692 hoc
806 1643 872 1708 econ
889 1644 922 1693 le
966 1666 968 1679 ι

120 1715 200 1765 tractio
221 1715 251 1766 sit
263 1715 351 1780 gravior
362 1715 430 1778 quim
441 1714 589 1774 coutumelia3
603 1713 656 1777 quir
670 1727 699 1764 ex
713 1711 800 1764 minori
814 1715 874 1766 uitio
886 1727 923 1779 po
966 1702 968 1777 l

120 1789 166 1836 teet
177 1785 231 1837 oriri
250 1785 325 1849 maius
339 1790 468 1851 peecatum,
483 1785 543 1836 siem
560 1799 590 1835 ex
605 1785 639 1834 ira
654 1784 757 1834 nascitur
775 1785 920 1837 homicidium
966 1780 968 1857 i

121 1861 145 1907 ιι
161 1857 309 1922 blasphemia.
324 1858 392 1921 Origo
407 1857 467 1908 enim
489 1861 634 1922 peccatorum
654 1855 781 1906 attenditur
800 1856 918 1908 secordiam
966 1874 968 1923 ς

120 1928 288 1981 inclinationem
302 1931 329 1979 ad
340 1930 422 1991 tinem,
436 1930 495 1992 quod
512 1931 549 1978 ert
561 1942 592 1979 ex
605 1932 668 1993 parte
682 1929 861 1992 conversionis3
875 1941 920 1992 grt-
966 1932 968 1935 '

121 2000 180 2050 vitas
194 2003 269 2052 aulem
281 2001 368 2065 peceati
382 2000 455 2065 magis
474 2001 597 2051 attenditur
609 2014 639 2050 ιι
653 2003 718 2064 parte
727 2001 869 2050 aversionis.

152 2073 186 2122 ad
202 2076 306 2136 quartum
326 2071 458 2135 licendum,
470 2071 531 2136 quill
545 2072 599 2136 quia
613 2089 628 2120 c
639 2074 710 2122 lrnmo
721 2072 816 2123 laetatur
833 2073 858 2122 iu
870 2085 919 2122 sen·

120 2145 190 2195 tentia
198 2145 243 2197 oris
260 2146 304 2207 sui,
315 2161 329 2192 n
344 2148 370 2194 ut
385 2143 466 2196 dicitur
479 2147 565 2204 Proo„
579 2145 691 2208 Xll‚iutie
706 2143 816 2207 estquod
832 2144 872 2195 ille
884 2143 919 2207 uui

119 2217 230 2279 detrahit,
246 2217 327 2281 incipit
345 2217 418 2280 magis
439 2219 551 2267 emarcet
569 2217 659 2266 credere
675 2217 735 2280 qnod
758 2215 831 2276 eicit,
847 2219 870 2266 et
882 2228 919 2278 per

119 2301 262 2352 consequens
282 2289 408 2352 proximum
428 2288 502 2352 magis
517 2287 593 2349 odire,
607 2292 631 2338 et
649 2288 683 2337 sic
697 2286 771 2350 magis
788 2285 917 2337 recellerei

120 2360 248 2424 cognitione
263 2360 375 2411 seriniis.
390 2361 436 2412 isle
445 2365 523 2411 ιιιιιι
536 2361 632 2410 eliectus
641 2363 718 2425 petest
727 2359 797 2422 secui
810 2358 917 2410 etiarm

119 2431 170 2482 aliis
184 2431 281 2495 peccatis
294 2445 344 2496 quoe
357 2431 473 2497 pertinent
488 2433 517 2483 ad
531 2432 607 2483 odium
621 2431 727 2496 proximi.

119 2555 233 2611 monotes
256 2553 302 2598 Dei
321 2553 436 2603 Filium,
455 2557 476 2600 ιι
493 2553 598 2598 dicentes
613 2551 678 2610 qaid
690 2551 720 2596 in
739 2553 860 2609 princip
874 2551 916 2597 alo·

119 2617 260 2660 munierum
272 2615 341 2672 ejicit
353 2615 474 2662 cemento
487 2612 573 2674 (Luc,
586 2617 616 2660 XI
624 2613 644 2676 l,
658 2618 680 2660 et
693 2613 844 2660 doemonium
854 2612 915 2659 latet

119 2681 140 2720 ct
155 2679 266 2726 iurauit,
280 2675 343 2734 qnid
353 2691 407 2722 erem
421 2678 515 2724 caeditis
528 2675 628 2738 (loom,
649 2674 700 2736 Χ),
716 2680 737 2720 ιι
752 2680 839 2721 emim
850 2677 913 2722 tolia.

119 2737 174 2792 Quo
190 2737 382 2784 detractionem
398 2740 443 2784 illo
460 2740 599 2786 avertebant
612 2753 650 2785 eos
669 2751 775 2799 quorem
787 2740 914 2785 concertio·

119 2807 174 2841 mem
188 2797 232 2844 ille
245 2799 377 2858 querebat,
392 2805 434 2848 etc.
774 2797 780 2808 '
