1992 3317
208 151 242 191 nr
255 136 397 193 mmmmm
415 133 545 190 rnmuoun
561 145 712 190 namuurum
817 141 866 188 aaa

49 229 153 282 bonitas
175 229 272 288 amoris,
286 227 392 279 desiderii
414 230 437 278 et
457 227 635 292 gaudii(1)‚et
654 228 705 278 ideo
720 225 796 278 omnia
819 227 862 278 ista

50 301 178 367 pertinent
188 301 217 350 ad
226 300 329 351 eamdem
340 299 448 350 uirtutem
461 299 587 350 chantatia.
601 301 670 350 dotus
683 303 758 350 autem
769 299 863 350 rationis

51 373 159 426 ordinati
180 375 209 423 ad
223 385 298 436 opus,
312 376 365 423 sunt
379 372 474 431 diuersi,
485 385 529 422 neo
538 373 622 423 habent
640 374 742 424 eamdem
752 373 863 424 rationem

50 444 183 506 bonitatis3
197 457 227 494 ea
240 444 284 494 atio
295 444 357 494 euim
371 443 545 494 didimiono
558 444 617 494 deved
634 445 824 501 consiliatione,
839 448 863 494 et

51 516 301 580 dendjodtcottvue,
316 519 339 566 et
352 515 410 564 dene
422 517 611 580 preceptione:
625 517 684 578 quod
699 519 761 580 patet
776 529 805 566 ex
818 516 863 566 hoo

52 587 120 650 qnod
138 587 185 636 ieta
203 587 323 649 aliqnando
343 585 483 637 abinvicem
498 591 643 650 separantur,
663 587 756 638 ntideo
775 589 864 651 oportet

53 660 128 709 aliam
144 670 198 708 ease
209 658 316 709 uirtutem
327 658 473 717 eodulr'am,
482 671 524 722 per
534 671 600 721 quam
612 659 680 708 homo
689 661 727 709 'est
738 659 795 709 deod
807 673 863 708 eoo-

52 731 210 794 eniminum
224 732 247 780 et
261 729 328 779 atium
347 730 507 794 prudentiam,
518 743 559 794 per
575 743 643 792 quam
662 731 730 780 homo
748 733 784 780 est
804 730 863 779 deod

52 803 235 866 proeoeptioue.
251 803 278 850 iit
290 801 350 852 sieut
360 800 473 851 eonsidnri
485 801 602 852 ordinatur
616 802 643 850 ad
657 803 795 864 precipere
811 803 863 850 tau·

54 885 129 936 quern
143 871 172 922 ad
182 871 462 936 principalius,ttaetiam
473 870 575 921 eutelio
595 871 711 920 ordinatur
721 873 748 921 ad
762 873 862 934 pruden-

53 944 116 994 tiam
131 946 241 1006 tauquam
250 944 278 994 ad
288 941 471 1006 priucipatiorem
482 941 606 1002 uirtutem,
617 940 666 991 sine
677 955 721 1004 qua
732 955 775 992 nee
787 942 862 992 uirtus

54 1018 136 1077 esset,
156 1013 218 1064 siout
232 1027 275 1065 neo
284 1015 382 1064 morales
398 1013 494 1064 untutea
508 1013 557 1063 aine
567 1011 703 1076 prudentia,
718 1024 762 1062 neo
774 1015 868 1062 ceterae-

54 1085 159 1136 virtntes
170 1085 221 1135 sine
233 1084 352 1135 enaritate.
369 1101 373 1104 ·
656 1103 658 1106 ·

89 1155 126 1206 ud
143 1156 242 1220 primum
255 1169 311 1219 erqo
329 1155 539 1220 dimumn,·qudd
553 1156 582 1206 ad
601 1153 742 1220 prudentiam
762 1153 862 1218 pertinet

53 1227 119 1280 bene
137 1225 254 1277 munitiori
269 1225 418 1290 imperative,
432 1227 462 1276 ad
477 1227 590 1277 eubuiiam
602 1230 678 1277 autem
693 1224 801 1276 elicitird.

89 1301 128 1350 ad
139 1298 265 1349 secundum
274 1298 404 1360 dicendum,
413 1297 474 1361 quod
483 1299 512 1348 ad
522 1311 593 1348 unum
601 1299 669 1349 tinem
680 1297 794 1361 ultimum,
802 1296 871 1361 quod⁵

56 1375 94 1422 est
109 1386 126 1418 u
134 1368 194 1420 bend
204 1369 282 1420 viuere
296 1372 381 1432 totum,
389 1386 404 1416 u
418 1368 549 1420 ordinantur
562 1369 644 1420 divorsi
657 1373 723 1420 aetus
734 1367 859 1419 secuudum

56 1441 183 1507 quendum
202 1441 310 1503 gradum3
326 1452 378 1489 nam
397 1441 504 1503 precedit
526 1441 662 1504 eonsilium,
677 1440 779 1504 sequ-itur
796 1439 862 1502 judi·

55 1513 137 1574 moun,
152 1514 179 1561 et
188 1511 291 1561 ultimum
308 1514 344 1561 eet
361 1514 514 1574 preceptum,
528 1513 587 1574 quod
602 1509 733 1562 immediate
752 1511 861 1560 sehabet

54 1585 85 1636 ad
103 1583 176 1632 tinem
194 1581 309 1632 utimum.
325 1581 368 1632 mii
383 1585 461 1632 autern
473 1583 518 1632 duo
532 1585 598 1632 aetus
615 1581 701 1632 remote
715 1593 740 1631 se
757 1581 856 1643 habeut3

54 1656 97 1720 qui
109 1658 191 1705 umen
200 1653 287 1704 habent
296 1654 406 1718 quosdam
416 1653 531 1716 proximos
541 1653 599 1702 iines
610 1651 746 1702 :consilium
758 1649 859 1714 quidem,

53 1725 217 1778 inventionem
227 1738 306 1776 eorum
319 1737 370 1788 quae
382 1725 470 1788 agenda
480 1727 545 1786 suut,
556 1723 668 1788 judicium
686 1726 781 1784 autem,
796 1722 863 1772 certi-

53 1800 173 1851 tudinem.
185 1797 252 1848 {inde
263 1799 346 1847 euhoe
359 1809 407 1848 non
416 1797 518 1860 sequitur
529 1796 589 1860 qudd
601 1795 691 1846 eutrotia
705 1798 727 1846 et
739 1792 860 1858 prudentia

53 1884 102 1922 non
118 1869 272 1920 sintmuerra
281 1867 387 1931 uirtutes,
401 1867 441 1918 red
452 1866 513 1930 quod
527 1867 616 1916 eubulia
628 1865 747 1917 ordinetur
759 1865 787 1915 ad
803 1877 862 1928 pru-

53 1941 175 2000 dentiam¹
192 1939 252 1990 sieut
264 1938 337 1989 uirtus
352 1937 486 1989 secundaria
498 1937 527 1988 ad
540 1937 697 2002 principalem.

87 2013 125 2064 nd
144 2009 239 2060 tertium
252 2008 389 2071 dioendum,
402 2007 463 2073 qudd
477 2008 546 2059 etiam
560 2007 584 2057 iu
600 2007 746 2072 specutatiris
766 2006 810 2058 atta
824 2018 859 2056 ra·

53 2080 257 2136 tionalieseieutit
269 2083 306 2131 eat
316 2080 431 2132 dialectice
437 2117 446 2144 ‚
458 2093 508 2144 quae
520 2079 634 2130 ordinatur
647 2080 675 2130 ad
687 2077 858 2142 inquisitionem

54 2155 211 2214 iuuentivanr,
225 2156 250 2203 et
264 2151 309 2202 alia
323 2152 417 2203 seientia
429 2151 621 2214 demonstrativa,
638 2163 688 2214 quoe
703 2153 739 2200 est
755 2148 861 2200 veritatis

55 2223 246 2280 determinativa.

88 2376 128 2442 (1)
142 2380 178 2425 Ex
188 2389 217 2423 eo
228 2378 290 2423 enirn
300 2377 363 2436 qnod
376 2388 481 2424 amamus
492 2377 586 2434 aliquod
597 2349 694 2434 bonum,
706 2376 863 2422 desideremus

54 2445 115 2492 iilud
134 2441 213 2500 notris,
222 2447 247 2486 et
261 2447 385 2500 postquam
402 2453 431 2487 eo
441 2440 573 2488 moderno
580 2442 629 2498 janu
644 2439 753 2498 fruimur,
764 2439 792 2485 de
804 2439 865 2486 ittiue

56 2506 172 2554 fruitione
179 2504 316 2562 canda-m.
