1992 3317
116 152 146 199 'li
246 160 321 199 rursm
337 158 465 208 secunus,
483 157 576 205 oum.
594 156 666 209 cnut,
683 155 738 196 ur.
757 156 784 196 r.

115 250 160 302 qun
173 250 213 303 per
223 236 393 291 desideriumet
403 248 503 287 aurorem
519 236 608 287 animus
618 235 669 300 ejus
679 234 709 285 ad
719 233 853 299 iustitiam
873 250 965 296 acce·

115 308 163 370 dit,
179 307 336 359 verumetiam
349 322 393 372 quo
403 320 444 373 per
455 304 533 360 odium
548 306 667 371 lpeocatn
680 304 798 370 recedit.)

146 378 281 445 llespontlen
296 378 432 441 dicendum,
445 377 505 443 quon
514 379 573 430 sicut
585 377 654 444 suprl
664 377 750 429 dicum
762 381 803 429 est
818 380 895 445 (arc.
917 388 964 453 1),

113 451 244 517 justificatio
258 452 322 517 impii
333 453 469 516 estquidam
481 455 558 503 motus
568 464 614 514 quo
624 452 723 501 numam
733 462 801 500 mens
817 462 966 510 movetur

117 524 130 575 l
144 524 189 574 lleo
203 536 216 573 a
232 528 290 574 statu
305 524 393 589 peccati
407 523 430 573 in
441 527 525 573 statum
534 521 630 587 justitie
642 538 648 571 ε
660 524 750 587 oportet
767 521 860 587 igitur,
882 530 968 595 quod

116 599 216 647 numano
228 608 295 647 mens
307 608 332 647 se
347 596 429 646 halem
444 596 471 645 ad
485 599 605 659 utrumque
623 598 777 645 estremnmm
795 601 967 653 secundum

118 670 205 718 mutum
218 665 282 719 liberi
300 666 400 728 arbitrii,
417 666 476 717 sicut
488 678 514 716 se
526 666 596 717 habet
609 678 692 731 corpus
710 664 820 716 localiter
843 676 968 724 motum

118 738 146 789 alr
166 739 242 804 aluno
259 740 366 789 movente
381 740 408 789 ad
427 739 483 789 duos
497 737 606 789 terminos
619 741 703 789 motus.
719 735 895 794 Manifestum
920 752 968 798 est

119 812 195 861 annm
210 811 234 859 iu
249 812 312 861 motu
329 809 395 861 locali
408 822 541 874 corporum,
555 808 616 875 quod
632 823 715 875 eorpus
731 811 828 861 motum
844 820 968 871 recedit

120 880 347 943 seminecum,
366 886 389 933 et
408 882 494 933 caudit
508 882 536 931 ad
553 880 676 933 terminum
692 880 729 931 ud
746 896 828 945 quem
846 899 857 934 .·
883 892 968 943 unde

121 956 210 1019 oportet
219 954 278 1017 pund
291 966 354 1005 ruens
364 955 471 1019 humana,
486 954 539 1005 dum
551 953 696 1017 jnstillcutur,
708 957 862 1017 permotum
875 958 969 1013 liberi

121 1026 208 1079 arbitrii
224 1026 314 1077 recedet
327 1025 341 1076 l
356 1028 465 1091 peccato,
484 1028 508 1075 et
523 1026 614 1076 accedat
630 1023 792 1089 adjustitiam.
809 1024 967 1086 Recessus

120 1103 196 1151 anum
212 1102 236 1149 et
253 1112 357 1150 accessus
370 1100 394 1149 in
409 1102 472 1150 motu
489 1098 555 1149 liberi
571 1097 660 1149 arbitrii
673 1096 784 1163 accipitur
795 1105 968 1159 secundum

121 1172 292 1223 detestationem
316 1174 341 1221 et
364 1169 508 1237 desiderium.
531 1169 594 1220 Dicit
613 1169 674 1221 enim
695 1165 842 1232 August-inus
870 1187 967 1244 super

120 1244 202 1301 loon,
213 1254 329 1306 exponens
342 1240 398 1290 illud
414 1256 420 1289 ι
435 1258 449 1289 u
459 1240 612 1292 llerconarius
623 1244 699 1291 autom
709 1238 770 1304 logii
778 1256 792 1288 n
806 1240 818 1305 (
831 1242 965 1304 Trans„

120 1314 203 1378 llLlll,
217 1314 244 1361 tn
254 1312 341 1375 loon.)
353 1329 360 1360 r
373 1328 387 1359 u
398 1312 536 1363 tinctiones
547 1316 629 1363 nostre
636 1312 710 1363 molns'
724 1310 862 1365 animorum
876 1331 966 1386 sunt;

120 1386 199 1438 letitia
211 1384 282 1435 nuimi
293 1384 396 1447 (lilioso,
406 1383 474 1435 timor
486 1383 557 1433 animi
567 1384 620 1448 tuga
632 1388 678 1444 esta
691 1383 844 1447 progrederis
855 1390 967 1447 animo

121 1456 171 1509 cnm
182 1457 272 1521 appetis
278 1494 287 1520 ,
304 1455 366 1519 iugis
378 1455 453 1505 auimo
470 1454 521 1505 edm
534 1454 629 1506 metuis.
642 1472 657 1503 n
669 1456 764 1520 Oportet
777 1453 858 1519 igitur
878 1466 967 1529 qupd

120 1530 145 1579 in
155 1528 319 1592 justificatione
334 1526 399 1591 impii
412 1527 442 1577 sit
458 1531 535 1578 motus
547 1526 612 1577 liberi
627 1526 713 1579 arbitrii
731 1526 819 1591 duplex
837 1546 844 1579 :
864 1548 967 1603 rmus5

122 1612 167 1664 qno
178 1610 219 1665 per
228 1599 365 1650 desiderium
375 1597 489 1649 tendatin
504 1598 545 1649 llel
557 1597 685 1662 justitiam3
700 1601 723 1648 et
737 1598 815 1663 alins,
829 1615 889 1665 quo
910 1610 967 1661 de.

119 1674 218 1723 testetur
226 1674 355 1735 paccatum.

155 1745 188 1795 lld
201 1745 301 1809 primum
311 1754 365 1807 crgo
374 1742 507 1806 dicendum,
518 1742 580 1807 qirdd
594 1743 622 1794 ad
632 1743 735 1794 eamdem
749 1742 872 1799 virtutem
895 1767 970 1819 per.

123 1817 183 1866 tinet
193 1816 300 1881 prosequi
315 1828 387 1865 unum
403 1814 573 1879 oppositorum,
586 1818 610 1865 et
624 1815 727 1879 refugere
746 1814 808 1865 aliud
823 1833 832 1865 ι
848 1825 880 1871 et
892 1824 971 1881 ideo

124 1890 183 1939 siout
195 1889 222 1938 ad
236 1888 367 1938 charitatem
379 1887 480 1953 pertinet
490 1886 584 1951 diligere
596 1888 678 1951 Deum,
692 1886 724 1937 ita
738 1887 808 1937 eliam
821 1890 967 1952 detestari

124 1964 217 2023 peccata
223 1996 232 2023 ‚
246 1972 287 2024 per
303 1972 353 2022 quas
369 1958 444 2009 anima
463 1962 580 2023 separatur
593 1958 607 2009 l
619 1960 674 2011 lieu

157 2032 191 2082 nd
200 2030 323 2083 secundum
335 2029 453 2081 dicendum
462 2070 467 2093 ‚
477 2030 539 2095 quod
549 2032 577 2081 ad
587 2031 715 2095 posteriora
724 2044 771 2082 non
780 2030 856 2087 debet
869 2040 971 2099 homo

125 2104 214 2168 regredi
229 2116 270 2169 per
281 2115 392 2167 amorem3
406 2104 446 2154 sed
457 2106 567 2167 qnantum
578 2105 607 2154 ad
623 2105 680 2165 hoc,
695 2104 762 2155 debet
778 2117 807 2156 ea
822 2110 970 2171 oblivisci

125 2176 195 2227 ulad
214 2189 240 2227 ea
255 2188 301 2227 non
319 2174 438 2227 alliciatur.
459 2174 534 2226 Debet
553 2178 632 2227 tamen
652 2187 731 2226 eorum
751 2180 879 2234 recordari
907 2202 969 2253 per·

126 2248 346 2310 considerationem,
364 2250 391 2297 nt
407 2258 434 2297 ea
451 2247 591 2312 detestetur;
610 2248 644 2298 sic
662 2246 725 2298 enirn
739 2248 769 2299 ab
785 2248 822 2299 eis
835 2260 968 2316 recedit,

158 2319 297 2371 solertium
311 2319 445 2383 dicendane,
460 2318 520 2385 qnod
533 2320 556 2370 in
570 2321 671 2386 tempore
686 2321 834 2386 precedente
849 2326 971 2393 justiti-

125 2392 253 2455 catinuem‚
269 2395 358 2457 oportet
370 2392 430 2456 quod
443 2392 513 2443 homo
526 2391 613 2455 singula
625 2396 720 2457 peccato
737 2405 790 2459 que
803 2402 969 2469 commisit,

125 2463 259 2526 detestatur,
273 2474 368 2529 quorum
385 2462 518 2514 memoriam
528 2462 599 2513 hahet
613 2468 655 2513 :et
664 2477 693 2515 ex
703 2473 731 2533 ea
745 2464 967 2528 consideratione

126 2535 265 2599 precedenti
284 2535 426 2600 subsequitur
445 2534 472 2585 in
491 2534 568 2586 anima
589 2534 681 2599 quidam
699 2539 776 2588 motus
794 2537 969 2600 detestantis

127 2606 286 2660 universaliter
298 2607 374 2658 omnia
384 2610 478 2673 peccata
491 2607 625 2670 commissa,
635 2607 695 2658 inter
708 2622 759 2672 que
772 2607 848 2661 etiam
863 2613 972 2671 iaetu-

128 2680 212 2731 duntur
224 2683 317 2747 pennata
331 2678 442 2731 oblivioni
455 2678 554 2743 tradita3
568 2679 624 2743 qun
635 2680 705 2731 homo
718 2679 745 2731 in
762 2684 828 2737 staur
846 2682 896 2739 illo
910 2702 969 2745 est

126 2754 162 2821 sic
179 2752 319 2819 dispositus,
332 2756 358 2803 ut
374 2750 444 2803 etiam
459 2750 487 2803 de
508 2750 545 2803 tis
559 2764 611 2815 que
627 2764 674 2803 non
691 2752 812 2815 meminit,
826 2762 970 2815 coutem-

125 2830 198 2891 retnr‚
213 2824 235 2877 si
247 2824 362 2879 memorie
377 2824 482 2877 adessent
497 2838 503 2875 ι
518 2828 543 2877 et
552 2824 595 2875 ista
606 2827 682 2875 nonas
696 2824 811 2877 murum
821 2826 856 2877 acl
867 2828 972 2892 justi.

131 2898 265 2953 ficationem.
