1992 3317
160 201 206 248 178
280 205 388 244 secunus
403 203 534 254 smnunau,
551 202 644 247 oumsr.
662 204 697 242 nv.
714 202 768 241 lar.
786 206 827 243 un.

155 287 252 352 possunt
262 282 308 335 dici
320 294 363 347 per
376 280 482 331 accidens
498 280 585 343 priores
598 280 658 343 ilde,
674 279 698 330 in
712 286 821 343 qnantum
834 288 955 334 removent

154 356 314 421 impedimenta
331 352 439 403 credendi
457 368 464 401 t
482 351 542 401 ment
561 350 669 401 tortitudo
687 356 787 402 removet
800 352 955 405 inordinatum

153 430 258 479 timorem
268 425 430 489 impedientem
443 423 526 486 tidem;
545 422 662 473 humilitas
673 425 747 473 ιιιιιιιι
759 424 906 487 superbiam,
920 440 957 489 per

152 512 220 564 quam
234 496 362 548 intellectus
380 498 471 546 recusat
487 509 512 545 se
527 494 660 545 submittere
672 495 763 545 veritati
776 495 837 545 fidei.
855 498 955 547 Elidem

154 575 230 636 potest
242 570 288 621 dici
297 570 325 619 de
336 568 448 631 aliquibus
458 567 509 616 aliis
522 567 655 629 virtutibus,
664 568 769 631 quamuis
782 580 830 617 uon
841 569 892 620 sint
900 584 956 619 vera
983 590 984 631 ι

154 643 265 705 uirtutes,
280 640 323 690 nisi
339 638 501 703 presupposita
517 638 576 699 lide,
591 641 617 688 ut
631 640 694 703 patei
708 650 748 703 per
765 640 920 702 Augustinum
935 642 955 691 in

153 714 195 765 lio.
210 714 306 763 Contra
320 710 459 761 tutionem.

186 784 250 835 llude
263 786 327 847 patet
340 782 459 847 responsio
476 783 504 832 ad
516 782 622 846 primum.
984 812 985 843 ,

188 858 221 907 ιιι
232 856 354 907 secundum
365 855 495 916 dicendum,
510 853 570 918 qudd
584 867 637 918 spes
652 866 698 905 uon
709 856 785 919 potest
797 856 956 907 universaliter

156 929 298 979 introducere
314 928 341 976 ad
352 926 429 975 tidem.
443 926 494 975 Non
509 924 570 975 enim
584 928 660 989 potest
673 938 725 989 spes
740 926 820 976 iuberi
834 926 863 977 de
875 932 957 979 aeteroa

156 998 303 1062 heatitudine,
316 998 360 1048 uisi
370 996 473 1047 credatur
483 996 614 1060 possibilis3
624 995 677 1060 quia
687 994 828 1060 impossibile
840 1010 888 1049 nou
900 1000 957 1048 cadit

157 1072 200 1123 sub
211 1074 267 1137 spe,
280 1075 306 1119 ιιι
320 1084 348 1119 ex
360 1068 428 1133 supri
437 1068 505 1119 dictis
516 1070 578 1132 patet
590 1069 632 1131 (ι).
645 1068 689 1118 Sed
701 1080 730 1117 ex
741 1082 782 1133 spa
793 1068 880 1133 aliquis
890 1070 956 1120 intro-

157 1145 209 1198 duci
222 1146 298 1208 potest
312 1142 340 1191 ad
349 1144 394 1192 hoc
403 1141 462 1204 quod
474 1143 606 1205 perseueret
620 1140 645 1189 in
660 1138 716 1201 lide,
729 1140 764 1189 vel
777 1142 838 1203 quod
856 1141 911 1192 fidei
924 1142 957 1190 lir—
985 1154 986 1179 ι

157 1218 225 1267 miter
244 1216 371 1275 adhereat3
383 1217 407 1263 et
419 1214 546 1264 secundum
556 1212 600 1263 hoc
614 1211 695 1265 dicitur
705 1224 759 1275 spes
770 1210 918 1264 introducere
932 1212 956 1262 nl

158 1288 235 1339 fidem.
765 1326 768 1339 .

188 1361 221 1409 ιι
237 1356 330 1407 seruum
348 1354 484 1417 arcendum,
500 1354 561 1418 quoe
578 1353 706 1405 oseaeuna
728 1354 849 1418 dupliciter
868 1356 954 1407 ιιιιιιι.
986 1331 987 1421 Ϊ

157 1431 294 1492 Quandoque
306 1427 369 1479 enim
384 1427 493 1491 importat
504 1426 676 1478 inclinatiorem
688 1426 812 1477 voluntatis
822 1429 852 1479 ad
862 1428 956 1493 impleri·
986 1422 987 1437 ¹

157 1503 210 1553 dum
225 1499 302 1550 diviua
313 1499 419 1549 mandata
435 1514 441 1547 ε
455 1498 523 1548 etsie
539 1512 585 1549 non
600 1502 635 1549 est
648 1499 753 1563 specialis
769 1500 858 1561 virtus,
871 1502 910 1551 sed
922 1514 956 1562 qe·

159 1568 267 1623 moraliter
280 1569 401 1621 includitur
417 1570 443 1620 in
460 1572 521 1621 omui
534 1570 632 1634 virtule3
648 1570 701 1635 qnia
714 1584 794 1621 omnes
808 1575 875 1622 actus
892 1572 957 1621 uirtu-

157 1649 204 1695 tum
219 1646 303 1696 oadunt
317 1645 359 1693 sub
373 1642 495 1707 preceptis
509 1642 566 1705 legis
580 1641 671 1707 divine,
685 1642 793 1707 utsupra
808 1644 898 1695 dicium
911 1648 954 1703 esl3
987 1649 988 1709 J

157 1721 181 1768 el
191 1720 235 1769 luoc
245 1717 312 1767 modo
325 1716 355 1765 ad
369 1714 437 1766 fidem
450 1714 572 1777 requiritur
584 1715 723 1765 obedientia.
740 1715 789 1766 llio
803 1716 873 1767 modo
888 1718 957 1781 polest
987 1712 988 1723 ³

158 1788 232 1852 accipi
257 1785 401 1846 obedientia,
424 1785 547 1835 secuudum
571 1784 631 1848 qudd
654 1786 761 1849 importat
789 1785 956 1838 inclinationem

159 1861 280 1923 quamdam
293 1859 321 1907 ad
334 1858 473 1921 implendum
487 1856 595 1906 mandata
610 1858 733 1906 secundum
748 1858 812 1921 quod
826 1858 914 1908 liabent
926 1869 956 1906 ra-

160 1931 246 1982 tionem
260 1929 330 1979 debiti
345 1945 351 1977 z
367 1933 390 1978 et
406 1928 439 1978 sic
452 1925 578 1977 obedientia
597 1931 631 1977 est
644 1928 748 1991 specialis
764 1928 852 1992 virtus,
869 1932 892 1980 et
908 1940 955 1993 pars

159 2000 269 2065 justitim3
290 1999 364 2049 reddit
382 1998 442 2049 enim
457 1998 569 2061 superiori
587 1998 701 2059 debiturn,
716 1998 842 2049 obediendo
859 1998 910 2050 sibi.
934 2000 957 2046 st

160 2075 205 2125 lroc
221 2072 287 2121 modo
306 2069 431 2120 obedientia
446 2069 547 2133 seqnitur
565 2069 647 2130 fidem,
662 2082 704 2133 per
715 2082 783 2131 quam
802 2070 957 2121 manifestatur

161 2142 246 2195 lromini
264 2140 324 2205 qudd
336 2141 394 2191 lleus
411 2142 441 2190 sit
452 2140 554 2205 superior
567 2141 603 2190 cui
621 2142 702 2191 debent
715 2140 815 2191 obedire.

192 2214 226 2263 lid
239 2216 344 2276 quartum
359 2212 492 2271 dicendum,
508 2212 568 2275 qudd
578 2213 607 2262 ad
621 2212 731 2263 rationem
743 2212 904 2277 fundamenti,
917 2223 957 2260 uon

161 2286 232 2337 solum
242 2283 364 2347 requiritur
373 2283 433 2348 qudd
446 2284 476 2333 sit
486 2282 592 2349 primum,
603 2285 643 2335 sed
656 2285 724 2335 etiam
734 2282 794 2347 qudd
807 2284 838 2335 sit
849 2284 902 2336 aliis
913 2296 958 2347 par·

159 2358 220 2408 tibus
229 2356 318 2407 edificii
331 2368 472 2418 connexum,
485 2368 531 2405 uon
540 2356 602 2406 eninr
616 2360 677 2407 esset
687 2357 873 2421 tundamentum,
887 2355 929 2406 uisi
939 2351 958 2402 ei

161 2428 212 2479 aliae
228 2431 304 2491 partes
326 2428 414 2477 aedificii
433 2428 579 2479 cohaererent.
602 2427 718 2479 Connexio
742 2436 817 2478 antem
838 2424 957 2493 spiritualis

161 2499 251 2552 aedillcii
265 2502 299 2549 est
309 2511 348 2562 per
362 2498 509 2559 charitalem,
524 2501 648 2551 secundum
658 2500 713 2550 illud
728 2498 794 2556 Col„
804 2500 851 2551 lll:
867 2500 958 2562 «Super

161 2571 237 2621 omnia
248 2570 380 2621 charitatem
392 2571 474 2622 habeto
485 2584 534 2635 quae
547 2574 582 2622 est
596 2572 712 2623 vinculum
723 2570 873 2637 perlectiouis
886 2572 917 2635 (ι)
930 2584 934 2616 :
945 2582 955 2611 r

195 2715 225 2778 ll)
240 2722 327 2777 Nempe
340 2718 369 2778 1,
387 2720 415 2776 2,
433 2732 472 2774 qu.
487 2718 532 2778 td,
548 2724 591 2767 art.
605 2719 616 2764 1
630 2753 635 2777 ,
655 2720 679 2765 in
700 2732 746 2776 quo
764 2720 909 2765 conditiones
929 2712 952 2758 ad

161 2794 226 2839 spem
236 2783 372 2828 necessariae
382 2788 544 2840 recensentur,
556 2788 580 2829 et
590 2784 639 2829 iren
650 2784 742 2840 ponitur
753 2788 851 2841 quartu,
862 2774 951 2837 nequod

151 2850 274 2901 ¹speratur,
289 2846 320 2891 sit
333 2845 443 2904 possibile
457 2846 562 2903 adipisci.

192 2913 225 2978 (ὓ)
241 2918 293 2967 3110
307 2916 339 2965 Μ
358 2916 457 2977 ⁸1³th
475 2919 598 2981 1V‚vere.
616 2918 661 2983 lli,
676 2934 705 2969 ex
717 2934 764 2984 quo
778 2921 854 2969 toleror
873 2924 955 2981 corpor
