1992 3317
195 138 226 178 iil
239 136 412 178 memoraturus
427 137 542 177 tussim
555 136 680 187 Pffllwfl.
778 129 841 177 1018
949 144 953 157 '

25 215 99 268 tione
111 213 209 278 generis.
222 214 266 266 Sed
276 215 427 278 transgressio
440 215 563 280 poniturin
574 216 690 266 communi
702 216 839 269 dddsitmne

28 285 139 352 peccati,
155 285 209 336 dicit
224 286 286 338 enim
303 286 448 350 umbrosius,
463 286 525 351 qudd
540 305 555 336 u
571 290 688 352 peccatum
707 292 744 339 est
761 291 842 339 traus-

30 355 124 438 gressio
136 357 194 421 legis
207 357 300 409 divinae.
310 374 324 405 s
336 359 395 421 Ergo
413 359 563 422 transgressio
577 370 624 409 uon
632 363 669 409 est
682 359 772 424 species
785 373 841 425 pec-

31 433 95 551 catu..
111 501 239 564 Prsteree,
253 501 315 552 nulls
332 500 423 564 species
436 500 527 552 excedit
539 514 605 552 suurn
616 510 698 566 genus.
713 502 757 552 Sed
768 505 843 574 trans·

31 571 126 634 gressio
149 572 239 622 excedit
256 577 391 637 peccatum,
406 572 461 636 quia
475 576 594 636 poecadrm
614 577 651 624 est
664 589 679 620 s
689 573 775 624 dimum
782 611 791 637 ,
806 575 843 624 rel

33 647 139 706 iactum,
153 643 191 694 rei
201 645 348 708 concupitum
357 648 435 695 contra
445 645 519 708 legem
529 645 584 707 liei,
598 661 612 692 r
626 649 653 695 ut
663 648 727 708 patet
740 658 782 709 per
792 648 843 696 du-

33 714 172 781 gustinurn,
188 715 250 766 xxii
271 715 366 766 Contra
383 717 509 766 Faustum
523 715 533 780 (
542 729 593 780 cup.
611 720 641 765 27
651 715 669 780 ).
684 716 842 780 Trmsgressto

35 792 117 840 autem
138 790 174 838 est
195 788 264 838 etiam
285 791 365 838 contra
389 791 493 840 mmmm
509 789 548 838 rel
564 788 763 839 consuetudinem.
784 790 843 853 lirgo

37 858 193 924 transgressio
207 872 253 910 non
269 863 304 911 est
318 859 406 924 species
417 860 516 925 peccati.
647 866 651 872 ’

72 938 97 983 3.
112 933 242 993 Preterea,
257 932 320 984 nulla
329 931 417 997 species
429 932 533 984 condrei
546 933 588 982 suis
604 945 630 983 se
641 944 722 983 omnes
731 936 809 996 partes
818 932 844 982 iu

35 1019 98 1071 quas
109 1003 220 1055 diuiditur
230 1017 310 1068 genus.
322 1005 367 1056 Sed
376 1007 493 1068 peccatum
509 1003 695 1068 transgressionis
707 1018 733 1055 se
741 1002 844 1055 extemit

37 1078 67 1127 ad
81 1075 161 1128 omnia
176 1075 231 1126 uitia
244 1076 476 1140 capitulariorum
485 1081 581 1139 peccata
590 1075 681 1137 cordis,
695 1076 742 1127 oris
753 1077 778 1128 et
786 1089 843 1140 ope·

38 1147 80 1198 ria.
97 1147 159 1210 crgo
175 1148 326 1210 transgressio
341 1160 387 1198 non
400 1149 436 1198 est
449 1147 549 1210 speciale
560 1150 688 1211 peceatum.

69 1220 117 1271 Sed
128 1221 207 1270 contra
216 1223 263 1283 est,
273 1219 334 1283 qudo
345 1219 468 1284 opponitur
480 1218 573 1284 speciali
585 1218 680 1283 virtuti,
692 1220 781 1272 seilioet
791 1220 843 1282 jus·

39 1293 111 1344 titis.

75 1363 242 1428 (Conclusio.
257 1389 287 1400 -
302 1363 343 1414 Est
354 1361 541 1426 transgressionis
557 1361 656 1426 uitium,
669 1364 768 1428 speciale
786 1377 847 1428 peo-

40 1439 133 1495 aatum,
149 1433 203 1497 quia
217 1433 305 1484 formali
318 1433 406 1484 ratione
420 1445 461 1483 sua
478 1435 599 1498 preceptis
616 1435 729 1498 negativis
741 1435 847 1486 aduersa·

39 1511 92 1568 tur,
114 1505 174 1558 sicut
196 1503 328 1557 omissionis
341 1507 462 1568 peccatum
474 1504 633 1564 etdrmatiris.)

72 1577 214 1644 Respondeo
237 1575 375 1640 dicendum,
393 1575 454 1640 qudd
467 1589 552 1626 nomen
568 1577 755 1640 transgressionis
766 1577 779 1627 l
792 1591 847 1629 urr-

41 1647 618 1715 poreiibnsmotibussdectusmoralesderiratom
625 1648 847 1699 esttliciturautom

43 1721 129 1786 aliquis
142 1720 267 1770 secundirm
286 1720 425 1784 corporalem
441 1721 528 1770 motum
546 1718 688 1782 transgredi,
702 1733 732 1770 ex
746 1733 774 1771 eo
787 1720 847 1784 quod

43 1793 148 1857 graditm
162 1793 225 1844 trans
238 1793 359 1844 terminum
370 1791 414 1842 sibi
426 1790 555 1855 prefixum.
568 1789 688 1841 l'erminns
699 1795 775 1842 autem
789 1805 848 1856 pre·

43 1865 123 1929 figitur
139 1864 243 1928 homiui,
258 1867 284 1914 nt
294 1864 353 1915 uitri
367 1877 413 1914 nou
432 1866 533 1914 unumst
545 1863 570 1912 in
585 1863 723 1926 moralibus,
737 1877 848 1930 perpre-

44 1940 140 2001 mptum
160 1936 300 1999 negativum.
316 1936 374 2000 Ergo
394 1934 543 1999 transgressio
561 1934 651 2000 proprie
671 1934 753 1985 dicitnr
771 1949 800 1987 ex
820 1949 849 1986 eo

45 2009 107 2072 qudd
122 2007 207 2071 aliquis
221 2008 268 2071 agit
281 2008 366 2072 aliquid
380 2010 459 2058 contra
474 2011 614 2070 preceptum
627 2006 767 2069 negativum.
784 2009 848 2067 Quod

44 2082 138 2146 quidem
160 2081 307 2132 materialiter
319 2084 393 2146 potest
411 2093 462 2131 esse
477 2092 597 2130 commune
610 2079 716 2130 omnibus
731 2081 849 2144 speciebus

45 2156 203 2217 peccatorum,
213 2152 266 2216 quie
277 2165 319 2217 per
327 2153 451 2216 quamlibet
458 2151 558 2216 speeiem
566 2151 655 2216 peccati
669 2152 770 2202 mortalis
780 2152 849 2202 homo

44 2225 211 2288 transgreditur
228 2225 319 2289 aliquod
341 2228 479 2289 preceptum
499 2224 611 2274 diuinum.
626 2223 671 2273 Sed
689 2223 709 2274 si
727 2224 851 2290 accipiatur
881 2227 885 2236 '

47 2297 188 2359 formaliter,
203 2295 289 2348 scilicet
306 2296 433 2348 secunddm
448 2298 509 2346 hanc
518 2295 641 2360 specialem
657 2295 777 2353 rationem.
789 2297 850 2360 quod
894 2296 898 2304 “

49 2373 84 2422 est
101 2371 180 2420 iacere
192 2372 270 2420 contra
283 2374 421 2434 preceptum
432 2369 577 2433 negativum,
591 2369 625 2419 sic
634 2371 670 2418 est
684 2368 783 2432 speciale
796 2381 851 2432 pec·

48 2444 125 2492 catum
141 2440 281 2504 dupliciter:
296 2453 343 2492 uno
358 2441 448 2504 quidem
470 2440 551 2503 modo,
567 2438 691 2491 seeunddm
704 2439 765 2503 qndd
780 2452 852 2504 eppo

48 2513 109 2564 nitur
130 2513 159 2564 ad
182 2525 265 2576 genera
282 2511 425 2577 peccatorum
445 2513 548 2577 opposita
568 2511 620 2561 aliis
638 2511 774 2575 rimundus,
792 2514 853 2562 sicut

50 2585 111 2636 euim
127 2584 157 2634 ad
170 2584 282 2647 propriam
302 2584 412 2634 rationem
423 2583 518 2649 justitia
531 2582 611 2647 legalis
624 2581 722 2646 pertinet
735 2585 851 2633 attendere

50 2655 154 2706 debitum
169 2654 292 2720 precepti,
307 2655 341 2706 ita
358 2655 386 2704 ad
404 2654 519 2719 propriam
540 2654 650 2706 rationem
668 2654 853 2718 transgressionis

51 2803 140 2848 untdrn
154 2801 264 2850 moesta,
277 2801 316 2846 sed
336 2799 401 2848 Prot.
419 2801 528 2861 xxxvl,
545 2813 607 2848 vers.
628 2800 668 2859 nt,
683 2801 723 2846 utri
736 2800 850 2850 Doctior,

52 2867 91 2910 etsi
108 2864 235 2920 utrobique
250 2864 349 2914 inclausa
365 2862 448 2926 steret.
