1992 3317
309 200 342 237 nu
356 197 413 237 ursa
425 200 492 237 mum
506 199 615 241 umruru.
821 196 865 245 ιιι

350 302 515 391 rubemus
532 340 570 389 ιιι.

287 444 446 502 Utrdmstrlea
453 445 486 491 sit
494 458 545 491 unu
554 448 638 493 virtue.

83 557 117 607 dd
131 559 226 607 sextum
250 556 288 619 sie
301 554 433 619 proceditur
444 555 487 616 (1).
506 554 598 606 Videtur
614 556 674 621 qubd
697 572 744 609 ueu
767 561 796 611 sit
818 575 865 613 uua

54 628 119 679 biles.
135 627 199 677 sieut
210 625 277 678 euim
294 626 351 677 tides
364 630 400 676 est
412 626 498 677 denum
511 627 560 691 liei,
575 631 601 679 ut
614 627 695 680 dieitur
708 631 744 681 ad
761 634 863 697 mpure,

55 700 121 762 v,ita
133 699 205 749 etiam
216 698 331 762 sapientia
343 700 369 749 et
381 697 479 749 seientia
489 697 548 749 inl-er
562 700 621 750 dora
632 700 678 751 Dei
690 706 860 767 computantur,

51 776 76 820 ιιι
91 773 155 835 patet
169 772 233 829 deu,
247 769 287 819 Xl.
303 770 348 820 Sed
364 769 478 835 sapientia
491 772 515 819 et
528 770 622 821 seleutia
635 772 745 823 dilierunt
760 788 801 839 per
819 777 864 827 bec

49 842 111 906 qubd
127 840 241 905 sapientia
256 845 293 891 est
307 841 336 891 de
349 840 459 903 aeternis,
471 840 565 892 scientia
577 840 633 893 uerb
646 842 674 893 de
689 846 860 909 temporalibus,

51 918 78 964 ιιι
89 917 155 977 patet
171 926 213 976 per
228 911 385 975 Augustiuum
403 913 471 977 ltili,
484 914 521 963 De
536 914 628 963 Triuit.
642 916 710 978 (rap.
729 916 786 981 19).
802 918 861 969 Cium

52 998 110 1045 ergo
119 984 176 1034 tides
186 987 215 1033 sit
222 985 252 1034 de
262 982 367 1046 eternis,
378 987 401 1033 et
411 984 440 1033 de
450 983 583 1046 quibusdam
593 985 763 1051 temporalibus,
773 988 862 1039 uidetur

51 1056 114 1119 qubd
127 1068 173 1107 neu
190 1054 220 1105 sil
232 1067 282 1105 uua
296 1054 367 1116 fides,
382 1055 422 1105 sed
437 1054 591 1119 distinguatur
604 1054 629 1105 in
641 1059 728 1118 parles.

81 1134 105 1178 2,
119 1129 251 1188 rreum,
267 1125 386 1185 conluuio
398 1132 435 1176 esl
447 1130 512 1177 actus
526 1126 578 1177 lidei
585 1164 594 1190 ,
607 1130 633 1176 ut
643 1126 711 1191 suprlr
720 1126 804 1179 dietum
816 1135 860 1181 est,

47 1202 93 1253 Sed
108 1214 158 1251 neu
170 1202 208 1251 est
220 1211 270 1249 uma
283 1202 308 1249 et
321 1199 402 1249 eadem
417 1197 530 1249 mulemiu
544 1200 599 1251 ddei
620 1199 681 1264 apud
697 1212 791 1263 emnes3
808 1215 860 1251 uam

47 1273 108 1336 quud
121 1286 166 1323 uus
178 1270 319 1321 eonfitemur
327 1269 426 1331 laetum,
437 1270 526 1332 antiqui
536 1270 617 1321 Patres
628 1269 792 1337 confitebantur
802 1271 862 1323 lulu-

50 1358 114 1403 rum,
122 1347 149 1393 ut
162 1344 229 1406 patet
242 1342 305 1396 lea„
317 1340 359 1389 llll
377 1356 383 1389 :
397 1356 413 1387 u
427 1340 488 1389 Eece
502 1340 564 1402 uirgo
577 1340 700 1405 concipiet.
711 1358 725 1389 u
741 1342 802 1406 large
814 1356 861 1395 nou

56 1418 92 1463 est
102 1428 148 1465 urm
160 1414 229 1463 fides.

83 1489 106 1534 ³.
123 1486 252 1545 Praelerea,
265 1483 323 1533 lides
337 1484 373 1532 est
386 1482 518 1532 cummunis
531 1483 635 1535 omuibus
649 1483 753 1537 bdel'bus
767 1484 860 1537 Christi.

47 1558 90 1607 Sed
103 1570 175 1607 uuum
190 1556 303 1605 accidens
313 1566 362 1604 nun
373 1556 451 1617 potest
463 1566 513 1603 esse
526 1552 550 1602 iu
561 1553 657 1604 diversis
671 1554 787 1619 subjectis.
798 1557 859 1619 Ergo

46 1643 92 1679 uun
104 1632 184 1693 petest
199 1640 254 1679 esse
273 1638 320 1675 una
333 1625 392 1675 fides
405 1623 516 1675 emnium.

76 1702 122 1751 sed
134 1703 218 1750 eontra
227 1701 274 1760 est,
285 1698 346 1761 qued
358 1697 481 1760 Apostolus
494 1696 549 1747 dieil
559 1696 595 1745 ud
606 1698 706 1761 idpltes„
717 1697 746 1746 lll
761 1698 861 1748 :ulluus

45 1772 169 1833 Dominus,
184 1782 236 1821 und
249 1770 318 1821 fides.
330 1785 346 1816 ι)

77 1844 244 1907 (Cumausro.
253 1839 352 1891 -Cirm
362 1839 478 1904 abjectum
495 1840 549 1891 fidei
563 1840 593 1891 sit
606 1840 679 1905 prima
690 1840 787 1903 veritas,
804 1841 860 1893 fides

46 1913 177 1966 necessarie
198 1926 247 1963 una
265 1913 340 1962 virtus
356 1917 409 1975 est,
421 1926 473 1976 qum
491 1913 640 1965 nibilominus
655 1924 749 1963 numero
771 1913 859 1966 diuersa

46 1993 91 2050 est,
99 1987 126 2036 iu
138 1984 246 2036 diversis
259 1983 421 2045 bominibus.)

74 2058 217 2122 despondeo
236 2055 376 2117 dieeudum‚
396 2056 458 2120 qudd
475 2056 532 2107 tides
553 2056 573 2105 si
590 2059 691 2107 sumatur
704 2070 746 2121 pru
764 2058 857 2123 babitu,

47 2132 166 2196 dupliciter
179 2133 261 2194 petest
274 2126 416 2180 considerari
428 2144 436 2179 -:
452 2142 499 2180 uuu
510 2130 577 2181 modu
587 2168 593 2190 ,
604 2142 632 2181 ex
648 2134 712 2195 parte
720 2130 809 2195 ubjeuli
816 2168 824 2195 ,
835 2136 859 2183 et

48 2204 78 2252 sie
94 2206 133 2255 est
151 2214 201 2252 uua
221 2201 294 2264 tides,
309 2200 427 2264 objertum
449 2200 509 2251 erim
530 2199 625 2251 formale
644 2200 699 2253 fidei
718 2206 754 2253 est
775 2204 859 2253 ueritas

47 2276 126 2336 prima,
136 2274 179 2324 eui
188 2272 261 2323 etiam
270 2272 407 2323 inherendo
418 2273 530 2323 eredimus
539 2285 687 2337 quaecumque
695 2274 739 2324 sub
750 2272 793 2325 lide
803 2286 859 2325 euu-

49 2347 163 2404 liueutur3
175 2344 224 2395 aliu
237 2344 323 2403 mede,
337 2357 372 2394 ex-
386 2347 451 2407 parte
465 2344 576 2409 eubjeeti‚
590 2348 614 2395 et
626 2344 660 2395 sie
671 2344 727 2395 tides
747 2344 860 2395 diuereili·

49 2423 121 2481 ratur,
135 2416 267 2467 seeundum
280 2414 343 2478 quud
353 2418 389 2464 eet
402 2414 553 2465 diuersurum.
565 2415 710 2467 ldauiiestum
724 2419 759 2465 est
771 2418 857 2479 autern,

50 2490 107 2550 quud
122 2490 180 2539 tides
194 2486 259 2537 sieut
274 2490 301 2535 et
319 2485 418 2549 quilibet
436 2485 498 2536 alius
511 2486 601 2536 babitus
616 2500 644 2538 err
662 2486 753 2537 turmali
770 2487 858 2538 ratione

51 2560 134 2622 ubjemi
147 2560 220 2611 babet
235 2557 355 2621 speeiem,
369 2557 411 2607 sed
420 2569 452 2608 ex
463 2557 568 2621 subjecto
580 2557 734 2609 individualis
750 2572 755 2606 ι
768 2562 791 2609 el
806 2558 858 2610 ideo

53 2631 72 2677 si
85 2631 139 2682 lidus
152 2634 258 2681 sumatur
271 2642 314 2693 pre
336 2627 417 2679 babitu
430 2641 475 2691 que
488 2628 617 2690 eredimus,
634 2628 667 2679 sie
685 2629 740 2681 fides
764 2633 797 2681 est
811 2643 857 2681 una

85 2733 114 2794 (ll
127 2737 160 2782 Ite
176 2735 303 2781 bisetium
322 2734 347 2779 iu
358 2732 567 2792 111,ismt.,dlsl‚
585 2732 629 2793 23,
648 2731 689 2791 qiu.
710 2735 738 2793 2,
754 2740 798 2781 art
820 2734 851 2791 d,

54 2799 185 2851 quadriduo.
197 2799 225 2852 23
234 2803 262 2843 ut
272 2803 297 2843 et
305 2796 475 2854 mserum,
484 2796 537 2841 dist.
547 2795 560 2841 1
571 2829 576 2855 ,
589 2808 630 2852 qu.
643 2797 668 2855 Ξ,
681 2802 717 2842 art
734 2797 767 2854 d,
779 2808 854 2853 quars-

54 2860 122 2907 lim.
130 2860 160 2915 ⁵3
169 2867 195 2910 et
205 2874 247 2918 qu.
260 2859 339 2916 17,ᾱο
348 2858 429 2915 verit,
441 2864 486 2905 art.
496 2858 539 2911 125
550 2863 575 2903 et
585 2858 617 2903 ud
625 2860 705 2909 lium„
715 2860 747 2915 v,
759 2859 815 2903 leet.
826 2855 850 2910 5,

55 2922 99 2968 cel.
107 2922 135 2979 ις
146 2929 170 2971 et
182 2924 214 2970 11.
230 2922 265 2969 ud
277 2922 347 2973 Cor..
359 2923 404 2981 lv,
417 2922 473 2968 leet.
489 2920 516 2984 1,
531 2932 604 2980 prepu
614 2919 702 2965 llrreru.v
