1992 3317
145 150 161 197 2
293 158 366 199 rursu
381 157 508 212 samon,
526 156 619 205 ouusr.
636 156 690 210 cra,
707 156 762 199 aar.
780 155 798 198 r.

176 235 240 287 cirea
259 236 358 301 primum
372 238 505 303 quaeruntur
519 236 616 299 decem:
632 241 660 289 1ο
673 235 754 288 lltrlrm
770 236 855 301 absque
873 234 952 300 gralia

144 306 220 373 possit
229 309 297 360 bomo
305 308 397 375 aliquod
406 316 484 361 rmum
496 307 640 373 cognoscere.
649 312 677 360 2⁰
688 308 767 361 Ulrbtu
776 310 861 373 absque
871 310 951 373 gratia

144 378 188 430 bei
196 380 268 445 possit
277 382 344 433 bono
354 380 443 447 aliquod
454 382 538 432 bonum
546 382 621 433 lacere
632 382 670 433 rel
678 382 745 432 velle.
755 385 780 430 8⁰
789 379 868 431 Utrbm
876 381 951 432 bomo
986 432 989 452 ι

144 450 229 515 absque
247 453 321 515 gratia
340 450 412 517 possit
429 454 500 503 ileum
521 452 614 516 diligere
630 466 699 520 super
720 452 803 503 omnia
821 456 848 501 4⁰
864 451 951 503 baem

145 522 231 587 absque
244 524 317 587 gralia
334 524 407 589 possit
422 536 464 589 per
481 536 522 575 sua
535 523 647 576 nataralia
662 528 774 591 praeopta
789 521 848 587 legis
866 523 950 575 obser-

146 606 209 646 uare.
225 600 250 655 t?
265 595 343 647 iltrirm
357 594 441 661 absque
459 595 534 661 gratia
546 598 620 662 possit
636 596 719 655 mereri
736 597 807 651 utam
826 598 949 653 eleum

143 672 173 717 6⁰
187 667 266 717 Utrirm
281 670 349 719 homo
364 670 436 734 possit
449 682 474 720 se
488 670 517 719 ad
535 670 630 734 gratiam
650 682 776 735 preparare
795 669 844 719 sine
862 669 949 731 gratia.

144 744 173 789 7⁰
186 738 266 790 Utrim
281 740 364 805 absque
382 742 453 807 gratia
466 741 541 807 possit
553 753 669 804 resurgere
679 740 692 789 a
704 744 808 804 peccato.
824 743 850 789 8⁰
864 738 949 790 Utrbm

145 811 232 876 absque
247 811 318 893 gratia
337 812 411 876 possit
426 814 495 863 bomo
514 809 586 863 uitare
599 816 729 878 peccatam.
744 805 863 883 ”iliram
876 811 951 862 bomo
987 828 989 835 ·

143 881 241 947 gratiam
260 883 395 933 coinsecutus
413 882 485 947 possit
501 882 588 947 absque
602 882 647 933 alio
668 880 746 933 divino
762 878 845 931 auxilio
859 880 951 931 bouum
987 888 989 897 '

143 954 220 1005 lacere
239 956 263 1005 et
278 953 349 1005 vitare
367 958 492 1019 peccatum.
512 958 555 1004 10⁰
571 953 650 1004 Uirium
665 952 738 1017 possit
756 963 903 1017 perseverare
921 953 950 1004 iu

144 1024 205 1079 bono
218 1038 258 1093 par
267 1027 376 1092 seipsum.

447 1144 610 1199 nuurcbuus
621 1145 640 1197 1.

177 1264 262 1310 lltrbnr
273 1264 341 1311 bomo
348 1237 399 1311 sine
408 1264 489 1323 motio
499 1262 597 1339 aliquast
605 1275 690 1311 aarum
696 1262 920 1323 wermerepossa‘t.

179 1384 213 1434 nb
229 1384 328 1449 primum
341 1386 375 1443 sie
392 1384 532 1449 proceditur.
545 1383 639 1456 libetur
649 1382 709 1450 qubd
723 1384 792 1434 bomo
810 1383 859 1433 sine
873 1382 951 1446 gratia
987 1404 989 1425 =

146 1456 235 1507 nullum
256 1470 335 1507 uerum
355 1470 490 1521 cognoscere
508 1456 589 1521 possit.
607 1453 665 1515 Quia
683 1470 752 1521 super
768 1455 824 1506 illud
838 1455 857 1505 l.
874 1455 949 1515 Corn,

146 1526 206 1577 llll:
226 1528 324 1579 «Nemo
341 1532 417 1593 potest
430 1529 520 1591 dicere,
537 1528 646 1585 Dominus
658 1529 744 1589 lesus,
761 1526 807 1577 nisi
819 1526 844 1577 in
858 1525 951 1591 Spiritu

148 1603 241 1664 sancto,
252 1616 266 1649 n
277 1600 333 1651 dicit
342 1600 422 1651 Glossa
438 1600 551 1652 Ambrosii
567 1615 599 1651 :a
608 1601 680 1651 Omne
690 1612 769 1651 rerum
783 1598 797 1648 i
811 1611 952 1662 quocunque

148 1668 248 1735 dicatur,
266 1670 280 1721 a
297 1671 383 1735 Spiritu
401 1675 478 1727 sancte
499 1676 543 1726 est
555 1689 570 1721 a
584 1672 631 1727 sei
644 1672 741 1737 Spiritus
755 1673 847 1722 sauctus
858 1670 951 1722 habitat
987 1682 989 1691 ²

144 1743 170 1794 in
181 1743 247 1793 nobis
259 1756 299 1807 per
308 1744 412 1807 gratiam.
423 1742 483 1808 Ergo
492 1744 612 1796 rerimtem
622 1754 759 1807 cognoscere
768 1756 815 1795 non
824 1755 951 1807 possumus
987 1808 989 1855 Ι

146 1815 196 1867 sine
211 1814 289 1879 graba
987 1858 989 1871 ,

179 1890 202 1936 2.
218 1886 338 1950 praterea,
353 1888 493 1953 Augustinus
506 1888 594 1954 dicitin
604 1890 623 1939 l.
635 1888 739 1953 Sottloq.
753 1890 817 1952 (cap.
832 1890 872 1950 6),
886 1888 951 1951 qubd
987 1880 989 1957 l

147 1976 165 2009 n
178 1958 348 2023 disciplinarum
362 1961 489 2012 certissime
502 1962 557 2012 talia
571 1964 639 2025 sunt,
654 1961 731 2024 qualia
748 1960 787 2010 illa
806 1958 883 2023 quaelr
901 1961 951 2012 sole
987 1960 989 2039 j

77 2054 80 2067 ι
145 2030 301 2094 illustrantur,
313 2036 339 2081 ut
353 2031 425 2083 rideri
442 2034 613 2097 possiutzilaus
628 2036 702 2083 autem
716 2031 767 2096 ipse
782 2032 870 2095 estqui
883 2030 952 2083 illus-

146 2105 201 2153 trat.
212 2102 278 2153 ilatio
290 2107 366 2154 autem
374 2105 407 2155 ita
418 2108 453 2155 est
464 2105 488 2154 in
497 2104 611 2155 mentibus
616 2142 625 2169 ,
636 2109 661 2154 ut
670 2105 695 2154 in
702 2103 776 2154 oculis
785 2107 821 2154 est
830 2108 949 2170 aspectus3
987 2108 989 2111 '

146 2170 231 2225 mentis
241 2178 316 2225 autem
327 2176 387 2225 oculi
401 2179 453 2248 saut
465 2187 547 2229 seusam
565 2175 656 2238 aalma.
666 2192 681 2223 n
692 2174 736 2226 Sed
746 2177 950 2240 sensuseorporis‚

149 2248 356 2310 quantumcumque
368 2246 398 2296 sit
413 2260 498 2311 purus,
510 2260 557 2297 non
571 2250 648 2312 potest
661 2246 753 2310 aliquod
766 2245 858 2309 risibile
871 2246 952 2303 ridere
987 2262 989 2267 ·

148 2313 198 2367 sirie
209 2310 273 2368 'solis
288 2318 455 2371 illustrationes
464 2320 523 2383 Ergo
538 2316 641 2369 bumaria·
653 2311 952 2383 mens,‘'qn'antimcuuque
987 2322 989 2327 '

147 2388 179 2440 sit
201 2385 321 2455 perlecta,¹
336 2396 388 2441 non*
402 2393 477 2455 potest
491 2390 660 2441 ratiocinando·
674 2384 953 2451 benitaterr'i‘cognoscere

148 2461 232 2531 absqpe
245 2462 394 2523 illustratione
403 2465 481 2515 diviua
489 2466 578 2528 quarab
589 2462 697 2516 auxilium
706 2461 901 2531 graliaperlinet

147 2538 152 2545 ‘
178 2534 202 2583 b.
219 2534 343 2599 Praeterea,
354 2536 454 2587 bumana
465 2550 532 2587 mens
544 2549 590 2587 nou
605 2537 682 2599 potest
692 2532 812 2599 veritatem
825 2531 953 2597 intelligere

146 2604 192 2657 uisi
212 2596 343 2675 cogitando,
363 2610 388 2659 ut
407 2612 470 2675 patet
489 2623 531 2673 per
551 2608 717 2671 Augustinun'r,
738 2599 798 2668 xlv.
819 2604 857 2658 De
879 2604 952 2656 Traia.
987 2647 989 2650 .

148 2676 218 2743 (cap.
237 2679 280 2743 l).
295 2680 339 2730 Sed
354 2682 475 2745 Apostolus
491 2679 559 2744 dicit,
567 2676 597 2756 ll.
608 2679 644 2731 od
654 2678 726 2744 Con,
738 2676 785 2736 111:
802 2694 818 2733 n
824 2676 876 2729 Nou
887 2676 954 2738 soffi-
987 2739 989 2746 Ι

145 2750 230 2816 mentes
238 2764 319 2822 ,sumus
333 2752 417 2819 aliquid
428 2753 532 2817 cogitare
545 2750 647 2815 huobis,
661 2749 726 2816 qnasi
737 2753 769 2815 ex'
779 2749 854 2823 uobis.
865 2764 879 2796 rr
890 2749 954 2814 Ergo

144 2823 213 2947 Ιιοωῖο
224 2812 355 2893 noia‘p'otest
363 2828 501 2899 cognoscere
514 2824 633 2891 renmtgrp
640 2821 854 2902 peraeipaumusiue
866 2821 953 2899 agnitio

145 2901 243 2961 gater
433 2902 435 2907 ’
516 2898 519 2906 ’
586 2898 590 2912 ’
653 2896 656 2903 ’
811 2896 815 2900 ’

794 3036 828 3077 oli
