1992 3317
123 163 169 215 tls
231 169 338 213 emmor
353 168 481 222 mennon,
495 166 587 217 pum.
601 167 690 220 mvn,
705 165 762 210 nur.
780 168 815 210 rv.

122 254 173 305 Non
186 251 222 304 cst
235 262 290 314 ergo
308 251 385 301 contre
400 247 514 301 mliorem
526 249 579 300 vitii
597 247 714 314 capitulis,
728 248 792 313 qnid
803 248 884 312 iprum
896 263 925 302 ex

122 323 168 375 olio
176 321 271 386 oriatur,
280 321 320 372 sed
328 320 388 384 quod
400 334 446 372 non
455 320 540 372 hebed
548 321 646 384 adquam
656 319 807 385 principalem
815 320 925 372 rationem

120 391 407 460 producendiexsemuitn
417 391 927 457 ponerapecmtcmn.icrtctrumprcpcer
985 400 986 403 ’

122 467 167 516 hoc
181 464 241 528 quod
255 461 341 512 invidie
356 463 478 512 manifeste
498 475 528 512 cx
542 462 605 513 inani
615 461 686 524 gloria
700 460 813 522 norom,
828 477 876 513 non
887 477 928 527 po

122 535 185 586 nitur
197 534 278 583 vilium
298 531 537 597 sapientemquod
555 533 642 583 Isidoro
652 532 676 581 in
692 532 750 582 libro
764 534 801 582 De
819 536 927 584 Summo

123 606 192 661 dono,
204 603 415 668 nequencnesiunc
424 603 449 654 in
460 603 518 654 libro
528 605 565 654 Dc
573 604 736 653 Institutione
743 605 926 655 coecobiorom.

155 675 189 726 nd
203 676 327 726 secundom
347 673 484 738 dicendum,
499 675 560 740 codd
572 689 602 726 ox
615 675 693 725 veritis
705 673 753 724 illis
768 688 817 724 non
832 677 929 727 hnbemr

124 747 184 811 qudd
194 745 281 797 invidia
295 747 326 796 eil
340 747 463 796 maximum
476 751 635 812 peccalorum
645 746 687 796 ced
696 745 757 808 quid
771 749 865 810 mundo
877 749 929 799 die-

124 818 189 868 tolus
201 817 310 868 invidiam
326 818 437 882 suggerit,
457 819 484 868 ad
503 819 548 868 hoc
560 817 676 868 hominem
692 817 781 866 inducit
794 820 857 880 quod
876 819 929 884 ipse

123 889 278 954 principaliter
287 888 313 940 in
324 891 388 940 cocle
399 889 478 953 nrbel3
486 889 540 952 quia
549 889 607 940 dccc
617 888 651 938 ibi
660 888 928 954 diciturconscannler‚

127 961 236 1012 «invidio
245 961 328 1012 diaboli
339 973 398 1011 mors
408 960 512 1010 introivit
522 960 631 1011 inorlvem
642 962 761 1011 terrarum.
772 976 786 1007 v
796 960 839 1011 list
851 965 931 1012 minen
986 986 987 1019 r

124 1033 227 1097 orvedum
238 1033 324 1084 invidia
338 1045 388 1097 que
401 1032 461 1082 inter
472 1026 605 1095 purissime
616 1034 708 1095 pecrntn
718 1035 875 1095 computatur,
887 1034 931 1084 sd·

126 1105 179 1155 licet
191 1104 316 1156 invidentia
333 1105 436 1154 iraterne
450 1102 542 1167 gratim,
552 1101 676 1153 secundum
692 1103 754 1167 quod
765 1102 853 1166 aliquis
866 1105 933 1154 dolet

125 1179 154 1226 de
168 1177 218 1241 ipsc
234 1179 355 1238 augmento
374 1174 451 1238 gratio
470 1174 524 1236 liei,
538 1187 585 1224 nou
605 1173 678 1224 solirur
691 1174 720 1224 de
739 1175 801 1224 bono
817 1177 931 1239 proximi.

126 1247 189 1297 Unde
200 1246 294 1310 ponitur
310 1249 426 1309 peccatum
442 1245 467 1295 in
480 1246 590 1310 Spiritum
608 1249 727 1308 unctum
743 1245 798 1308 quir
811 1259 855 1310 per
870 1249 949 1298 nanc.

125 1317 272 1367 invidentiam
285 1315 354 1366 homo
369 1317 534 1381 quodammodo
541 1315 630 1367 invidet
643 1316 737 1381 Spiritui
750 1320 842 1380 eructo,
855 1320 898 1383 qui
908 1321 932 1370 in

127 1387 176 1437 suis
188 1386 294 1451 operibus
312 1387 457 1450 glorificatur.

158 1460 192 1509 ld
208 1459 300 1510 tertium
314 1459 448 1520 dicendum,
463 1459 525 1523 quiid
547 1473 657 1511 numems
674 1460 771 1510 tilirmm
784 1460 882 1513 invidie
900 1463 933 1513 sic

126 1533 203 1596 potest
216 1530 274 1582 sunni
283 1547 288 1580 :
298 1531 352 1595 quin
365 1530 482 1582 incenato
495 1530 589 1582 invidie
601 1535 637 1582 est
646 1531 731 1595 aliquid
741 1535 854 1595 unquam
867 1535 933 1598 prin·

127 1603 212 1668 cipiom
219 1640 228 1667 ‚
242 1607 265 1654 el
275 1601 358 1666 aliquid
374 1607 481 1666 unquam
496 1602 609 1666 modium,
624 1607 647 1654 et
657 1603 743 1666 adquiri
756 1607 870 1666 unquam
884 1610 932 1655 ter·
985 1640 986 1645 κ

128 1675 210 1726 minus.
227 1675 364 1740 Principium
384 1674 473 1738 quidem
492 1678 542 1735 est,
562 1677 587 1722 ut
602 1673 683 1738 eliquit
702 1673 815 1724 diminuat
835 1676 933 1738 gloriam

127 1748 229 1812 dorius,
246 1749 282 1798 vel
296 1745 437 1804 inocculto,
452 1749 475 1795 et
485 1747 519 1796 sic
530 1749 565 1796 est
577 1746 736 1802 susurratio,
745 1746 784 1795 vel
797 1747 933 1805 manifeste,
985 1778 986 1817 p

127 1823 151 1870 el
167 1819 200 1870 sic
213 1823 249 1870 est
266 1818 396 1868 detractio.
413 1816 510 1867 Medium
526 1820 603 1868 aulem
617 1821 668 1878 est,
683 1817 737 1880 quia
754 1817 841 1880 aliquit
857 1819 934 1868 inlen-

128 1889 184 1940 dens
197 1891 323 1940 diminuere
336 1887 429 1952 gloriam
445 1887 553 1949 alterius,
566 1900 604 1938 out
615 1891 709 1952 polest,
724 1891 748 1937 el
759 1888 794 1938 sic
806 1893 844 1939 cst
856 1891 935 1941 ecul-

128 1962 195 2010 tctto
209 1962 235 2008 in
254 1960 385 2020 adversis,
400 1961 438 2008 aot
456 1963 607 2022 conpotem,
625 1964 650 2009 et
666 1958 699 2009 sic
718 1963 754 2010 eet
770 1959 888 2022 afflictio
908 1962 935 2010 r'rr

127 2033 264 2096 prosperis.
274 2031 394 2082 Terminus
405 2034 481 2082 aulem
491 2031 560 2081 estin
570 2032 621 2094 ipso
630 2029 698 2093 odio,
708 2029 761 2094 quie
770 2031 831 2080 sicut
844 2032 933 2085 Mnum

127 2102 242 2152 delectans
255 2106 333 2152 causet
346 2115 459 2163 amorem,
474 2101 507 2152 ita
523 2101 614 2152 tristitie
627 2106 705 2152 musal
717 2101 803 2162 odium,
818 2107 845 2152 ut
862 2104 934 2168 sopri

128 2172 262 2222 dictumest
280 2173 380 2238 (quest.
397 2177 436 2237 lt,
451 2177 494 2222 orl.
513 2173 554 2236 6).
571 2173 668 2223 dilictio
681 2176 758 2223 autem
768 2172 794 2222 iu
811 2175 933 2239 prosperis

128 2243 238 2308 proximi,
255 2258 299 2294 ono
317 2245 383 2295 modo
397 2248 432 2295 est
450 2245 501 2310 ipsa
512 2244 609 2306 invidie,
624 2244 649 2294 in
665 2247 774 2307 qnantum
789 2245 879 2295 scilicet
891 2246 934 2295 ali·
985 2235 987 2278 Ι

128 2315 181 2379 quis
198 2315 300 2365 tristetur
318 2315 346 2366 do
362 2317 477 2380 prosperis
497 2315 610 2380 alicujus,
624 2315 751 2366 secundini
768 2317 829 2379 quod
846 2318 934 2368 habent
984 2330 985 2339 ¹

128 2385 223 2451 glorium
237 2387 372 2450 quemdem
383 2386 428 2437 elio
438 2401 494 2438 vero
505 2387 572 2438 modo
582 2391 618 2437 est
627 2386 673 2436 lilia
685 2385 776 2436 invidie
787 2425 794 2447 ,
806 2386 933 2438 secundino

129 2457 189 2522 quid
207 2471 316 2522 prospera
332 2459 430 2522 proximi
449 2459 559 2510 eveniunt
571 2463 650 2512 contro
671 2461 777 2509 coortum
791 2457 932 2520 invidentis,

128 2529 168 2594 qui
181 2529 261 2580 nititur
274 2530 392 2595 impedire.
409 2529 524 2581 Exultatio
535 2534 611 2581 autem
625 2530 649 2580 ic
663 2529 766 2580 adversis
783 2542 829 2580 non
843 2534 879 2580 est
891 2531 932 2580 di·
984 2524 985 2547 ³

128 2600 191 2652 recti
199 2601 259 2653 idem
271 2604 331 2666 qnod
345 2601 448 2662 invidia,
461 2603 502 2666 sed
514 2615 545 2652 cx
555 2614 583 2652 ea
593 2602 711 2666 sequitur3
729 2614 780 2650 nam
793 2611 822 2652 ex
836 2601 930 2652 tristitia

129 2673 158 2724 de
171 2673 232 2724 bono
244 2673 351 2738 proximi,
363 2687 414 2738 quo
429 2675 467 2724 est
476 2672 571 2735 inridit,
583 2672 685 2736 seqnitur
700 2673 810 2724 exultatio
821 2673 851 2724 do
868 2673 927 2724 melo

128 2742 231 2807 ejusdem
242 2745 287 2808 (l).

164 2893 195 2958 (l)
210 2897 262 2944 Nou
271 2893 332 2954 quor
345 2895 420 2943 omnir
434 2895 545 2942 exultatio
557 2893 588 2941 ilc
596 2895 657 2942 melo
668 2896 720 2953 clus
733 2910 763 2944 cr
771 2898 860 2946 invidio
872 2910 924 2958 pro-
984 2898 986 2945 Ι
