1992 3317
253 97 283 136 DE
298 95 444 136 ACGEFTIONE
459 95 624 136 PEBSONARUU·
791 87 835 132 863

337 283 501 334 tunicatus
514 283 541 332 ll.

103 405 182 450 Utrum
196 405 223 450 in
239 406 409 462 dispensatione
426 408 592 462 spiritualium
608 409 686 454 locum
700 391 786 454 lauteni

301 481 457 526 personarum
466 471 577 526 acceptio.

77 595 110 645 ad
128 594 250 644 meandum
263 595 296 644 sic
311 594 446 660 proceditur.
454 593 548 645 Videtur
558 596 618 660 quod
629 597 653 646 in
671 598 840 663 dispensatione

51 665 193 730 spiritualium
204 666 278 716 locum
290 679 337 717 uon
355 667 439 718 habeat
453 679 599 732 personarum
610 669 721 732 acceptio.
733 671 839 721 conterre

49 739 106 788 enim
123 737 251 800 dignitatem
261 738 440 800 ¹ecclesiasticam
458 747 498 790 seu
514 740 650 790 beneficium
669 741 736 791 alicui
750 747 842 806 propter

49 807 276 873 consanguinitatem,
291 811 381 860 uidetur
396 812 423 862 ud
443 811 599 875 acceptionem
611 825 757 875 personamm
769 815 841 876 pecti-

49 895 113 944 ners,
126 880 178 944 quia
196 881 380 944 consanguinitas
404 894 450 932 nou
470 886 507 932 est
529 895 598 932 causa
619 883 705 934 iaciens
723 886 840 936 hominum

48 953 135 1016 lignum
149 951 304 1002 ecclesiastico
317 952 436 1004 beneficio.
453 953 498 1003 Sed
510 955 553 1005 troc
566 967 612 1004 uon
629 954 776 1006 videturesse
787 970 839 1020 pec-

47 1028 128 1084 catum,
137 1021 189 1073 cunr
198 1024 242 1074 hoc
253 1036 282 1074 cx
290 1025 454 1074 cousuetudine
463 1024 551 1089 pruina
560 1025 665 1075 Ecclesia
676 1025 768 1076 iaciant.
779 1028 839 1088 Ergo

47 1097 158 1155 peccatum
176 1095 314 1158 acceptionis
330 1107 475 1159 personarum
492 1107 539 1146 uon
557 1096 645 1146 cicietur
666 1096 740 1146 locum
754 1098 838 1148 hahere

45 1165 64 1214 in
75 1166 244 1230 dispensatione
258 1167 418 1230 spiritualium.

73 1243 97 1286 2.
114 1239 235 1300 Praenrea,
248 1237 355 1302 praterre
368 1239 462 1289 divitem
476 1239 571 1304 pauperi
583 1239 672 1290 uidetur
688 1239 715 1289 ad
729 1240 840 1304 acceptio·

46 1324 93 1359 cern
110 1322 259 1377 personarum
271 1309 384 1374 pertinere
393 1347 400 1374 ‚
416 1315 440 1360 ut
451 1315 514 1375 patet
524 1313 590 1372 luc„
605 1313 625 1360 il
635 1311 678 1376 (l).
694 1312 739 1361 Sel
749 1311 839 1362 iacitiics

44 1381 185 1444 dispensatur
194 1394 246 1430 curn
261 1380 369 1432 divitibus
385 1384 408 1432 et
418 1383 562 1446 potentibus,
573 1382 632 1446 quirat
644 1383 668 1432 in
682 1383 753 1445 gradu
763 1383 840 1444 prohi-

43 1451 87 1502 icito
102 1453 237 1501 contrahant
250 1452 426 1514 matrimonium,
437 1453 504 1518 quim
520 1468 571 1503 cum
580 1453 638 1504 aliis.
650 1455 710 1516 Ergo
722 1457 839 1516 peceatum

42 1535 187 1583 personarum
198 1523 337 1588 acceptionis
347 1537 393 1576 uun
403 1523 491 1574 videtur
501 1525 575 1575 loccuu
586 1524 668 1574 habere
679 1525 739 1574 circa
750 1524 840 1587 dispen-

42 1595 151 1644 sationem
164 1593 324 1658 spiritualium.

71 1670 94 1714 ³.
108 1667 239 1728 Praeterea,
253 1665 375 1716 secundum
389 1667 440 1730 jura
450 1665 482 1730 (a)
493 1665 578 1716 sufficit
592 1665 676 1728 eligere
685 1665 780 1728 bouum,
794 1679 838 1716 nou

39 1740 113 1786 autem
137 1737 259 1800 requiritur
280 1736 339 1800 quod
361 1737 441 1802 aliquis
458 1736 525 1800 eligat
548 1736 673 1792 meliorem,
688 1737 732 1786 Sed
757 1736 840 1799 eligere

39 1807 114 1858 ninas
130 1808 215 1859 honum
227 1809 255 1858 ad
268 1808 354 1871 aliquid
368 1809 443 1872 altius,
454 1807 544 1859 cidetm
557 1808 586 1858 ad
597 1807 750 1872 acceptionem
760 1820 840 1871 perso-

39 1893 117 1928 unrum
132 1879 254 1942 pertinere.
272 1880 330 1943 Ergo
340 1893 487 1944 personarum
501 1879 602 1944 acceptio
616 1893 663 1930 non
676 1881 711 1929 est
724 1883 840 1942 peccatum

37 1949 58 2000 in
71 1950 239 2016 spiritualibus.

68 2026 91 2070 t.
104 2022 358 2085 Praeterea‚secuudt1m
370 2027 453 2074 statuta
463 2023 569 2074 Ecclesia
584 2023 747 2086 eligendusest
757 2021 840 2084 niquis

36 2095 61 2143 te
79 2093 169 2158 gremio
188 2094 305 2146 Ecclesia.
320 2094 366 2144 Sed
383 2095 427 2145 hoc
440 2095 531 2146 videtur
545 2092 574 2144 acl
594 2093 747 2157 acceptionem
760 2105 841 2157 perso·
891 2101 894 2108 '

36 2179 116 2215 narum
133 2167 265 2230 pertinere,
281 2164 333 2228 quia
347 2167 480 2230 quaudoque
494 2165 666 2216 sufficientiores
679 2164 733 2214 alihi
750 2165 841 2214 inueni-

34 2241 122 2288 rentur.
138 2239 200 2301 Ergo
213 2250 359 2302 personarum
377 2239 478 2302 acceptio
493 2251 540 2288 nou
559 2241 596 2287 est
609 2239 728 2300 paccatum
738 2237 763 2286 iu
773 2237 842 2300 spici·

34 2308 144 2360 tualibus.

63 2381 111 2432 Sed
120 2385 204 2432 contra
213 2383 257 2443 est,
265 2379 326 2444 quod
336 2379 416 2432 dicitur
426 2381 489 2448 Joc„
499 2381 535 2432 ll:
547 2380 644 2432 «Nolite
654 2380 680 2429 iu
690 2391 839 2445 personarum

63 2499 96 2561 (l)
113 2499 164 2547 Ubi
175 2501 259 2546 dicitur
269 2500 372 2556 acceptio
390 2511 540 2556 personarum
551 2500 571 2545 ei
580 2499 632 2556 quis
641 2499 734 2545 diuitem
745 2501 770 2544 iu
786 2497 840 2544 icle-

37 2565 85 2607 inm
105 2571 172 2609 eoetu
187 2564 287 2620 excipiat
303 2561 442 2620 honorilice,
453 2573 624 2620 pauperemque
637 2569 778 2608 contemnat.

61 2635 94 2694 (2)
111 2637 217 2680 Notatur
227 2635 250 2678 in
261 2634 339 2679 ludica
352 2633 530 2682 Decretols'um,
541 2639 566 2677 ut
576 2645 604 2678 eu
616 2645 669 2688 cap.
685 2633 745 2678 Cium
761 2633 838 2677 ditec-

34 2703 77 2746 με,
93 2699 133 2742 tit.
150 2697 186 2742 De
204 2693 328 2745 eloctione,
339 2695 379 2740 scu
393 2709 439 2740 non
453 2697 510 2740 satis
523 2695 631 2752 expressa
644 2696 768 2752 colligitur3
785 2694 839 2738 cum

34 2763 54 2804 cb
72 2761 222 2806 Innocentio
237 2761 271 2804 111
283 2758 418 2804 confirmatu
437 2759 536 2802 retertur
553 2758 635 2804 electio
651 2759 772 2812 cujusnam
790 2768 838 2814 quo

34 2823 172 2870 icebantur
186 2835 239 2869 esse
252 2822 291 2868 alii
303 2822 431 2880 digniores,
447 2833 494 2869 uou
502 2826 580 2870 tumen
589 2821 756 2880 protrahantur.
