<?xml version="1.0" encoding="UTF-8"?>
<!DOCTYPE html PUBLIC "-//W3C//DTD XHTML 1.0 Transitional//EN"
    "http://www.w3.org/TR/xhtml1/DTD/xhtml1-transitional.dtd">
<html xmlns="http://www.w3.org/1999/xhtml" xml:lang="en" lang="en">
 <head>
  <title>
</title>
<meta http-equiv="Content-Type" content="text/html;charset=utf-8" />
  <meta name='ocr-system' content='tesseract 3.04.00' />
  <meta name='ocr-capabilities' content='ocr_page ocr_carea ocr_par ocr_line ocrx_word'/>
</head>
<body>
  <div class='ocr_page' id='page_1' title='image "./summatheologica03nicogoog_0831.png"; bbox 0 0 1992 3317; ppageno 0'>
   <div class='ocr_carea' id='block_1_1' title="bbox 147 84 814 143">
    <p class='ocr_par' dir='ltr' id='par_1_1' title="bbox 147 84 814 143">
     <span class='ocr_line' id='line_1_1' title="bbox 147 84 814 143; baseline 0.001 -13"><span class='ocrx_word' id='word_1_1' title='bbox 147 84 192 132; x_wconf 79' lang='lat'><strong>⁸³⁰</strong></span> <span class='ocrx_word' id='word_1_2' title='bbox 271 91 379 134; x_wconf 73' lang='lat' dir='ltr'><strong>mourut</strong></span> <span class='ocrx_word' id='word_1_3' title='bbox 395 91 524 143; x_wconf 70' lang='lat' dir='ltr'><strong>mma,</strong></span> <span class='ocrx_word' id='word_1_4' title='bbox 539 91 634 138; x_wconf 72' lang='lat' dir='ltr'><strong>onam.</strong></span> <span class='ocrx_word' id='word_1_5' title='bbox 650 93 696 142; x_wconf 84' lang='lat' dir='ltr'><strong>nx,</strong></span> <span class='ocrx_word' id='word_1_6' title='bbox 711 91 768 131; x_wconf 78' lang='lat' dir='ltr'><strong>mr.</strong></span> <span class='ocrx_word' id='word_1_7' title='bbox 786 93 814 132; x_wconf 80' lang='lat' dir='ltr'><strong>r.</strong></span> 
     </span>
    </p>
   </div>
   <div class='ocr_carea' id='block_1_2' title="bbox 187 277 968 460">
    <p class='ocr_par' dir='ltr' id='par_1_2' title="bbox 187 277 968 460">
     <span class='ocr_line' id='line_1_2' title="bbox 437 277 642 328; baseline -0.005 0"><span class='ocrx_word' id='word_1_8' title='bbox 437 277 599 328; x_wconf 76' lang='lat' dir='ltr'><strong>namcbbbs</strong></span> <span class='ocrx_word' id='word_1_9' title='bbox 613 278 642 327; x_wconf 84' lang='lat' dir='ltr'><strong>V.</strong></span> 
     </span>
     <span class='ocr_line' id='line_1_3' title="bbox 187 366 968 460; baseline 0.003 -10"><span class='ocrx_word' id='word_1_10' title='bbox 187 405 271 450; x_wconf 72' lang='lat' dir='ltr'><strong>(lirim</strong></span> <span class='ocrx_word' id='word_1_11' title='bbox 279 404 312 449; x_wconf 78' lang='lat' dir='ltr'><strong>ait</strong></span> <span class='ocrx_word' id='word_1_12' title='bbox 318 415 410 460; x_wconf 73' lang='lat' dir='ltr'><strong>semper</strong></span> <span class='ocrx_word' id='word_1_13' title='bbox 418 403 549 450; x_wconf 72' lang='lat' dir='ltr'><strong>secundm</strong></span> <span class='ocrx_word' id='word_1_14' title='bbox 558 403 620 459; x_wconf 69' lang='lat' dir='ltr'><strong>leges</strong></span> <span class='ocrx_word' id='word_1_15' title='bbox 628 403 731 459; x_wconf 77' lang='lat' dir='ltr'><strong>scriptae</strong></span> <span class='ocrx_word' id='word_1_16' title='bbox 737 405 907 459; x_wconf 63' lang='lat' dir='ltr'><strong>judicandum.</strong></span> <span class='ocrx_word' id='word_1_17' title='bbox 966 366 968 373; x_wconf 37' lang='grc' dir='ltr'>Ι</span> 
     </span>
    </p>
   </div>
   <div class='ocr_carea' id='block_1_3' title="bbox 147 527 948 2668">
    <p class='ocr_par' dir='ltr' id='par_1_3' title="bbox 147 527 943 952">
     <span class='ocr_line' id='line_1_4' title="bbox 181 527 942 597; baseline 0.003 -16"><span class='ocrx_word' id='word_1_18' title='bbox 181 531 213 581; x_wconf 82' lang='lat' dir='ltr'><strong>ad</strong></span> <span class='ocrx_word' id='word_1_19' title='bbox 227 529 330 594; x_wconf 85' lang='lat' dir='ltr'><strong>quintum</strong></span> <span class='ocrx_word' id='word_1_20' title='bbox 340 529 373 580; x_wconf 87' lang='lat' dir='ltr'><strong>sic</strong></span> <span class='ocrx_word' id='word_1_21' title='bbox 382 529 518 594; x_wconf 88' lang='lat' dir='ltr'><strong>proceditur.</strong></span> <span class='ocrx_word' id='word_1_22' title='bbox 525 528 618 579; x_wconf 82' lang='lat' dir='ltr'><strong>Videtur</strong></span> <span class='ocrx_word' id='word_1_23' title='bbox 629 527 692 592; x_wconf 85' lang='lat' dir='ltr'><strong>qudd</strong></span> <span class='ocrx_word' id='word_1_24' title='bbox 700 542 748 580; x_wconf 90' lang='lat' dir='ltr'><strong>non</strong></span> <span class='ocrx_word' id='word_1_25' title='bbox 762 531 794 580; x_wconf 81' lang='lat' dir='ltr'><strong>sit</strong></span> <span class='ocrx_word' id='word_1_26' title='bbox 808 545 901 597; x_wconf 85' lang='lat' dir='ltr'><strong>semper</strong></span> <span class='ocrx_word' id='word_1_27' title='bbox 912 547 942 583; x_wconf 83' lang='lat' dir='ltr'><strong>se-</strong></span> 
     </span>
     <span class='ocr_line' id='line_1_5' title="bbox 147 601 941 667; baseline 0 -13"><span class='ocrx_word' id='word_1_28' title='bbox 147 605 244 654; x_wconf 90' lang='lat' dir='ltr'><strong>cundum</strong></span> <span class='ocrx_word' id='word_1_29' title='bbox 259 603 323 666; x_wconf 83' lang='lat' dir='ltr'><strong>leges</strong></span> <span class='ocrx_word' id='word_1_30' title='bbox 344 601 439 666; x_wconf 85' lang='lat' dir='ltr'><strong>scriptas</strong></span> <span class='ocrx_word' id='word_1_31' title='bbox 452 601 611 667; x_wconf 83' lang='lat' dir='ltr'><strong>judicandum.</strong></span> <span class='ocrx_word' id='word_1_32' title='bbox 633 601 728 663; x_wconf 82' lang='lat' dir='ltr'><strong>Semper</strong></span> <span class='ocrx_word' id='word_1_33' title='bbox 747 603 811 654; x_wconf 84' lang='lat' dir='ltr'><strong>enim</strong></span> <span class='ocrx_word' id='word_1_34' title='bbox 830 604 941 656; x_wconf 82' lang='lat' dir='ltr'><strong>uitandum</strong></span> 
     </span>
     <span class='ocr_line' id='line_1_6' title="bbox 147 673 941 739; baseline 0.001 -15"><span class='ocrx_word' id='word_1_35' title='bbox 147 677 182 724; x_wconf 84' lang='lat' dir='ltr'><strong>est</strong></span> <span class='ocrx_word' id='word_1_36' title='bbox 197 673 306 737; x_wconf 81' lang='lat' dir='ltr'><strong>injustum</strong></span> <span class='ocrx_word' id='word_1_37' title='bbox 318 673 440 737; x_wconf 85' lang='lat' dir='ltr'><strong>judicium.</strong></span> <span class='ocrx_word' id='word_1_38' title='bbox 449 675 492 724; x_wconf 84' lang='lat' dir='ltr'><strong>Sed</strong></span> <span class='ocrx_word' id='word_1_39' title='bbox 504 673 639 736; x_wconf 82' lang='lat' dir='ltr'><strong>quandoque</strong></span> <span class='ocrx_word' id='word_1_40' title='bbox 648 673 713 737; x_wconf 80' lang='lat' dir='ltr'><strong>leges</strong></span> <span class='ocrx_word' id='word_1_41' title='bbox 726 675 818 739; x_wconf 76' lang='lat' dir='ltr'><strong>scriptae</strong></span> <span class='ocrx_word' id='word_1_42' title='bbox 830 678 941 728; x_wconf 70' lang='lat' dir='ltr'><strong>continent</strong></span> 
     </span>
     <span class='ocr_line' id='line_1_7' title="bbox 148 743 943 811; baseline 0.008 -19"><span class='ocrx_word' id='word_1_43' title='bbox 148 745 296 809; x_wconf 78' lang='lat' dir='ltr'><strong>injustitiam,</strong></span> <span class='ocrx_word' id='word_1_44' title='bbox 311 745 435 796; x_wconf 71' lang='lat' dir='ltr'><strong>mouendum</strong></span> <span class='ocrx_word' id='word_1_45' title='bbox 443 743 498 794; x_wconf 91' lang='lat' dir='ltr'><strong>illud</strong></span> <span class='ocrx_word' id='word_1_46' title='bbox 508 744 593 800; x_wconf 81' lang='lat' dir='ltr'><strong>ieoioe,</strong></span> <span class='ocrx_word' id='word_1_47' title='bbox 603 745 625 794; x_wconf 82' lang='lat' dir='ltr'>X</span> <span class='ocrx_word' id='word_1_48' title='bbox 635 760 641 794; x_wconf 92' lang='lat'><strong>:</strong></span> <span class='ocrx_word' id='word_1_49' title='bbox 651 745 712 795; x_wconf 75' lang='lat' dir='ltr'><strong>«tc</strong></span> <span class='ocrx_word' id='word_1_50' title='bbox 722 746 763 808; x_wconf 77' lang='lat' dir='ltr'><strong>oui</strong></span> <span class='ocrx_word' id='word_1_51' title='bbox 772 748 876 798; x_wconf 86' lang='lat' dir='ltr'><strong>condunt</strong></span> <span class='ocrx_word' id='word_1_52' title='bbox 887 751 943 811; x_wconf 77' lang='lat' dir='ltr'><strong>leges</strong></span> 
     </span>
     <span class='ocr_line' id='line_1_8' title="bbox 148 813 942 883; baseline 0 -17"><span class='ocrx_word' id='word_1_53' title='bbox 148 816 279 880; x_wconf 62' lang='lat' dir='ltr'><strong>intonasset</strong></span> <span class='ocrx_word' id='word_1_54' title='bbox 289 816 412 867; x_wconf 75' lang='lat' dir='ltr'><strong>scribentes</strong></span> <span class='ocrx_word' id='word_1_55' title='bbox 421 813 546 878; x_wconf 86' lang='lat' dir='ltr'><strong>injustitias</strong></span> <span class='ocrx_word' id='word_1_56' title='bbox 554 814 852 880; x_wconf 62' lang='lat' dir='ltr'><strong>salmunciagum</strong></span> <span class='ocrx_word' id='word_1_57' title='bbox 863 833 942 883; x_wconf 77' lang='lat' dir='ltr'><strong>semper</strong></span> 
     </span>
     <span class='ocr_line' id='line_1_9' title="bbox 149 887 680 952; baseline -0.004 -14"><span class='ocrx_word' id='word_1_58' title='bbox 149 891 185 938; x_wconf 85' lang='lat' dir='ltr'><strong>est</strong></span> <span class='ocrx_word' id='word_1_59' title='bbox 196 889 321 940; x_wconf 87' lang='lat' dir='ltr'><strong>secundum</strong></span> <span class='ocrx_word' id='word_1_60' title='bbox 335 888 397 950; x_wconf 86' lang='lat' dir='ltr'><strong>leges</strong></span> <span class='ocrx_word' id='word_1_61' title='bbox 410 888 507 952; x_wconf 86' lang='lat' dir='ltr'><strong>scriptas</strong></span> <span class='ocrx_word' id='word_1_62' title='bbox 521 887 680 951; x_wconf 84' lang='lat' dir='ltr'><strong>judicandum.</strong></span> 
     </span>
    </p>

    <p class='ocr_par' dir='ltr' id='par_1_4' title="bbox 150 939 943 1294">
     <span class='ocr_line' id='line_1_10' title="bbox 181 939 940 1028; baseline -0.003 -18"><span class='ocrx_word' id='word_1_63' title='bbox 181 965 205 1012; x_wconf 74' lang='lat'><strong>2.</strong></span> <span class='ocrx_word' id='word_1_64' title='bbox 216 939 335 1022; x_wconf 65' lang='grc' dir='ltr'>ῥεεῑεεεε,</span> <span class='ocrx_word' id='word_1_65' title='bbox 344 959 457 1028; x_wconf 83' lang='lat' dir='ltr'><strong>judicium</strong></span> <span class='ocrx_word' id='word_1_66' title='bbox 465 963 556 1022; x_wconf 83' lang='lat' dir='ltr'><strong>oportet</strong></span> <span class='ocrx_word' id='word_1_67' title='bbox 563 971 614 1008; x_wconf 86' lang='lat' dir='ltr'><strong>esse</strong></span> <span class='ocrx_word' id='word_1_68' title='bbox 623 959 651 1008; x_wconf 88' lang='lat' dir='ltr'><strong>dc</strong></span> <span class='ocrx_word' id='word_1_69' title='bbox 659 959 812 1022; x_wconf 77' lang='lat' dir='ltr'><strong>singularibus</strong></span> <span class='ocrx_word' id='word_1_70' title='bbox 819 963 940 1012; x_wconf 78' lang='lat' dir='ltr'><strong>eventibus.</strong></span> 
     </span>
     <span class='ocr_line' id='line_1_11' title="bbox 150 1028 942 1094; baseline 0 -15"><span class='ocrx_word' id='word_1_71' title='bbox 150 1030 194 1081; x_wconf 90' lang='lat' dir='ltr'><strong>Sed</strong></span> <span class='ocrx_word' id='word_1_72' title='bbox 209 1031 270 1080; x_wconf 88' lang='lat' dir='ltr'><strong>nulla</strong></span> <span class='ocrx_word' id='word_1_73' title='bbox 286 1031 323 1080; x_wconf 82' lang='lat' dir='ltr'><strong>lex</strong></span> <span class='ocrx_word' id='word_1_74' title='bbox 340 1028 425 1094; x_wconf 86' lang='lat' dir='ltr'><strong>scripta</strong></span> <span class='ocrx_word' id='word_1_75' title='bbox 443 1033 520 1092; x_wconf 86' lang='lat' dir='ltr'><strong>potest</strong></span> <span class='ocrx_word' id='word_1_76' title='bbox 535 1041 615 1079; x_wconf 87' lang='lat' dir='ltr'><strong>omues</strong></span> <span class='ocrx_word' id='word_1_77' title='bbox 631 1028 757 1092; x_wconf 78' lang='lat' dir='ltr'><strong>singulares</strong></span> <span class='ocrx_word' id='word_1_78' title='bbox 774 1035 874 1082; x_wconf 83' lang='lat' dir='ltr'><strong>eventus</strong></span> <span class='ocrx_word' id='word_1_79' title='bbox 892 1045 942 1082; x_wconf 87' lang='lat' dir='ltr'><strong>com-</strong></span> 
     </span>
     <span class='ocr_line' id='line_1_12' title="bbox 150 1099 942 1166; baseline -0.005 -14"><span class='ocrx_word' id='word_1_80' title='bbox 150 1104 290 1166; x_wconf 85' lang='lat' dir='ltr'><strong>prehendere</strong></span> <span class='ocrx_word' id='word_1_81' title='bbox 300 1139 307 1165; x_wconf 90' lang='lat'>,</span> <span class='ocrx_word' id='word_1_82' title='bbox 319 1104 344 1150; x_wconf 88' lang='lat' dir='ltr'><strong>ut</strong></span> <span class='ocrx_word' id='word_1_83' title='bbox 358 1105 419 1165; x_wconf 88' lang='lat' dir='ltr'><strong>patet</strong></span> <span class='ocrx_word' id='word_1_84' title='bbox 430 1114 469 1166; x_wconf 87' lang='lat' dir='ltr'><strong>per</strong></span> <span class='ocrx_word' id='word_1_85' title='bbox 485 1099 652 1163; x_wconf 81' lang='lat' dir='ltr'><strong>Philosophum</strong></span> <span class='ocrx_word' id='word_1_86' title='bbox 663 1099 719 1148; x_wconf 85' lang='lat' dir='ltr'><strong>inV</strong></span> <span class='ocrx_word' id='word_1_87' title='bbox 734 1102 816 1151; x_wconf 77' lang='lat' dir='ltr'><strong>Eibie.</strong></span> <span class='ocrx_word' id='word_1_88' title='bbox 833 1103 881 1166; x_wconf 73' lang='lat' dir='ltr'><strong>(i).</strong></span> <span class='ocrx_word' id='word_1_89' title='bbox 893 1105 942 1164; x_wconf 76' lang='lat' dir='ltr'><strong>Ergo</strong></span> 
     </span>
     <span class='ocr_line' id='line_1_13' title="bbox 152 1171 943 1238; baseline 0 -16"><span class='ocrx_word' id='word_1_90' title='bbox 152 1173 240 1224; x_wconf 86' lang='lat' dir='ltr'><strong>videtur</strong></span> <span class='ocrx_word' id='word_1_91' title='bbox 250 1171 310 1238; x_wconf 85' lang='lat' dir='ltr'><strong>qubd</strong></span> <span class='ocrx_word' id='word_1_92' title='bbox 327 1187 373 1223; x_wconf 90' lang='lat' dir='ltr'><strong>non</strong></span> <span class='ocrx_word' id='word_1_93' title='bbox 390 1186 480 1237; x_wconf 86' lang='lat' dir='ltr'><strong>semper</strong></span> <span class='ocrx_word' id='word_1_94' title='bbox 501 1173 626 1223; x_wconf 85' lang='lat' dir='ltr'><strong>secundum</strong></span> <span class='ocrx_word' id='word_1_95' title='bbox 646 1172 711 1234; x_wconf 88' lang='lat' dir='ltr'><strong>leges</strong></span> <span class='ocrx_word' id='word_1_96' title='bbox 728 1171 829 1236; x_wconf 86' lang='lat' dir='ltr'><strong>scriptas</strong></span> <span class='ocrx_word' id='word_1_97' title='bbox 848 1175 880 1225; x_wconf 86' lang='lat' dir='ltr'><strong>sit</strong></span> <span class='ocrx_word' id='word_1_98' title='bbox 892 1175 943 1238; x_wconf 82' lang='lat' dir='ltr'><strong>jud-</strong></span> 
     </span>
     <span class='ocr_line' id='line_1_14' title="bbox 151 1245 254 1294; baseline -0.01 0"><span class='ocrx_word' id='word_1_99' title='bbox 151 1245 254 1294; x_wconf 87' lang='lat' dir='ltr'><strong>candum.</strong></span> 
     </span>
    </p>

    <p class='ocr_par' dir='ltr' id='par_1_5' title="bbox 150 1315 944 1598">
     <span class='ocr_line' id='line_1_15' title="bbox 183 1315 943 1380; baseline 0.001 -15"><span class='ocrx_word' id='word_1_100' title='bbox 183 1321 205 1365; x_wconf 79' lang='lat' dir='ltr'><strong>a.</strong></span> <span class='ocrx_word' id='word_1_101' title='bbox 226 1317 338 1367; x_wconf 81' lang='lat' dir='ltr'><strong>Preterea</strong></span> <span class='ocrx_word' id='word_1_102' title='bbox 345 1353 354 1379; x_wconf 92' lang='lat'><strong><em>,</em></strong></span> <span class='ocrx_word' id='word_1_103' title='bbox 372 1315 410 1366; x_wconf 82' lang='lat' dir='ltr'><strong>lex</strong></span> <span class='ocrx_word' id='word_1_104' title='bbox 425 1316 454 1366; x_wconf 89' lang='lat' dir='ltr'><strong>ad</strong></span> <span class='ocrx_word' id='word_1_105' title='bbox 464 1316 508 1365; x_wconf 90' lang='lat' dir='ltr'><strong>boc</strong></span> <span class='ocrx_word' id='word_1_106' title='bbox 521 1315 641 1378; x_wconf 79' lang='lat' dir='ltr'><strong>scribitur,</strong></span> <span class='ocrx_word' id='word_1_107' title='bbox 652 1320 679 1364; x_wconf 90' lang='lat' dir='ltr'><strong>ut</strong></span> <span class='ocrx_word' id='word_1_108' title='bbox 689 1317 804 1366; x_wconf 84' lang='lat' dir='ltr'><strong>sententia</strong></span> <span class='ocrx_word' id='word_1_109' title='bbox 816 1316 943 1380; x_wconf 76' lang='lat' dir='ltr'><strong>legislatoris</strong></span> 
     </span>
     <span class='ocr_line' id='line_1_16' title="bbox 151 1385 944 1453; baseline -0.003 -17"><span class='ocrx_word' id='word_1_110' title='bbox 151 1387 314 1439; x_wconf 79' lang='lat' dir='ltr'><strong>manifestetur.</strong></span> <span class='ocrx_word' id='word_1_111' title='bbox 331 1387 374 1438; x_wconf 83' lang='lat' dir='ltr'><strong>Sed</strong></span> <span class='ocrx_word' id='word_1_112' title='bbox 388 1387 523 1451; x_wconf 87' lang='lat' dir='ltr'><strong>quandoque</strong></span> <span class='ocrx_word' id='word_1_113' title='bbox 541 1385 653 1448; x_wconf 85' lang='lat' dir='ltr'><strong>contingit</strong></span> <span class='ocrx_word' id='word_1_114' title='bbox 667 1385 727 1450; x_wconf 83' lang='lat' dir='ltr'><strong>qndd</strong></span> <span class='ocrx_word' id='word_1_115' title='bbox 739 1387 760 1436; x_wconf 87' lang='lat' dir='ltr'><strong>si</strong></span> <span class='ocrx_word' id='word_1_116' title='bbox 774 1388 825 1451; x_wconf 88' lang='lat' dir='ltr'><strong>ipse</strong></span> <span class='ocrx_word' id='word_1_117' title='bbox 838 1389 944 1453; x_wconf 73' lang='lat' dir='ltr'><strong>legislator</strong></span> 
     </span>
     <span class='ocr_line' id='line_1_17' title="bbox 150 1459 944 1523; baseline -0.001 -14"><span class='ocrx_word' id='word_1_118' title='bbox 150 1473 250 1523; x_wconf 77' lang='lat' dir='ltr'><strong>praeseus</strong></span> <span class='ocrx_word' id='word_1_119' title='bbox 262 1463 331 1520; x_wconf 86' lang='lat' dir='ltr'><strong>esset,</strong></span> <span class='ocrx_word' id='word_1_120' title='bbox 348 1459 412 1510; x_wconf 88' lang='lat' dir='ltr'><strong>aliter</strong></span> <span class='ocrx_word' id='word_1_121' title='bbox 421 1459 541 1523; x_wconf 78' lang='lat' dir='ltr'><strong>judicaret.</strong></span> <span class='ocrx_word' id='word_1_122' title='bbox 552 1460 614 1523; x_wconf 78' lang='lat' dir='ltr'><strong>Ergo</strong></span> <span class='ocrx_word' id='word_1_123' title='bbox 622 1471 669 1509; x_wconf 91' lang='lat' dir='ltr'><strong>non</strong></span> <span class='ocrx_word' id='word_1_124' title='bbox 679 1461 716 1508; x_wconf 91' lang='lat' dir='ltr'><strong>est</strong></span> <span class='ocrx_word' id='word_1_125' title='bbox 726 1471 818 1522; x_wconf 84' lang='lat' dir='ltr'><strong>semper</strong></span> <span class='ocrx_word' id='word_1_126' title='bbox 829 1463 944 1511; x_wconf 78' lang='lat' dir='ltr'><strong>secundm</strong></span> 
     </span>
     <span class='ocr_line' id='line_1_18' title="bbox 151 1529 487 1598; baseline 0.003 -17"><span class='ocrx_word' id='word_1_127' title='bbox 151 1531 213 1595; x_wconf 83' lang='lat' dir='ltr'><strong>leges</strong></span> <span class='ocrx_word' id='word_1_128' title='bbox 226 1531 319 1598; x_wconf 84' lang='lat' dir='ltr'><strong>scriptas</strong></span> <span class='ocrx_word' id='word_1_129' title='bbox 330 1529 487 1593; x_wconf 87' lang='lat' dir='ltr'><strong>judicandum.</strong></span> 
     </span>
    </p>

    <p class='ocr_par' dir='ltr' id='par_1_6' title="bbox 154 1599 948 1954">
     <span class='ocr_line' id='line_1_19' title="bbox 183 1599 945 1665; baseline -0.01 -11"><span class='ocrx_word' id='word_1_130' title='bbox 183 1603 229 1654; x_wconf 82' lang='lat' dir='ltr'><strong>sed</strong></span> <span class='ocrx_word' id='word_1_131' title='bbox 248 1608 327 1655; x_wconf 89' lang='lat' dir='ltr'><strong>contra</strong></span> <span class='ocrx_word' id='word_1_132' title='bbox 348 1605 397 1664; x_wconf 88' lang='lat' dir='ltr'><strong>est,</strong></span> <span class='ocrx_word' id='word_1_133' title='bbox 416 1601 476 1665; x_wconf 77' lang='lat' dir='ltr'><strong>quid</strong></span> <span class='ocrx_word' id='word_1_134' title='bbox 494 1601 633 1665; x_wconf 71' lang='lat' dir='ltr'><strong>Augustinus</strong></span> <span class='ocrx_word' id='word_1_135' title='bbox 655 1599 711 1650; x_wconf 87' lang='lat' dir='ltr'><strong>dicit</strong></span> <span class='ocrx_word' id='word_1_136' title='bbox 727 1601 754 1650; x_wconf 90' lang='lat' dir='ltr'><strong>in</strong></span> <span class='ocrx_word' id='word_1_137' title='bbox 774 1602 817 1652; x_wconf 88' lang='lat' dir='ltr'><strong>lib.</strong></span> <span class='ocrx_word' id='word_1_138' title='bbox 840 1605 877 1654; x_wconf 83' lang='lat' dir='ltr'><strong>De</strong></span> <span class='ocrx_word' id='word_1_139' title='bbox 896 1618 945 1654; x_wconf 74' lang='lat' dir='ltr'><strong>nee-u</strong></span> 
     </span>
     <span class='ocr_line' id='line_1_20' title="bbox 154 1673 946 1742; baseline -0.004 -18"><span class='ocrx_word' id='word_1_140' title='bbox 154 1675 233 1742; x_wconf 70' lang='lat' dir='ltr'><strong>itelip.</strong></span> <span class='ocrx_word' id='word_1_141' title='bbox 250 1677 310 1741; x_wconf 88' lang='lat' dir='ltr'><strong>(cap.</strong></span> <span class='ocrx_word' id='word_1_142' title='bbox 326 1673 349 1739; x_wconf 84' lang='grc'><strong>3)</strong></span> <span class='ocrx_word' id='word_1_143' title='bbox 365 1689 398 1722; x_wconf 73' lang='lat' dir='ltr'><strong>:a</strong></span> <span class='ocrx_word' id='word_1_144' title='bbox 418 1676 444 1723; x_wconf 92' lang='lat' dir='ltr'><strong>lu</strong></span> <span class='ocrx_word' id='word_1_145' title='bbox 458 1673 510 1724; x_wconf 89' lang='lat' dir='ltr'><strong>istis</strong></span> <span class='ocrx_word' id='word_1_146' title='bbox 527 1673 688 1736; x_wconf 82' lang='lat' dir='ltr'><strong>temporalibus</strong></span> <span class='ocrx_word' id='word_1_147' title='bbox 706 1673 812 1736; x_wconf 83' lang='lat' dir='ltr'><strong>legibus,</strong></span> <span class='ocrx_word' id='word_1_148' title='bbox 824 1689 946 1740; x_wconf 81' lang='lat' dir='ltr'><strong>quanquam</strong></span> 
     </span>
     <span class='ocr_line' id='line_1_21' title="bbox 154 1745 946 1810; baseline -0.004 -12"><span class='ocrx_word' id='word_1_149' title='bbox 154 1749 182 1798; x_wconf 85' lang='lat' dir='ltr'><strong>dc</strong></span> <span class='ocrx_word' id='word_1_150' title='bbox 196 1748 232 1798; x_wconf 90' lang='lat' dir='ltr'><strong>bis</strong></span> <span class='ocrx_word' id='word_1_151' title='bbox 247 1746 350 1798; x_wconf 85' lang='lat' dir='ltr'><strong>homines</strong></span> <span class='ocrx_word' id='word_1_152' title='bbox 359 1745 465 1810; x_wconf 87' lang='lat' dir='ltr'><strong>judicent</strong></span> <span class='ocrx_word' id='word_1_153' title='bbox 481 1759 535 1796; x_wconf 85' lang='lat' dir='ltr'><strong>cum</strong></span> <span class='ocrx_word' id='word_1_154' title='bbox 545 1757 585 1794; x_wconf 89' lang='lat' dir='ltr'><strong>eas</strong></span> <span class='ocrx_word' id='word_1_155' title='bbox 599 1745 740 1807; x_wconf 86' lang='lat' dir='ltr'><strong>instituunt,</strong></span> <span class='ocrx_word' id='word_1_156' title='bbox 750 1750 830 1796; x_wconf 81' lang='lat' dir='ltr'><strong>tamen</strong></span> <span class='ocrx_word' id='word_1_157' title='bbox 842 1761 895 1798; x_wconf 85' lang='lat' dir='ltr'><strong>oum</strong></span> <span class='ocrx_word' id='word_1_158' title='bbox 906 1752 946 1798; x_wconf 78' lang='lat' dir='ltr'><strong>suc·</strong></span> 
     </span>
     <span class='ocr_line' id='line_1_22' title="bbox 154 1815 948 1884; baseline -0.003 -16"><span class='ocrx_word' id='word_1_159' title='bbox 154 1819 200 1868; x_wconf 81' lang='lat' dir='ltr'><strong>rint</strong></span> <span class='ocrx_word' id='word_1_160' title='bbox 214 1819 323 1870; x_wconf 77' lang='lat' dir='ltr'><strong>institutae</strong></span> <span class='ocrx_word' id='word_1_161' title='bbox 341 1821 364 1868; x_wconf 88' lang='lat' dir='ltr'><strong>et</strong></span> <span class='ocrx_word' id='word_1_162' title='bbox 380 1817 473 1868; x_wconf 75' lang='lat' dir='ltr'><strong>firmatae</strong></span> <span class='ocrx_word' id='word_1_163' title='bbox 480 1855 489 1881; x_wconf 90' lang='lat'><em>,</em></span> <span class='ocrx_word' id='word_1_164' title='bbox 505 1831 551 1868; x_wconf 89' lang='lat' dir='ltr'><strong>nou</strong></span> <span class='ocrx_word' id='word_1_165' title='bbox 564 1816 643 1868; x_wconf 80' lang='lat' dir='ltr'><strong>licebit</strong></span> <span class='ocrx_word' id='word_1_166' title='bbox 655 1815 774 1879; x_wconf 85' lang='lat' dir='ltr'><strong>judicibus</strong></span> <span class='ocrx_word' id='word_1_167' title='bbox 788 1818 816 1868; x_wconf 85' lang='lat' dir='ltr'><strong>de</strong></span> <span class='ocrx_word' id='word_1_168' title='bbox 826 1817 886 1884; x_wconf 75' lang='lat' dir='ltr'><strong>ipsis</strong></span> <span class='ocrx_word' id='word_1_169' title='bbox 895 1819 948 1884; x_wconf 78' lang='lat' dir='ltr'><strong>judi-</strong></span> 
     </span>
     <span class='ocr_line' id='line_1_23' title="bbox 155 1889 542 1954; baseline -0.003 -16"><span class='ocrx_word' id='word_1_170' title='bbox 155 1902 220 1954; x_wconf 88' lang='lat' dir='ltr'><strong>care,</strong></span> <span class='ocrx_word' id='word_1_171' title='bbox 232 1891 273 1940; x_wconf 84' lang='lat' dir='ltr'><strong>sed</strong></span> <span class='ocrx_word' id='word_1_172' title='bbox 283 1889 406 1940; x_wconf 85' lang='lat' dir='ltr'><strong>secuudum</strong></span> <span class='ocrx_word' id='word_1_173' title='bbox 417 1889 487 1952; x_wconf 89' lang='lat' dir='ltr'><strong>ipsas.</strong></span> <span class='ocrx_word' id='word_1_174' title='bbox 500 1905 514 1937; x_wconf 78' lang='lat' dir='ltr'><strong>o</strong></span> <span class='ocrx_word' id='word_1_175' title='bbox 527 1905 542 1932; x_wconf 76' lang='lat' dir='ltr'><strong>e</strong></span> 
     </span>
    </p>

    <p class='ocr_par' dir='ltr' id='par_1_7' title="bbox 154 1959 947 2095">
     <span class='ocr_line' id='line_1_24' title="bbox 187 1959 947 2026; baseline 0.003 -16"><span class='ocrx_word' id='word_1_176' title='bbox 187 1960 348 2023; x_wconf 80' lang='lat' dir='ltr'><strong>(Coucuusro.</strong></span> <span class='ocrx_word' id='word_1_177' title='bbox 358 1985 389 1997; x_wconf 92' lang='lat'><em>-</em></span> <span class='ocrx_word' id='word_1_178' title='bbox 401 1959 560 2010; x_wconf 78' lang='lat' dir='ltr'><strong>Necessarium</strong></span> <span class='ocrx_word' id='word_1_179' title='bbox 576 1963 611 2010; x_wconf 87' lang='lat' dir='ltr'><strong>est</strong></span> <span class='ocrx_word' id='word_1_180' title='bbox 624 1959 720 2024; x_wconf 83' lang='lat' dir='ltr'><strong>quodvis</strong></span> <span class='ocrx_word' id='word_1_181' title='bbox 738 1960 853 2024; x_wconf 83' lang='lat' dir='ltr'><strong>judicium</strong></span> <span class='ocrx_word' id='word_1_182' title='bbox 866 1974 947 2026; x_wconf 80' lang='lat' dir='ltr'><strong>sempu</strong></span> 
     </span>
     <span class='ocr_line' id='line_1_25' title="bbox 154 2029 591 2095; baseline -0.007 -13"><span class='ocrx_word' id='word_1_183' title='bbox 154 2031 279 2082; x_wconf 81' lang='lat' dir='ltr'><strong>secuudum</strong></span> <span class='ocrx_word' id='word_1_184' title='bbox 297 2031 355 2093; x_wconf 88' lang='lat' dir='ltr'><strong>legis</strong></span> <span class='ocrx_word' id='word_1_185' title='bbox 368 2030 504 2095; x_wconf 87' lang='lat' dir='ltr'><strong>scripturam</strong></span> <span class='ocrx_word' id='word_1_186' title='bbox 515 2029 591 2094; x_wconf 83' lang='lat' dir='ltr'><strong>lieri.)</strong></span> 
     </span>
    </p>

    <p class='ocr_par' dir='ltr' id='par_1_8' title="bbox 153 2100 948 2668">
     <span class='ocr_line' id='line_1_26' title="bbox 186 2100 946 2168; baseline 0 -18"><span class='ocrx_word' id='word_1_187' title='bbox 186 2102 319 2165; x_wconf 81' lang='lat' dir='ltr'><strong>Respondeo</strong></span> <span class='ocrx_word' id='word_1_188' title='bbox 333 2101 461 2164; x_wconf 89' lang='lat' dir='ltr'><strong>dicendum,</strong></span> <span class='ocrx_word' id='word_1_189' title='bbox 473 2100 533 2166; x_wconf 84' lang='lat' dir='ltr'><strong>qudd</strong></span> <span class='ocrx_word' id='word_1_190' title='bbox 545 2101 605 2152; x_wconf 88' lang='lat' dir='ltr'><strong>sicut</strong></span> <span class='ocrx_word' id='word_1_191' title='bbox 616 2101 702 2152; x_wconf 86' lang='lat' dir='ltr'><strong>dictum</strong></span> <span class='ocrx_word' id='word_1_192' title='bbox 713 2107 750 2152; x_wconf 86' lang='lat' dir='ltr'><strong>est</strong></span> <span class='ocrx_word' id='word_1_193' title='bbox 759 2102 819 2167; x_wconf 85' lang='lat' dir='ltr'><strong>(art.</strong></span> <span class='ocrx_word' id='word_1_194' title='bbox 832 2108 845 2152; x_wconf 83' lang='lat' dir='ltr'><strong>i</strong></span> <span class='ocrx_word' id='word_1_195' title='bbox 857 2104 879 2168; x_wconf 88' lang='grc'><strong>),</strong></span> <span class='ocrx_word' id='word_1_196' title='bbox 893 2103 946 2168; x_wconf 84' lang='lat' dir='ltr'><strong>judi·</strong></span> 
     </span>
     <span class='ocr_line' id='line_1_27' title="bbox 154 2172 947 2238; baseline -0.004 -14"><span class='ocrx_word' id='word_1_197' title='bbox 154 2174 214 2224; x_wconf 87' lang='lat' dir='ltr'><strong>oium</strong></span> <span class='ocrx_word' id='word_1_198' title='bbox 226 2174 282 2224; x_wconf 90' lang='lat' dir='ltr'><strong>nibil</strong></span> <span class='ocrx_word' id='word_1_199' title='bbox 298 2173 357 2224; x_wconf 77' lang='lat' dir='ltr'><strong>ahud</strong></span> <span class='ocrx_word' id='word_1_200' title='bbox 370 2177 405 2224; x_wconf 87' lang='lat' dir='ltr'><strong>cst</strong></span> <span class='ocrx_word' id='word_1_201' title='bbox 423 2187 490 2238; x_wconf 86' lang='lat' dir='ltr'><strong>quam</strong></span> <span class='ocrx_word' id='word_1_202' title='bbox 501 2175 606 2237; x_wconf 81' lang='lat' dir='ltr'><strong>quadam</strong></span> <span class='ocrx_word' id='word_1_203' title='bbox 618 2172 723 2224; x_wconf 81' lang='lat' dir='ltr'><strong>diffinitio</strong></span> <span class='ocrx_word' id='word_1_204' title='bbox 741 2175 780 2225; x_wconf 85' lang='lat' dir='ltr'><strong>rel</strong></span> <span class='ocrx_word' id='word_1_205' title='bbox 793 2175 947 2226; x_wconf 83' lang='lat' dir='ltr'><strong>determinatio</strong></span> 
     </span>
     <span class='ocr_line' id='line_1_28' title="bbox 154 2245 948 2311; baseline 0 -17"><span class='ocrx_word' id='word_1_206' title='bbox 154 2245 204 2308; x_wconf 84' lang='lat' dir='ltr'><strong>ejus</strong></span> <span class='ocrx_word' id='word_1_207' title='bbox 217 2247 275 2310; x_wconf 82' lang='lat' dir='ltr'><strong>quod</strong></span> <span class='ocrx_word' id='word_1_208' title='bbox 288 2247 376 2310; x_wconf 86' lang='lat' dir='ltr'><strong>justum</strong></span> <span class='ocrx_word' id='word_1_209' title='bbox 388 2249 431 2296; x_wconf 85' lang='lat' dir='ltr'><strong>est.</strong></span> <span class='ocrx_word' id='word_1_210' title='bbox 452 2245 487 2296; x_wconf 85' lang='lat' dir='ltr'><strong>Fit</strong></span> <span class='ocrx_word' id='word_1_211' title='bbox 501 2249 577 2295; x_wconf 88' lang='lat' dir='ltr'><strong>antem</strong></span> <span class='ocrx_word' id='word_1_212' title='bbox 594 2245 680 2308; x_wconf 87' lang='lat' dir='ltr'><strong>aliquid</strong></span> <span class='ocrx_word' id='word_1_213' title='bbox 686 2247 791 2306; x_wconf 73' lang='lat' dir='ltr'><strong>justum</strong></span> <span class='ocrx_word' id='word_1_214' title='bbox 802 2247 926 2311; x_wconf 80' lang='lat' dir='ltr'><strong>dupliciter</strong></span> <span class='ocrx_word' id='word_1_215' title='bbox 944 2261 948 2290; x_wconf 94' lang='lat'>:</span> 
     </span>
     <span class='ocr_line' id='line_1_29' title="bbox 156 2317 947 2381; baseline -0.001 -16"><span class='ocrx_word' id='word_1_216' title='bbox 156 2329 200 2366; x_wconf 92' lang='lat' dir='ltr'><strong>uuo</strong></span> <span class='ocrx_word' id='word_1_217' title='bbox 215 2318 294 2380; x_wconf 88' lang='lat' dir='ltr'><strong>modo,</strong></span> <span class='ocrx_word' id='word_1_218' title='bbox 309 2329 339 2368; x_wconf 84' lang='lat' dir='ltr'><strong>cx</strong></span> <span class='ocrx_word' id='word_1_219' title='bbox 358 2317 507 2381; x_wconf 84' lang='lat' dir='ltr'><strong>ipsa-natura</strong></span> <span class='ocrx_word' id='word_1_220' title='bbox 519 2317 570 2380; x_wconf 85' lang='lat' dir='ltr'><strong>rei,</strong></span> <span class='ocrx_word' id='word_1_221' title='bbox 585 2317 647 2380; x_wconf 91' lang='lat' dir='ltr'><strong>quod</strong></span> <span class='ocrx_word' id='word_1_222' title='bbox 663 2317 744 2368; x_wconf 87' lang='lat' dir='ltr'><strong>dicitur</strong></span> <span class='ocrx_word' id='word_1_223' title='bbox 760 2320 802 2380; x_wconf 71' lang='lat' dir='ltr'><strong>ius</strong></span> <span class='ocrx_word' id='word_1_224' title='bbox 821 2319 947 2370; x_wconf 64' lang='lat' dir='ltr'><strong>victurnio:</strong></span> 
     </span>
     <span class='ocr_line' id='line_1_30' title="bbox 155 2387 946 2452; baseline 0 -16"><span class='ocrx_word' id='word_1_225' title='bbox 155 2387 199 2438; x_wconf 87' lang='lat' dir='ltr'><strong>alio</strong></span> <span class='ocrx_word' id='word_1_226' title='bbox 212 2389 287 2451; x_wconf 87' lang='lat' dir='ltr'><strong>modo,</strong></span> <span class='ocrx_word' id='word_1_227' title='bbox 298 2402 327 2440; x_wconf 87' lang='lat' dir='ltr'><strong>ex</strong></span> <span class='ocrx_word' id='word_1_228' title='bbox 336 2389 434 2452; x_wconf 81' lang='lat' dir='ltr'><strong>quodam</strong></span> <span class='ocrx_word' id='word_1_229' title='bbox 447 2387 551 2439; x_wconf 84' lang='lat' dir='ltr'><strong>condicto</strong></span> <span class='ocrx_word' id='word_1_230' title='bbox 562 2387 620 2438; x_wconf 82' lang='lat' dir='ltr'><strong>inter</strong></span> <span class='ocrx_word' id='word_1_231' title='bbox 628 2389 741 2452; x_wconf 88' lang='lat' dir='ltr'><strong>homines,</strong></span> <span class='ocrx_word' id='word_1_232' title='bbox 751 2390 812 2452; x_wconf 87' lang='lat' dir='ltr'><strong>quod</strong></span> <span class='ocrx_word' id='word_1_233' title='bbox 821 2389 946 2452; x_wconf 78' lang='lat' dir='ltr'><strong>diciturjrn</strong></span> 
     </span>
     <span class='ocr_line' id='line_1_31' title="bbox 153 2460 948 2525; baseline 0.003 -17"><span class='ocrx_word' id='word_1_234' title='bbox 153 2461 309 2522; x_wconf 79' lang='lat' dir='ltr'><strong>positivum,</strong></span> <span class='ocrx_word' id='word_1_235' title='bbox 319 2463 343 2510; x_wconf 93' lang='lat' dir='ltr'><strong>ut</strong></span> <span class='ocrx_word' id='word_1_236' title='bbox 354 2460 422 2524; x_wconf 80' lang='lat' dir='ltr'><strong>supr&#39;a</strong></span> <span class='ocrx_word' id='word_1_237' title='bbox 432 2461 533 2512; x_wconf 86' lang='lat' dir='ltr'><strong>habitum</strong></span> <span class='ocrx_word' id='word_1_238' title='bbox 549 2465 585 2510; x_wconf 89' lang='lat' dir='ltr'><strong>est</strong></span> <span class='ocrx_word' id='word_1_239' title='bbox 595 2461 648 2524; x_wconf 84' lang='lat' dir='ltr'><strong>(qu.</strong></span> <span class='ocrx_word' id='word_1_240' title='bbox 665 2464 705 2524; x_wconf 79' lang='lat'><strong>57,</strong></span> <span class='ocrx_word' id='word_1_241' title='bbox 715 2466 759 2512; x_wconf 91' lang='lat' dir='ltr'><strong>art.</strong></span> <span class='ocrx_word' id='word_1_242' title='bbox 771 2461 816 2524; x_wconf 77' lang='lat'><strong>2).</strong></span> <span class='ocrx_word' id='word_1_243' title='bbox 829 2463 948 2525; x_wconf 65' lang='lat' dir='ltr'><strong>logesuu-</strong></span> 
     </span>
     <span class='ocr_line' id='line_1_32' title="bbox 153 2530 947 2596; baseline -0.001 -16"><span class='ocrx_word' id='word_1_244' title='bbox 153 2535 201 2580; x_wconf 83' lang='lat' dir='ltr'><strong>tem</strong></span> <span class='ocrx_word' id='word_1_245' title='bbox 214 2530 341 2581; x_wconf 88' lang='lat' dir='ltr'><strong>scribuntur</strong></span> <span class='ocrx_word' id='word_1_246' title='bbox 355 2532 382 2581; x_wconf 89' lang='lat' dir='ltr'><strong>ad</strong></span> <span class='ocrx_word' id='word_1_247' title='bbox 396 2531 513 2596; x_wconf 85' lang='lat' dir='ltr'><strong>utriusque</strong></span> <span class='ocrx_word' id='word_1_248' title='bbox 527 2533 586 2596; x_wconf 70' lang='lat' dir='ltr'><strong>iuris</strong></span> <span class='ocrx_word' id='word_1_249' title='bbox 598 2532 790 2595; x_wconf 83' lang='lat' dir='ltr'><strong>declarationem,</strong></span> <span class='ocrx_word' id='word_1_250' title='bbox 800 2531 868 2584; x_wconf 83' lang='lat' dir='ltr'><strong>aliter</strong></span> <span class='ocrx_word' id='word_1_251' title='bbox 881 2538 947 2582; x_wconf 70' lang='lat' dir='ltr'><strong>umen</strong></span> 
     </span>
     <span class='ocr_line' id='line_1_33' title="bbox 154 2603 948 2668; baseline 0 -15"><span class='ocrx_word' id='word_1_252' title='bbox 154 2606 178 2653; x_wconf 89' lang='lat' dir='ltr'><strong>et</strong></span> <span class='ocrx_word' id='word_1_253' title='bbox 189 2603 263 2653; x_wconf 88' lang='lat' dir='ltr'><strong>aliter.</strong></span> <span class='ocrx_word' id='word_1_254' title='bbox 278 2603 334 2653; x_wconf 86' lang='lat' dir='ltr'><strong>Nam</strong></span> <span class='ocrx_word' id='word_1_255' title='bbox 355 2603 411 2667; x_wconf 85' lang='lat' dir='ltr'><strong>legis</strong></span> <span class='ocrx_word' id='word_1_256' title='bbox 429 2604 541 2668; x_wconf 89' lang='lat' dir='ltr'><strong>scriptura</strong></span> <span class='ocrx_word' id='word_1_257' title='bbox 553 2605 592 2668; x_wconf 85' lang='lat' dir='ltr'><strong>jus</strong></span> <span class='ocrx_word' id='word_1_258' title='bbox 611 2605 702 2668; x_wconf 84' lang='lat' dir='ltr'><strong>quidem</strong></span> <span class='ocrx_word' id='word_1_259' title='bbox 721 2606 822 2655; x_wconf 80' lang='lat' dir='ltr'><strong>naturaie</strong></span> <span class='ocrx_word' id='word_1_260' title='bbox 843 2608 948 2657; x_wconf 76' lang='lat' dir='ltr'><strong>contium</strong></span> 
     </span>
    </p>
   </div>
   <div class='ocr_carea' id='block_1_4' title="bbox 169 2755 947 2878">
    <p class='ocr_par' dir='ltr' id='par_1_9' title="bbox 169 2755 947 2878">
     <span class='ocr_line' id='line_1_34' title="bbox 189 2755 947 2821; baseline 0 -19"><span class='ocrx_word' id='word_1_261' title='bbox 189 2755 219 2819; x_wconf 84' lang='lat' dir='ltr'><strong>(t)</strong></span> <span class='ocrx_word' id='word_1_262' title='bbox 234 2756 408 2812; x_wconf 79' lang='lat' dir='ltr'><strong>AEquiruleutcr</strong></span> <span class='ocrx_word' id='word_1_263' title='bbox 427 2758 509 2804; x_wconf 83' lang='lat' dir='ltr'><strong>saltem</strong></span> <span class='ocrx_word' id='word_1_264' title='bbox 533 2764 583 2803; x_wconf 89' lang='lat' dir='ltr'><strong>tum</strong></span> <span class='ocrx_word' id='word_1_265' title='bbox 603 2771 657 2816; x_wconf 89' lang='lat' dir='ltr'><strong>cap.</strong></span> <span class='ocrx_word' id='word_1_266' title='bbox 681 2758 710 2805; x_wconf 85' lang='lat' dir='ltr'><strong>io</strong></span> <span class='ocrx_word' id='word_1_267' title='bbox 739 2759 883 2821; x_wconf 72' lang='lat' dir='ltr'><strong>groco-lat,</strong></span> <span class='ocrx_word' id='word_1_268' title='bbox 907 2769 947 2805; x_wconf 81' lang='lat' dir='ltr'><strong>tun</strong></span> 
     </span>
     <span class='ocr_line' id='line_1_35' title="bbox 169 2819 818 2878; baseline 0.009 -15"><span class='ocrx_word' id='word_1_269' title='bbox 169 2832 219 2876; x_wconf 84' lang='lat' dir='ltr'><strong>cup.</strong></span> <span class='ocrx_word' id='word_1_270' title='bbox 231 2819 260 2864; x_wconf 80' lang='lat'><strong>16</strong></span> <span class='ocrx_word' id='word_1_271' title='bbox 274 2820 421 2878; x_wconf 76' lang='lat' dir='ltr'><strong>lucutionis,</strong></span> <span class='ocrx_word' id='word_1_272' title='bbox 436 2827 460 2866; x_wconf 87' lang='lat' dir='ltr'><strong>et</strong></span> <span class='ocrx_word' id='word_1_273' title='bbox 476 2821 537 2878; x_wconf 86' lang='lat' dir='ltr'><strong>apud</strong></span> <span class='ocrx_word' id='word_1_274' title='bbox 550 2825 573 2867; x_wconf 77' lang='lat' dir='ltr'><strong>S·</strong></span> <span class='ocrx_word' id='word_1_275' title='bbox 583 2822 699 2868; x_wconf 68' lang='lat' dir='ltr'><strong>thomam</strong></span> <span class='ocrx_word' id='word_1_276' title='bbox 711 2824 767 2870; x_wconf 86' lang='lat' dir='ltr'><strong>lect.</strong></span> <span class='ocrx_word' id='word_1_277' title='bbox 779 2823 818 2869; x_wconf 80' lang='lat' dir='ltr'><strong>to.</strong></span> 
     </span>
    </p>
   </div>
   <div class='ocr_carea' id='block_1_5' title="bbox 0 0 1012 3317">
    <p class='ocr_par' dir='ltr' id='par_1_10' title="bbox 0 0 1012 3317">
     <span class='ocr_line' id='line_1_36' title="bbox 0 0 1012 3317; baseline 0 0"><span class='ocrx_word' id='word_1_278' title='bbox 0 0 1012 3317; x_wconf 95' lang='lat' dir='ltr'><strong> </strong></span> 
     </span>
    </p>
   </div>
  </div>
 </body>
</html>
