1992 3317
140 169 188 215 ato
271 168 379 213 arcuum
393 168 523 223 uramur,
540 164 634 218 onaan.
651 166 681 224 x,
697 168 753 213 aur·
770 172 804 211 rr.

170 252 306 317 Respondet
321 250 457 314 dioendum,
472 247 535 313 qndd
548 248 607 301 deut
619 248 687 313 snpr'a
698 249 785 300 dietum
799 250 835 301 est
846 250 854 304 t
866 254 897 315 l,
914 256 938 316 Ξ,

138 341 177 391 qn.
194 329 233 385 85,
255 326 297 373 art.
312 326 326 375 1
340 326 365 375 et
377 323 420 387 2),
433 324 551 387 peceatum
567 320 660 373 mortale
670 320 729 373 tollit
741 321 837 384 gratiam
847 329 939 385 gratrnn

137 396 273 458 facientem,
283 407 330 445 nun
341 398 416 446 auum
430 394 529 444 totaliter
539 394 664 458 corrumpit
675 394 758 444 ionum
769 398 863 445 nature.
874 396 941 447 Unde

138 468 190 518 oium
203 466 325 517 infidelitas
341 467 372 518 ait
388 466 503 529 quoddam
517 468 637 529 peecatum
652 466 760 528 mortale,
774 466 877 517 infideles
891 468 942 531 qui-

138 540 189 590 dem
200 537 374 603 meditarent,
389 540 491 587 remanet
507 538 585 586 tamen
600 536 625 585 in
641 537 673 586 eis
687 536 777 599 aliquod
794 537 879 587 bonum
895 553 942 589 na-

137 614 202 661 tnrte.
218 610 282 659 Unde
295 609 441 659 manifestum
455 611 504 670 est,
518 608 580 671 qudd
594 607 697 659 inlideles
714 620 760 659 non
773 611 870 671 possunt
887 623 942 675 ope·
990 616 991 677 l

138 682 184 731 rari
193 682 254 731 bona
265 694 333 745 opera
342 695 394 744 que
408 683 462 729 suut
474 693 504 729 ex
524 680 609 743 gratia,
625 678 711 731 scilieet
724 693 793 747 opera
807 680 941 745 meritoria3
990 680 991 745 l

139 757 215 804 tamen
228 755 288 805 bona
301 766 370 818 opera
390 754 418 803 ad
433 766 484 816 quae
498 752 581 803 suffieit
598 752 683 803 bonum
700 755 800 815 nature,
814 753 944 817 aliqualiter
990 762 991 809 i

140 826 228 890 operari
241 829 357 889 possunt:
373 825 434 875 unde
453 837 498 875 non
512 827 601 889 oportet
618 826 678 888 quod
696 824 721 874 in
735 824 798 873 omui
811 838 852 873 suo
870 838 945 891 opere

142 902 245 961 peooent.
257 898 301 948 Sed
311 897 496 961 quandocumque
514 896 606 959 aliquod
616 909 673 959 opus
687 898 810 960 operantur
821 895 945 948 exintide-
990 954 991 957 Ἴ

140 968 219 1033 litme,
233 973 288 1020 tune
303 972 407 1033 peooant.
421 966 558 1017 sicutenim
572 968 660 1019 hebens
678 968 747 1019 fldem
760 972 838 1031 potest
848 969 944 1034 aliquod
990 958 991 1031 l

141 1045 259 1104 nemnem
270 1041 411 1093 committere
421 1079 427 1102 ,
438 1040 463 1090 in
476 1042 528 1089 aeto
544 1053 612 1103 quern
625 1052 672 1091 non
682 1040 751 1091 reteri
761 1040 789 1091 ad
799 1040 852 1089 fidei
861 1040 944 1107 tinem,

140 1113 180 1162 rel
202 1113 331 1173 venialiter,
345 1112 466 1162 ueletiam
479 1112 603 1163 mortaliter
616 1112 744 1175 peccando,
756 1110 788 1160 ita
802 1112 872 1163 etiam
894 1114 948 1163 inii-

142 1184 198 1235 delis
216 1187 292 1248 potest
310 1182 409 1246 aliquem
428 1186 503 1233 autum
520 1182 605 1234 bonum
623 1184 709 1247 iacere,
725 1183 750 1233 in
768 1195 796 1234 eo
814 1184 877 1247 quod
899 1199 948 1237 nou

140 1254 211 1306 refert
223 1255 333 1305 adfinem
346 1254 495 1305 infidelitatis.

171 1327 205 1374 id
217 1324 314 1389 primurn
332 1337 386 1389 ergo
404 1326 541 1391 dicendum,
557 1326 617 1391 qudi
629 1327 724 1379 verbum
734 1328 791 1378 illud
803 1330 839 1379 est
857 1327 949 1381 intelli-

141 1398 248 1461 gendum,
257 1397 295 1447 rel
305 1397 359 1462 quia
369 1397 417 1447 rita
428 1397 555 1449 inddeltum
567 1412 613 1450 uon
625 1402 702 1463 potest
712 1412 761 1450 esse
770 1400 822 1449 sine
833 1404 947 1464 peceato,

140 1466 191 1518 oium
202 1472 296 1533 peecata
312 1468 361 1520 sine
376 1470 421 1521 tide
433 1483 481 1520 non
494 1472 610 1535 tollantur,
628 1472 665 1521 rel
677 1472 730 1535 qnia
744 1471 854 1535 quidquid
867 1476 946 1537 agunt

140 1554 169 1591 ex
192 1539 338 1604 infidelitate,
354 1546 473 1605 penatum
493 1546 539 1593 est.
561 1542 625 1592 Unde
647 1542 731 1593 ibidem
754 1543 866 1608 subditur,
890 1546 949 1609 quia

142 1612 237 1665 «omnis
247 1612 367 1664 infideliter
380 1613 460 1663 uirens
469 1613 507 1663 vel
520 1626 598 1679 egeus,
613 1614 760 1665 vehementer
773 1618 863 1679 peccat.
879 1632 897 1665 u

172 1684 209 1735 Ad
222 1685 346 1737 mennatum
358 1684 491 1749 dicendum,
504 1684 565 1751 quid
575 1687 631 1737 tides
640 1685 716 1750 dirigit
727 1686 884 1739 intentionem
895 1704 947 1741 res·

141 1760 210 1821 peotn
228 1758 280 1809 linis
297 1757 373 1807 mutui
387 1758 578 1823 supernaturalis=3
596 1760 636 1809 sed
654 1759 731 1809 lumen
745 1758 813 1808 etiam
833 1761 949 1812 naturalis

141 1828 238 1879 rationis
248 1830 324 1893 potent
334 1828 431 1891 dirigere
442 1828 594 1881 intentionem
603 1832 708 1895 respectu
719 1828 816 1894 alicujus
823 1828 884 1883 boni
893 1846 950 1885 oon-

142 1900 261 1950 naturalis.

173 1972 205 2021 lo
219 1970 311 2021 tertium
326 1970 463 2037 dicendum,
472 1971 534 2037 qndd
547 1986 588 2038 per
603 1972 760 2025 infidelitatem
773 1986 821 2025 uon
841 1988 950 2029 eorrum-

142 2042 203 2107 pitor
219 2042 318 2093 totaliter
330 2043 355 2092 iu
367 2044 495 2095 infidelibus
509 2044 566 2096 ratio
583 2045 703 2109 naturalis,
718 2045 773 2111 quin
783 2054 909 2100 remaneat
922 2051 947 2102 in

141 2114 175 2165 eis
184 2114 259 2178 aliqua
271 2114 321 2165 reri
333 2116 445 2181 cognitio,
457 2130 500 2181 per
510 2127 579 2181 quam
590 2119 663 2169 lacere
671 2120 767 2183 possum
778 2117 873 2181 aliquod
885 2136 948 2188 opus

142 2186 170 2236 de
187 2198 271 2249 genere
284 2186 404 2237 bonorum.
418 2189 449 2238 lie
469 2189 573 2241 Cornelio
588 2193 663 2241 tamen
683 2189 799 2242 sciendum
817 2196 871 2255 est,
885 2196 949 2259 qndd

141 2256 239 2307 infidelis
254 2269 301 2307 nou
316 2262 377 2323 erat3
390 2259 490 2324 alioquin
510 2262 561 2327 ejus
574 2262 675 2326 operatio
689 2264 781 2327 arrepta
797 2276 846 2314 nou
862 2266 950 2319 inisset

141 2330 202 2391 lieo,
215 2327 252 2379 oni
263 2327 313 2380 sine
326 2330 371 2381 tide
383 2333 459 2381 nullus
471 2334 546 2396 potest
556 2334 655 2397 plaeere.
670 2334 771 2386 ilabebat
781 2336 862 2387 autem
877 2339 949 2393 tidem

141 2398 289 2463 implicitam,
308 2400 409 2452 noudum
425 2401 569 2454 manifestata
588 2404 707 2469 Evangelii
723 2404 817 2457 veritate
835 2422 842 2455 :
865 2412 949 2474 unde,

140 2474 166 2523 nt
183 2485 236 2526 eum
249 2469 328 2524 infide
340 2473 432 2539 plenius
444 2474 582 2541 instrueret,
595 2476 693 2533 mittitur
708 2477 800 2533 odeum
813 2480 914 2537 Petrus.
