1992 3317
392 94 422 129 nn
437 93 523 130 rouro.
807 85 852 132 897

57 173 118 234 (cap.
130 167 195 230 tol:
209 184 223 216 a
233 167 355 232 apostolici
371 167 485 230 dicuutur,
499 167 540 232 qni
550 181 575 220 so
588 169 632 219 boc
645 169 736 220 nomine
747 181 853 234 arrogan-

55 239 145 292 tissime
160 243 311 302 vocaverunt,
322 251 349 289 co
360 238 420 302 qnbd
432 239 458 288 in
466 252 531 289 suam
541 240 725 290 communionem
736 253 782 290 non
793 240 852 290 acci·

56 313 138 374 pereat
151 313 243 360 utentes
255 309 405 373 coniugibus,
415 313 439 361 et
457 322 493 360 res
501 309 603 373 proprias
611 309 763 374 possidentes,
776 311 854 374 quales

56 383 127 432 babet
140 380 252 430 catholica
265 379 384 440 Ecclesia,
395 384 418 431 et
428 381 550 430 monachos
558 419 565 441 ,
574 384 598 431 ct
607 381 701 431 clericos
712 381 852 445 plurimos.»

56 453 101 504 Sed
114 447 168 504 ideo
184 451 224 502 isti
239 451 340 502 baeretici
352 455 418 515 suut,
433 451 487 514 quia
501 463 526 500 se
551 451 579 500 ab
593 451 693 502 Ecclesia
708 455 852 516 separantes,

56 524 145 574 nnllam
163 535 228 586 spem
239 525 320 585 putant
334 535 373 572 eos
383 523 466 574 habere
479 524 519 586 qui
529 525 624 571 utuntur
640 523 677 573 bis
689 524 757 574 rebus
773 523 855 586 quibus

57 595 102 658 ipsi
118 597 206 643 carent.
222 594 264 643 Est
273 606 327 656 crgo
340 605 459 644 erroneum
470 593 544 644 dicere
557 593 618 658 qubd
631 607 678 645 non
688 596 756 646 liceat
768 594 855 645 bomini

56 664 151 729 propria
164 663 288 727 possidere.

87 736 251 800 (Couccumo.
259 761 289 772 -
298 736 431 798 Quanquam
448 734 564 784 bominem
577 746 624 784 non
640 735 719 786 deceat
732 735 817 800 aliquid
829 741 856 786 ut

55 805 176 870 proprium
189 805 287 868 habero,
302 807 375 869 quoad
388 819 468 867 usum,
481 817 600 855 erroneum
613 809 689 857 tamen
702 809 737 856 ost
756 820 856 858 asserere

55 878 133 942 ipsum
143 889 266 940 nonposse
275 877 391 940 quippiam
400 877 516 942 proprium
524 877 621 940 babere,
631 879 855 942 quoadpotestatem

56 947 196 1013 procurandi
207 951 231 998 et
244 948 397 1012 dispensandi.
411 949 420 1012 )

88 1019 227 1084 Respondeo
237 1017 370 1080 dicendum,
384 1018 444 1086 qubd
453 1018 514 1068 circa
526 1032 574 1068 rem
586 1017 721 1069 exteriorem
735 1019 780 1069 duo
792 1032 855 1069 com·

55 1085 141 1153 petunt
155 1088 260 1150 bomini,
275 1101 370 1152 quorum
380 1102 451 1139 unum
466 1095 502 1140 est
514 1093 616 1154 potestas
627 1088 764 1152 procurandi
773 1092 797 1139 et
809 1090 857 1140 dis·

56 1159 189 1226 pensandi3
204 1164 228 1209 et
241 1163 349 1222 quantum
367 1161 394 1210 ad
407 1162 452 1212 bec
463 1160 548 1211 licitum
567 1163 603 1212 est
615 1159 676 1224 qudo
685 1161 754 1211 bomo
765 1160 857 1224 propria

55 1232 264 1296 possideatlltest
273 1231 341 1283 ctiam
351 1232 503 1283 necessarium
513 1233 670 1282 adhumanam
680 1233 859 1297 vitam,proptor

55 1304 108 1354 tria.
124 1302 204 1353 Primb
220 1302 324 1366 quidem,
338 1302 392 1366 quia
400 1305 472 1368 maus
483 1303 594 1355 sollicitus
608 1309 646 1355 est
659 1304 815 1368 unusquisque
829 1305 857 1354 ad

55 1374 228 1438 procurandum
244 1373 329 1436 aliquid
348 1375 408 1437 quod
426 1376 470 1425 sibi
487 1376 687 1439 competit,qnbm
700 1376 725 1426 id
742 1377 802 1440 quod
822 1379 858 1426 est

55 1457 180 1496 commune
197 1444 298 1496 omnium
316 1445 354 1495 rel
366 1446 501 1510 multorum,
513 1445 568 1510 qnia
586 1447 742 1510 unusquisque
755 1447 857 1497 laborem

55 1517 163 1581 fugiens,
181 1515 289 1580 relinquit
303 1516 369 1568 alteri
382 1515 405 1568 id
422 1519 481 1580 quod
494 1517 593 1580 pertinet
611 1519 640 1566 ad
650 1531 784 1578 commune,
798 1519 859 1568 sicut

55 1587 143 1639 accidit
154 1588 181 1638 in
192 1587 336 1640 multitudine
350 1587 512 1638 ministrorum.
522 1588 573 1639 llio
582 1589 659 1649 modo,
673 1588 728 1651 quia
735 1587 859 1639 ordinatilrs

56 1673 95 1710 res
108 1663 219 1710 humanu
231 1662 365 1724 tractantur,
380 1658 400 1708 si
413 1659 508 1722 singulis
523 1659 640 1709 immineat
652 1659 743 1722 propria
756 1672 808 1709 cura
818 1659 859 1707 ali-

55 1731 127 1796 cujus
143 1729 179 1780 rei
189 1731 350 1795 procuranda3
365 1732 426 1781 esset
436 1733 512 1779 autem
524 1729 637 1793 conluuio,
646 1729 667 1778 si
678 1729 774 1793 quilibet
789 1728 860 1780 indis·

55 1799 134 1852 tinctb
147 1800 256 1865 quelibet
265 1804 402 1865 procuraret.
412 1799 496 1864 Tertib,
505 1801 608 1865 quiaper
617 1803 660 1852 boc
669 1800 743 1864 magis
751 1800 860 1863 pacificus

56 1877 135 1923 status
159 1871 277 1922 bominum
295 1876 454 1931 conservatur,
469 1872 523 1922 dum
536 1871 694 1936 unusquisque
711 1885 736 1922 rc
751 1884 792 1921 sua
807 1883 861 1921 cou-

55 1947 141 1995 tentus
151 1945 188 1993 est
202 1959 209 1993 a
223 1943 283 1993 uude
295 1942 398 1994 videmus
415 1943 475 2007 qubd
488 1943 548 1993 inter
571 1955 611 1994 eos
623 1942 663 2006 qui
675 1940 823 1992 communiter
837 1945 862 1992 et

55 2029 88 2066 er
113 2013 215 2065 indivise
238 2013 323 2078 aliquid
341 2014 472 2078 possident,
491 2013 632 2076 frequentiis
653 2014 728 2078 jurgia
750 2013 860 2062 oriuntur.

57 2087 129 2137 uliud
139 2085 195 2136 verb
207 2085 267 2148 quod
276 2083 382 2149 competit
390 2085 478 2140 bomini
489 2083 549 2135 circa
557 2098 596 2136 res
606 2086 743 2145 exteriores,
757 2088 793 2134 cst
805 2096 862 2133 usus

55 2161 173 2222 ipsarum.
184 2157 213 2206 lit
227 2163 337 2220 quantum
354 2157 382 2206 ad
393 2159 436 2208 boc
448 2171 493 2208 non
504 2157 570 2208 debet
579 2159 647 2208 bomo
658 2157 740 2207 babere
749 2169 786 2206 res
795 2159 861 2206 exte-

56 2231 135 2280 riores
148 2232 174 2277 nt
184 2229 296 2292 proprias,
308 2228 348 2278 scd
359 2231 384 2278 ut
393 2242 533 2289 communes,
543 2233 570 2280 ut
578 2229 664 2279 scilicet
673 2230 702 2279 dc
712 2229 771 2278 lucili
780 2226 862 2292 aliquis

55 2315 101 2353 eas
112 2299 268 2352 communicet
278 2301 303 2348 in
317 2301 453 2350 necessitate
468 2300 571 2350 aliorum.
582 2301 647 2352 Unde
657 2301 778 2365 Apostolus
791 2300 861 2357 dicit,

55 2376 65 2423 l
83 2372 124 2422 ad
142 2372 261 2428 rimula„
277 2372 336 2421 ult:
353 2387 367 2419 u
380 2371 492 2422 Divitibus
507 2373 577 2436 hujus
590 2373 667 2424 ΜΗ
680 2373 777 2436 praecipc
796 2369 862 2420 facilc

55 2445 182 2504 tribucre,
196 2442 364 2494 communicare
379 2442 489 2506 debonis,
504 2446 573 2493 etc.»

92 2515 131 2565 Ad
145 2514 245 2579 primum
258 2527 311 2578 erqo
325 2514 457 2577 dicendum,
473 2514 534 2577 qubd
546 2515 695 2566 communitas
707 2529 783 2565 rerum
801 2513 863 2562 attri-

54 2587 142 2638 buitur
157 2585 208 2650 juri
226 2585 336 2648 naturali,
353 2599 400 2636 non
415 2585 468 2648 quia
477 2586 517 2648 jus
530 2588 633 2641 naturale
646 2587 716 2638 dictet
725 2585 800 2636 omnia
812 2598 864 2634 esse

55 2657 205 2724 possidenda
217 2657 375 2720 communiter,
390 2661 412 2708 et
423 2657 478 2706 nihil
486 2670 539 2707 csse
548 2659 612 2721 quasi
623 2657 739 2722 proprium
747 2656 864 2720 possiden-

53 2734 135 2791 ‹lum3
151 2730 192 2780 scd
206 2727 260 2792 quia
274 2727 397 2778 secundum
411 2728 450 2791 J'us
461 2729 562 2779 naturale
575 2733 666 2780 nonest
682 2727 796 2779 distinctio
810 2741 864 2790 pos-

56 2799 210 2863 scssionum,
228 2800 267 2849 sed
283 2798 355 2862 magis
372 2797 495 2850 secundum
508 2800 632 2851 humanum
648 2799 790 2862 condictum,
804 2799 863 2862 quod
