1992 3317
453 67 534 104 murex.
829 56 891 104 totu

89 146 223 190 Aurucuuus
240 142 267 187 11.
287 141 366 186 Utrum
380 141 480 186 medium
497 142 574 186 eoelem
592 140 658 185 modo
676 141 797 200 aeeipiatur
813 142 839 187 iu

265 203 705 259 justitiadistributiraotcommutatira.
853 207 893 249 887

146 293 173 303 -
241 267 282 312 tlt.
292 267 372 311 Utrum
381 267 471 310 materia
483 267 598 320 utriusque
605 265 697 321 justitie
707 265 736 310 sit
744 267 838 313 diuersa.
853 268 894 310 888

145 355 172 364 -
239 329 279 374 tv.
297 328 376 374 Utrum
389 330 486 384 justum
505 329 533 373 eit
553 329 683 384 simpliciter
700 329 760 373 idem
778 330 839 386 quod

267 395 352 436 eontra
360 403 467 448 pureum.
854 393 894 435 tus

386 523 518 580 QUAESTIO
532 523 598 569 LXll.

228 625 262 669 De
272 623 431 679 restitutione,
441 624 468 668 e'n
478 627 529 668 octo
538 623 655 668 articulos
664 623 748 668 timisa.

88 733 222 778 Aurtouuus
241 731 260 778 l.
271 732 350 776 Utrum
358 733 469 777 restitutio
476 732 507 776 sit
514 731 845 788 notoriustitiascommututirre.
853 733 892 777 ou

144 817 173 829 -
239 795 268 839 11.
286 795 365 840 Utrum
380 796 409 839 sit
422 797 571 840 necessarium
585 797 718 839 adsalutem
732 795 792 850 quoti
801 795 839 838 flat

266 859 375 903 restitutio
385 858 434 914 eius
448 860 507 912 quod
517 860 615 903 oblatum
625 863 664 902 est.
852 858 893 900 sto

239 921 276 965 lii.
286 920 365 966 Utrum
375 921 471 966 suifloiut
481 922 597 966 restituere
606 921 712 976 simplum
729 921 789 976 quoti
801 921 838 965 in·

265 983 325 1038 iuste
334 985 431 1028 ablutum
443 988 482 1028 est.
852 985 892 1027 ets

239 1045 277 1091 tv.
294 1046 375 1090 Utrum
387 1047 468 1102 uliquis
484 1046 563 1091 debeat
585 1045 701 1090 restituere
714 1045 775 1100 quot
793 1057 838 1090 non

266 1110 365 1154 abstulit.
701 1147 705 1156 .
854 1112 892 1152 ὅθ

239 1171 267 1216 V.
278 1171 359 1216 Utrum
377 1178 476 1229 oporteut
490 1185 578 1230 semper
591 1173 753 1218 restitutionem
768 1172 839 1216 lacere

266 1235 286 1280 ei
296 1248 309 1278 u
319 1247 364 1290 quo
373 1241 487 1291 receptum
497 1242 531 1280 est
543 1237 637 1292 aliquid.

238 1296 277 1342 vt.
287 1297 366 1342 Utrum
378 1301 478 1344 teneatur
487 1312 574 1356 semper
584 1299 701 1344 restituere
711 1299 749 1343 ilie
757 1299 797 1354 qui
806 1310 840 1342 ao·

267 1361 334 1417 oepit.
850 1363 890 1405 att

240 1423 287 1469 vlt.
299 1423 378 1470 Utrum
396 1427 429 1471 illi
449 1426 489 1482 qui
509 1438 552 1469 non
572 1429 704 1482 receperunt
724 1428 840 1469 teneantur

266 1489 390 1534 restituere.
851 1490 892 1532 886

237 1549 297 1594 vttl.
307 1550 387 1593 Utrum
402 1551 452 1605 quis
462 1553 564 1594 teneatur
578 1550 653 1594 statim
669 1550 797 1605 restituere,
810 1562 837 1594 an

267 1625 319 1658 uero
329 1613 398 1670 posit
412 1614 574 1658 restitutionem
583 1613 682 1658 differre.
852 1614 892 1657 888

380 1747 511 1802 QUAEsTto
526 1747 603 1793 LXlli.

128 1848 164 1892 De
174 1846 307 1903 acceptione
313 1859 484 1904 peremturum,
495 1846 523 1891 in
531 1850 636 1904 puotreor
644 1847 760 1892 articulos
769 1847 854 1892 diuiso.

91 1957 223 2000 Aurtcuuus
238 1955 256 2000 1.
266 1955 345 2000 Utrum
356 1966 502 2011 personarum
512 1955 610 2011 receptio
623 1955 652 1998 sit
661 1959 783 2010 peceatum.
850 1957 888 2000 eet

146 2043 173 2053 -
238 2018 266 2064 ll.
278 2019 357 2064 Utrum
373 2019 397 2062 in
417 2018 582 2074 dispensatione
596 2019 747 2076 spiritualium
764 2021 836 2063 loeum

266 2082 346 2126 hebeat
355 2081 500 2137 personarum
509 2081 615 2136 areeptio.
850 2083 891 2125 ose

146 2168 173 2179 —
239 2144 278 2188 lli.
288 2144 368 2188 Utrum
385 2144 409 2188 in
419 2145 555 2188 exhibitione
568 2144 659 2189 honoris
674 2149 696 2188 et
711 2143 838 2188 reverentie

267 2207 841 2264 locumhebeatpeeoetumeoeepttonispersonarum.
851 2208 891 2251 sou

147 2293 173 2304 -
240 2269 276 2314 tv.
287 2269 366 2314 Utrum
376 2271 399 2314 in
410 2271 502 2327 iudiciis
511 2273 585 2316 locum
593 2272 672 2317 habeat
681 2276 795 2329 peceatum
804 2283 838 2314 ac·

267 2332 537 2390 ceptiouispereonarum.
852 2335 892 2376 seu

382 2467 510 2522 QUAESTIO
525 2467 602 2517 mv.

94 2567 130 2612 De
139 2565 205 2611 vitiis
221 2565 332 2622 oppositis
344 2567 518 2610 commutetiooe
528 2565 642 2622 jteetitioe,
653 2569 676 2609 et
684 2565 763 2622 primo
772 2567 801 2610 tle
817 2566 892 2612 mme-

281 2629 350 2684 oidio,
362 2628 388 2673 in
398 2632 448 2674 orto
459 2629 575 2674 articulos
590 2628 677 2673 diviso.

95 2739 225 2784 irruemus
238 2736 256 2783 1.
268 2735 346 2782 Utrum
365 2737 464 2783 occidere
478 2747 623 2792 quocumque
639 2735 737 2782 rireutiu
753 2737 782 2780 sit
794 2737 838 2781 itti-

267 2801 345 2846 eitum.
849 2802 891 2844 tlt
982 2828 983 2833 =
