1992 3317
122 132 167 184 tan
230 141 338 182 εεεεεεε
354 135 481 192 saturnal,
499 129 593 187 doust.
610 129 700 189 amir,
718 141 775 179 aaa.
792 131 811 178 t.

124 221 155 269 ait
170 223 296 284 pennatum.
316 223 342 267 3⁰
356 218 434 268 Utrum
455 218 484 268 sit
503 220 621 282 peceatum
635 217 740 268 mortale.
755 219 783 266 ιο
799 208 877 266 Utrinllt
896 212 930 266 sit

122 290 204 340 uitium
216 288 320 352 capitale,
338 292 362 338 et
371 289 399 338 de
413 288 502 338 tlliahus
511 287 571 352 ejus.

425 467 586 518 tlallclJLle
601 467 621 516 1.

351 591 435 636 Utrdm
445 591 537 636 invidia
547 593 579 636 ait
589 590 696 636 tristitia.

157 717 190 767 td
203 717 300 781 primum
312 718 345 768 sic
360 718 489 782 proceditur
500 718 543 780 (ι).
558 717 653 768 Videtur
664 716 723 780 qudd
733 715 825 768 inuidia
839 714 930 768 nonsit

125 788 224 837 tristitia.
243 789 361 852 tlhjectum
374 788 435 839 euim
448 787 544 838 tristitia
554 792 589 838 εει
601 789 692 838 malum.
703 789 749 838 Sed
765 789 885 853 objectum
894 789 931 837 in·

92 879 102 888 ·
126 859 194 910 uldin
204 863 240 909 εει
253 860 350 922 honum;
365 861 422 912 dicit
431 860 493 910 enim
506 859 626 922 Gregorius
639 860 664 908 io
678 861 696 906 v
710 861 807 910 dior-ot.
820 863 890 924 (cap.
901 865 929 910 al

128 931 165 980 rel
183 930 240 994 dt),
252 933 280 982 de
288 931 365 990 invido
376 933 485 996 loquens:
501 931 682 982 ‹clabcmentem
695 935 798 981 montom
809 945 853 982 sna
864 945 932 998 poena

128 1002 228 1066 sauciat,
242 1017 310 1066 quem
323 1001 421 1053 felicitas
433 1005 522 1067 torquet
534 1002 617 1052 aliena.
635 1019 649 1049 ε
664 1004 724 1066 Ergo
737 1003 827 1054 inuidia
839 1018 887 1055 non
899 1008 935 1054 est

128 1075 231 1124 tristitia.
984 1110 986 1121 .

161 1151 184 1195 a.
200 1148 325 1208 praterea,
346 1145 469 1196 similitudo
483 1158 530 1196 non
542 1149 578 1196 εει
591 1158 659 1196 cansa
672 1144 783 1209 tristitia,
807 1149 851 1197 sed
864 1147 937 1211 magis
984 1174 986 1205 r

130 1217 294 1268 delectationis.
315 1218 358 1267 Sed
379 1217 502 1267 similitudo
524 1221 559 1268 εει
576 1230 644 1267 causa
660 1216 770 1282 inridia3
794 1217 852 1268 dicit
873 1219 935 1270 enim
984 1232 986 1293 j

130 1288 280 1351 Philosophus
293 1287 316 1335 in
333 1288 353 1336 ll
371 1289 471 1339 litator.
486 1303 495 1337 .·
512 1305 527 1336 cc
541 1289 677 1338 invidebunt
699 1289 757 1339 tales
776 1289 863 1352 quihus
882 1292 936 1340 sunt
984 1304 986 1309 ·

131 1357 200 1420 aliqui
213 1357 312 1420 similes,
326 1361 366 1408 εει
381 1358 505 1409 seeundhm
525 1373 610 1423 genus,
621 1364 659 1409 ant
678 1359 804 1410 secundhm
820 1362 936 1424 cognitio·

132 1441 184 1479 nem
192 1466 201 1492 ,
216 1432 254 1478 εει
270 1429 393 1479 secanddm
412 1435 537 1492 staturam,
554 1435 594 1481 aut
612 1430 736 1481 secundum
757 1432 883 1495 habitum,
899 1437 939 1483 aut

131 1499 253 1551 secundini
268 1501 407 1564 opinionem.
424 1517 438 1548 ε
454 1501 513 1564 Ergo
522 1499 610 1551 invidia
624 1516 671 1552 non
685 1505 719 1552 εει
729 1502 833 1552 tristitia.
984 1500 986 1557 l

166 1575 188 1620 t.
204 1572 325 1636 Praeterea,
341 1572 435 1624 tristitia
447 1585 476 1622 ex
491 1573 566 1636 aliquo
580 1572 669 1622 delectu
683 1576 788 1623 causatur
804 1589 810 1623 :
828 1575 893 1626 unde
906 1575 940 1625 illi

133 1643 171 1706 qni
186 1647 238 1694 sunt
251 1645 276 1692 tn
289 1655 370 1707 magun
382 1643 483 1707 deiectu,
500 1645 598 1693 suntad
611 1644 726 1694 tristitiam
737 1644 819 1708 proni,
829 1649 857 1695 ut
871 1645 942 1710 supra

133 1715 220 1765 dictum
241 1718 288 1778 est,
305 1713 357 1766 edm
372 1715 400 1764 de
416 1714 559 1778 passionibus
577 1718 688 1778 ageretur.
704 1715 748 1765 Sed
771 1731 785 1761 c
801 1715 837 1765 illi
856 1718 942 1780 quihus

135 1787 247 1836 modinum
265 1786 354 1847 definit,
367 1791 390 1836 ει
405 1787 444 1850 qui
459 1791 513 1836 suut
524 1789 637 1836 amatores
653 1785 761 1845 honoris,
776 1790 800 1836 ει
811 1789 852 1852 qni
870 1802 940 1852 repn—
984 1792 986 1817 ²

135 1859 212 1906 tantur
225 1859 352 1922 sapientes,
367 1861 421 1908 sunt
435 1857 521 1921 invidi,
533 1874 548 1904 ε
561 1860 586 1907 ει
600 1861 662 1920 patet
675 1870 717 1922 por
730 1857 901 1922 Philosophum
915 1859 941 1908 in
984 1828 986 1941 l

136 1927 156 1976 ll
171 1928 266 1978 illicior.
283 1931 342 1991 ldrgo
354 1927 438 1978 inuidia
452 1941 497 1979 nou
508 1932 543 1978 est
555 1927 655 1978 tristitia.
984 1948 986 1987 l

169 2001 192 2048 t.
208 2000 319 2050 Ρεεειεεεε
328 2035 336 2061 ‚
350 1998 443 2048 tristitia
461 1999 607 2048 delectationi
622 1998 752 2063 opponitur.
774 1999 941 2063 oppositorum
984 2004 986 2061 ι

137 2073 213 2120 auum
237 2083 281 2120 non
301 2074 335 2119 εει
352 2070 431 2119 eadem
448 2081 526 2120 cansa.
545 2070 617 2133 lingo,
630 2071 683 2120 ciam
696 2071 807 2121 memoria
827 2072 942 2122 honorum
984 2074 986 2197 ι

138 2141 264 2191 habitorum
280 2140 310 2191 sit
322 2154 389 2191 causa
403 2141 569 2204 delectationis,
577 2145 603 2190 ut
614 2141 683 2204 sopra
693 2143 778 2192 dictum
789 2147 826 2193 est
835 2143 885 2207 (ι),
895 2157 943 2194 non

138 2211 182 2262 erit
195 2226 262 2262 causa
276 2213 382 2263 tristitia.
398 2212 522 2264 dstantem
534 2227 602 2263 causa
614 2213 720 2276 insidiar,
735 2213 791 2263 dicit
811 2215 874 2263 enim
889 2215 943 2264 Phi·
984 2258 986 2277 ,

138 2284 246 2347 losophus
259 2285 283 2334 iu
298 2286 317 2334 ll
332 2284 428 2334 litetur.
442 2287 483 2346 (ut
494 2284 587 2348 supra),
597 2284 656 2346 qudd
669 2302 682 2332 a
692 2285 728 2334 his
739 2284 811 2347 aliqui
823 2285 940 2346 insident,
984 2284 986 2317 ³

139 2355 180 2418 qui
193 2357 277 2406 hahent
292 2358 331 2406 εει
346 2357 494 2420 possederunt
507 2369 559 2418 quo
572 2354 630 2418 ipsis
641 2353 823 2418 muneniehant,
836 2360 876 2406 aut
887 2370 939 2420 qua

140 2426 184 2490 ipsi
197 2429 330 2491 quaudoque
341 2427 496 2490 possidebant.
508 2443 522 2473 ε
536 2426 595 2488 Ergo
606 2426 692 2475 inuidia
702 2439 748 2476 non
757 2428 793 2474 εει
806 2426 909 2477 tristitia.

173 2499 216 2550 Sed
227 2504 304 2550 contra
314 2502 363 2561 εει,
379 2499 439 2563 qndd
452 2499 605 2548 damascenus
616 2497 642 2546 in
653 2499 682 2547 ll.
695 2497 735 2547 lih.
749 2495 815 2560 ponit
828 2498 940 2549 inuidiam

176 2671 207 2733 (l)
223 2673 255 2718 De
266 2669 301 2718 his
315 2671 386 2718 otiam
400 2667 473 2729 intra,
488 2674 532 2716 art.
546 2668 573 2721 23
590 2673 614 2714 ει
622 2682 663 2726 qu.
676 2666 716 2728 tt),
730 2670 759 2714 do
772 2671 843 2728 malo,
860 2677 904 2716 nrt.
919 2669 940 2728 t,
984 2710 986 2729 ,

143 2732 172 2806 εει
187 2735 210 2808 ⁵3
225 2741 248 2807 ει
260 2741 302 2780 art.
314 2735 338 2792 2,
350 2735 378 2780 ad
388 2733 399 2778 1
410 2750 416 2786 ς
427 2739 451 2778 ει
460 2745 499 2788 qu.
512 2730 553 2790 tt,
566 2737 609 2775 art.
623 2732 673 2776 det
682 2731 706 2792 l,
718 2744 798 2788 corp.;
811 2739 836 2778 ει
845 2734 900 2784 aot,
911 2737 939 2790 V,

142 2807 311 2920 mffinliffnpo
323 2855 440 2916 itamari,
453 2855 477 2915 2,
491 2867 531 2912 qn.
544 2853 586 2914 82,
597 2860 642 2902 art.
652 2854 676 2917 8,
689 2867 717 2901 aa
731 2855 849 2916 professo.
