1992 3317
334 127 367 164 DE
381 125 560 164 enuntiationum.
803 119 849 166 8⁴5

68 199 133 254 debiti.
149 201 190 252 Sed
206 201 264 252 siout
278 201 370 253 donatio
386 205 461 266 potest
474 215 526 252 esse
538 203 590 267 ejus
607 201 668 266 qnbd
681 215 728 254 non
745 203 847 268 debetur,

65 269 88 322 its
99 273 163 324 etun
181 275 205 324 ot
215 270 337 324 restitutio.
353 274 412 338 Ergo
429 274 543 326 restitutio
558 289 607 326 non
620 279 656 324 ost
671 278 735 324 actus
753 275 850 340 aiicujus

66 345 125 404 partis
134 342 238 407 justitias.

88 420 108 466 t.
123 417 245 477 Praetores,
255 415 317 466 ¹iliud
329 418 389 479 quod
401 417 450 480 jam
471 417 576 481 transiit,
596 422 620 469 et
637 431 685 469 non
700 421 736 468 est
746 457 752 480 ‚
762 419 851 469 restitui

64 500 100 537 uon
114 490 195 550 potest.
208 486 252 538 Sed
261 486 349 550 justitia
359 491 383 538 et
396 488 508 552 injustitia
518 494 573 539 sunt
582 489 640 540 circa
653 491 763 553 quasdam
780 489 851 540 actio

64 571 95 608 nas
116 561 138 610 st
151 557 278 622 passiones,
294 572 346 623 qum
361 573 407 610 non
420 564 528 624 manant,
538 561 578 612 ssd
593 563 717 611 transeunt.
730 562 790 623 Ergo
803 575 851 612 ras·

64 629 130 682 titutio
144 643 190 681 nou
204 629 292 680 utetur
308 643 360 680 osse
373 635 436 682 ectus
457 631 554 694 aiicujus
568 632 639 695 partie
648 632 753 696 justitiis.

85 707 107 752 3.
116 703 233 758 Pratuea,
244 701 356 752 restitutio
366 707 400 752 est
413 704 479 766 quasi
489 703 593 766 quadam
602 703 785 766 recompensatio
798 705 850 768 ejus

61 774 112 835 quod
126 773 262 823 subtractum
276 776 321 824 ost.
333 773 377 824 Sed
391 773 476 838 aliquid
489 777 567 838 potest
583 773 671 824 bomini
683 774 786 825 subtrahi
803 789 849 826 non

61 846 126 894 solum
139 843 163 892 in
178 843 361 908 commutatione,
371 847 411 896 sad
426 845 495 896 etiam
508 845 534 895 in
547 845 715 908 distributioua3
728 847 783 910 putta
796 862 849 898 cnm

60 915 135 980 aliquis
143 914 279 966 distribuens
294 916 370 966 minus
383 917 421 966 dat
435 916 502 968 alicui
517 930 585 980 quam
596 917 677 970 teneat
688 917 779 968 babere.
789 920 850 982 Ergo

59 987 162 1038 restitutio
173 989 302 1050 mesnagis
317 990 352 1038 ast
362 989 425 1038 actus
438 987 606 1052 commutatico
617 987 790 1052 justitiaequam
803 989 848 1040 dis-

58 1058 173 1110 tributiuae.

81 1127 362 1190 &umenecessitatis
380 1130 488 1182 ablutioni
509 1130 640 1194 opponitur.
657 1131 700 1181 Sed
719 1131 802 1182 ablatio
815 1134 850 1183 rei

56 1201 133 1252 atienae
151 1205 185 1252 est
197 1205 261 1252 actus
278 1201 395 1266 injustitia
411 1201 471 1252 circa
487 1202 685 1252 commutationes.
707 1204 766 1266 Ergo
780 1205 848 1254 resti·

56 1273 108 1324 tutio
122 1273 172 1337 ejus
188 1277 223 1324 cst
239 1277 301 1324 actus
312 1274 422 1338 justitiae,
439 1279 536 1338 quaest
552 1274 577 1324 in
591 1274 805 1326 commutationibus
816 1277 851 1326 di-

55 1345 146 1396 rectiva.
898 1341 900 1351 ¹

86 1418 245 1481 (Coucnusro.
254 1417 413 1469 -itsstitutio
428 1422 462 1470 est
474 1422 538 1469 actus
547 1419 713 1471 commutatico
724 1419 849 1484 justitia.)

82 1490 218 1554 Respondco
235 1489 370 1553 dicandum,
386 1489 445 1553 quod
458 1491 579 1541 restituere
597 1490 656 1540 nibil
671 1491 731 1541 abud
751 1504 802 1543 csse
815 1493 851 1541 ui·

53 1565 125 1623 tetur,
141 1574 208 1625 quam
220 1561 300 1611 iterato
310 1561 407 1624 aliquem
419 1565 519 1612 statuere
527 1561 552 1609 in
562 1560 743 1624 possessionem,
756 1564 794 1612 uel
809 1565 847 1613 do·

52 1632 192 1684 miniumrei
201 1645 257 1683 sus.
269 1631 297 1681 nt
306 1633 338 1682 ita
350 1633 374 1680 in
387 1631 528 1682 restitutione
541 1631 665 1682 attenditur
673 1633 789 1694 aequalitas
801 1634 851 1696 jus-

52 1707 117 1766 titiam
129 1705 255 1754 meantum
268 1703 501 1767 recompensationem
512 1702 546 1752 rai
557 1703 585 1752 ad
602 1715 665 1765 rem,
680 1703 739 1766 quod
754 1703 852 1766 pertinet

50 1779 77 1828 ad
93 1775 209 1841 justitiam
220 1775 413 1826 commutationis.
428 1775 456 1824 itt
470 1774 521 1824 ideo
533 1773 654 1824 rabbinora
664 1778 701 1824 ost
710 1778 774 1824 ectus
790 1789 852 1824 oom-

50 1849 169 1900 mutatirm
185 1847 293 1912 justitiae,
308 1848 397 1910 quando
408 1845 495 1896 sciiioat
507 1858 542 1894 res
561 1845 629 1895 unius
647 1845 675 1894 ab
688 1845 733 1896 atio
746 1847 851 1909 babetur,

50 1923 85 1972 vsi
104 1933 148 1986 por
170 1919 310 1970 uoluntatem
325 1920 391 1982 ojus,
405 1918 463 1968 siem
481 1917 506 1966 iu
528 1920 607 1967 mutuo
628 1917 665 1967 rai
683 1917 801 1982 deposito;
816 1919 854 1968 rei

49 1996 129 2044 contra
147 1991 287 2042 voluntatem
302 1988 369 2052 ejus,
383 1989 442 2040 siout
454 1990 479 2038 iu
493 1988 571 2052 rapina
583 1989 621 2050 soi
640 1989 710 2038 tusto.

81 2065 116 2114 rid
131 2063 233 2126 primum
243 2074 299 2124 ergo
317 2060 451 2124 dicendum,
463 2060 525 2124 qrrbd
536 2059 591 2110 titud
602 2061 662 2125 quod
681 2059 746 2110 atteri
756 2074 802 2111 non
815 2062 853 2112 de-

48 2139 125 2197 betur,
143 2147 192 2185 uon
207 2137 243 2184 est
253 2134 260 2197 t
270 2133 360 2198 proprie
378 2133 505 2196 loquendo)
528 2132 593 2195 ejus,
608 2131 653 2181 etsi
668 2132 787 2196 aliquando
803 2133 854 2197 ojus

46 2209 127 2259 tuerit.
147 2207 177 2256 Et
186 2205 239 2256 ideo
252 2205 326 2266 magis
338 2203 426 2254 videtur
439 2215 490 2254 essa
510 2215 569 2254 nora
584 2202 691 2265 donatio,
708 2217 775 2266 quam
789 2203 855 2254 resti-

47 2283 116 2343 tutio,
128 2289 184 2328 oum
198 2276 249 2339 quis
259 2274 323 2325 atteri
334 2274 408 2325 reddit
417 2275 476 2336 quod
488 2275 512 2324 si
521 2287 568 2324 non
578 2274 680 2324 debetm.
694 2274 766 2324 Habet
780 2277 855 2324 arnon

47 2353 153 2415 aliquam
161 2348 334 2400 similitudinem
345 2346 505 2409 restitutionis,
514 2346 611 2408 quiarcs
621 2345 766 2397 materialiter
774 2347 854 2396 cadem

47 2428 82 2474 est
93 2441 100 2486 3
111 2435 162 2472 non
172 2424 249 2470 tamen
262 2422 297 2468 cst
311 2417 391 2468 cedam
404 2417 527 2468 secundum
539 2417 656 2467 formalem
668 2415 777 2468 rationem
788 2430 856 2480 qnam

45 2493 146 2560 respicit
158 2490 262 2556 justitia,
273 2491 333 2554 quod
346 2493 383 2540 est
396 2501 446 2540 esse
463 2503 536 2538 soum
549 2488 654 2552 aiicujus.
670 2489 735 2540 Unde
749 2503 792 2540 noc
801 2500 855 2552 pro·
912 2519 919 2527 -

46 2565 98 2629 psit
112 2562 234 2616 restitutio
249 2562 342 2612 dicitur.

76 2638 114 2687 Act
145 2635 274 2686 sesumam
295 2631 433 2701 nuendum,
453 2631 514 2696 quot
536 2643 620 2682 nomon
647 2629 812 2694 restitutionis,
832 2630 857 2678 iu

43 2711 166 2772 quantum
182 2705 290 2769 importat
305 2702 447 2754 iterationem
460 2704 595 2767 quamdam,
606 2701 714 2767 supponit
731 2701 764 2752 rei
775 2700 856 2751 identi-

44 2782 131 2830 tatem.
147 2779 179 2828 ut
190 2776 376 2828 ideosecuudum
387 2777 483 2839 primaru
499 2773 668 2838 impositionem
683 2771 797 2834 nominis,
808 2785 857 2822 res·

44 2850 129 2901 titutio
144 2848 241 2900 videtur
255 2847 330 2898 looum
344 2847 427 2899 habere
446 2845 563 2912 precipue
581 2845 607 2897 in
619 2841 855 2907 monstrosissime,
