1992 3317
337 198 484 242 annumero
501 200 652 241 emmenum
848 191 894 245 tat

86 276 161 342 (cap.
176 279 223 337 aa,
238 278 264 325 ut
278 286 327 341 ram
345 278 413 342 sup.)
430 294 435 327 :
451 294 465 327 u
479 278 580 337 Qualuor
592 282 647 331 sunt
657 278 771 343 diligenda
783 294 793 331 t
806 294 887 344 unum,

84 348 148 412 quod
167 361 235 413 supra
250 360 292 399 nos
302 351 349 410 est,
364 366 378 396 u
395 349 500 413 (scilicet
514 350 575 400 lleus
586 350 606 415 );
621 368 635 399 u
650 351 762 416 alterum,
776 354 836 417 quod
850 368 894 406 nos

83 434 167 471 sumus
178 420 227 486 (1);
238 421 340 482 tertium,
352 423 412 485 quud
422 423 489 486 juxta
499 436 542 473 nos
554 427 629 487 est,u
643 424 744 485 (scilicet
756 425 891 492 proximus);

87 510 102 541 a
111 497 228 556 quartum,
239 493 300 556 quod
311 492 371 543 inira
381 507 422 543 nos
436 498 481 558 est,
499 511 513 542 u
528 495 616 546 scilicet
625 497 741 560 monrium
755 510 849 562 corpus.

121 566 279 628 (Coucnusuo.
289 592 320 603 -
328 567 428 625 Quatuor
439 570 492 617 sunt
506 580 534 617 ex
546 569 656 619 charitate
670 568 788 631 diligibilia
800 584 806 619 :
819 570 891 632 bens,

87 638 220 703 proximus,
237 650 321 702 corpus
335 643 450 701 nostrum,
465 652 492 690 ac
506 652 547 690 nos
561 639 636 703 ipsi.)

119 711 255 775 despondeo
279 711 416 773 dicendum,
432 709 493 775 qubd
509 710 569 761 sicut
587 710 718 762 dictumest
734 712 769 776 (n)
792 714 892 766 amicitia

85 782 205 834 charitatis
220 795 290 846 super
303 782 507 833 communicatione
521 782 669 833 beatitudinis
682 783 797 848 fundatum
810 786 835 834 in
847 800 893 850 qua

85 855 301 918 communicatione,
316 868 387 904 unum
401 854 492 918 quidem
502 858 538 904 est
549 855 609 916 quod
623 854 778 906 consideratur
790 861 817 907 ut
829 859 893 922 prin·

84 926 173 991 cipium
187 926 285 979 induens
302 926 475 988 beatitudinem,
486 926 572 977 scilicet
585 927 656 990 lleus3
668 924 728 976 uliud
741 930 777 977 est
791 928 890 979 beatitu-

87 1000 164 1050 dinem
183 996 269 1048 directi
287 998 444 1062 participans,
466 997 554 1048 scilicet
565 998 891 1062 bomoetnngelus3tertlum

85 1076 160 1122 auteur
179 1074 216 1121 est
233 1069 299 1119 idad
317 1069 377 1133 quod
396 1083 436 1133 per
447 1070 568 1132 quamdam
585 1068 757 1119 redundantiam
775 1070 891 1123 beatitudo

86 1144 209 1206 derivatur,
225 1142 313 1192 scilicet
323 1154 404 1207 eorpus
418 1142 551 1191 humanum.
567 1142 591 1191 ld
606 1142 698 1205 quidem
712 1143 771 1205 quod
785 1146 820 1192 est
832 1143 890 1193 bea-

84 1214 205 1267 titudinem
220 1214 332 1276 iulluens,
347 1215 381 1262 est
395 1224 423 1262 ea
437 1212 525 1263 ratione
540 1212 663 1277 diligibile,
678 1211 730 1276 quia
742 1216 778 1264 est
794 1213 890 1265 beatitu-

84 1288 144 1339 dinis
166 1286 287 1338 causali
313 1287 391 1335 autem
413 1284 472 1347 quod
492 1288 528 1335 est
550 1284 714 1336 beatitudinem
734 1285 888 1351 participans,

84 1364 225 1426 potestesse
240 1357 323 1421 duplici
336 1356 423 1406 ratione
437 1356 600 1419 diligibile,uel
614 1358 667 1420 quia
681 1361 715 1408 est
724 1372 796 1407 unum
810 1357 888 1409 uobis

86 1448 151 1496 cum,
167 1433 205 1483 vel
223 1430 278 1495 quia
297 1431 333 1480 est
346 1428 410 1479 nobis
424 1429 576 1480 consociatum
590 1428 614 1479 in
629 1429 776 1481 beatitudiuis
796 1432 888 1495 partici-

85 1506 189 1571 patione3
205 1508 229 1554 et
245 1502 370 1553 secundum
389 1502 444 1564 hoc,
463 1503 582 1553 sumuntur
603 1502 647 1551 duo
661 1515 690 1551 ex
711 1501 819 1552 chautate
837 1503 888 1553 dili-

84 1575 174 1641 gibili,
188 1577 257 1639 prout
278 1572 366 1623 scilicet
385 1574 454 1623 bomo
468 1571 541 1634 diligit
555 1575 579 1621 et
595 1570 694 1634 seipsum
710 1576 733 1621 et
748 1574 886 1636 proximum.

117 1650 150 1699 lld
164 1647 262 1713 primum
272 1658 326 1708 ergo
336 1644 465 1705 dicendum,
477 1642 538 1707 qudd
550 1642 640 1692 diuersa
648 1642 757 1692 babitudo
770 1642 887 1707 diligentis

87 1720 113 1771 ad
132 1720 219 1771 diuersa
234 1716 365 1780 diligibilia,
382 1716 436 1766 lacit
455 1714 567 1765 diuersam
586 1713 697 1764 rationem
715 1714 885 1778 diligibilltatis;

87 1795 110 1843 et
127 1792 252 1843 secundum
272 1790 329 1853 boc,
345 1788 399 1853 quia
413 1791 448 1837 est
467 1786 511 1836 alia
527 1784 637 1836 habitudo
656 1785 756 1835 bominis
773 1785 888 1849 diligentis

84 1865 112 1916 ad
125 1866 195 1915 licum
207 1863 269 1915 etad
285 1861 399 1927 seipsum,
413 1862 508 1925 propter
520 1860 564 1908 lroc
576 1861 693 1922 ponuntur
702 1858 746 1909 duo
760 1857 886 1925 diligibilia3

81 1940 135 1987 cirm
152 1935 241 1987 dilectio
254 1934 322 1984 unius
336 1933 366 1983 sit
380 1944 446 1982 causa
466 1929 593 1981 dilectionis
605 1929 705 1982 alterius.
721 1930 795 1995 Unde,
810 1945 837 1983 eu
851 1945 886 1983 re-

85 2013 158 2071 mota,
173 2008 216 2059 alia
228 2010 366 2057 resumetur.

114 2082 148 2132 nd
161 2079 287 2131 secundum
302 2076 431 2136 dicendum,
441 2072 501 2139 qudd
512 2074 639 2138 subjectum
646 2074 764 2124 charitatis
775 2078 811 2124 est
820 2088 885 2126 mens

84 2152 208 2213 rationulis,
216 2164 265 2215 quae
277 2152 352 2213 potest
363 2160 412 2197 esse
422 2144 570 2196 beatitudinis
581 2158 668 2209 uapa13
680 2146 708 2195 ad
723 2158 791 2209 quarn
802 2158 884 2210 corpus

82 2223 165 2275 directe
176 2222 224 2273 bon
238 2219 341 2284 altingit,
353 2220 390 2270 sed
401 2217 473 2268 solium
484 2219 649 2281 perquamdam
662 2217 843 2268 redundantiam.
854 2218 883 2267 Et

81 2296 133 2347 ideo
143 2298 212 2347 bomo
226 2294 351 2345 secundum
368 2290 500 2341 rationalem
514 2293 689 2354 mentemque
704 2292 739 2340 est
750 2288 883 2353 principalis

84 2367 108 2419 in
125 2367 230 2430 bomine,
243 2364 287 2416 alio
300 2364 367 2415 modo
383 2374 407 2413 sc
421 2360 493 2425 diligit
504 2362 629 2413 secundum
640 2361 789 2424 charitatem,
801 2363 826 2411 ct
838 2360 883 2414 alio

83 2441 148 2491 modo
160 2452 242 2503 corpus
255 2435 381 2502 proprium.

81 2538 144 2597 iuxta
155 2540 200 2593 'lor
216 2541 256 2585 ubi
269 2539 380 2597 Vulgata,
395 2550 454 2584 sens.
465 2536 497 2581 ta
514 2535 588 2582 orati
601 2535 664 2591 aare&
676 2541 700 2579 et
709 2535 734 2580 ln
743 2534 881 2592 quflausdam

88 2605 171 2663 nucis,
189 2599 300 2671 ὀφθαλμοὶ
316 2606 369 2670 naui.

120 2673 149 2735 (l)
164 2678 277 2729 Quantum
295 2674 325 2720 ed
340 2673 479 2729 praecipuam
497 2676 587 2729 pamcm
606 2680 658 2726 quen
674 2675 712 2715 est
729 2670 819 2722 aalma:
835 2682 882 2714 non

87 2736 143 2783 deut
153 2740 226 2797 Plato,
236 2738 278 2795 qui
289 2736 404 2783 bominem
415 2736 472 2781 nibil
482 2734 544 2780 allud
553 2733 648 2780 uolebat
655 2744 708 2779 esse
717 2733 762 2777 nisi
770 2732 880 2777 animam.

121 2806 150 2869 lt)
166 2812 222 2856 Tum
236 2810 260 2854 in
272 2809 316 2854 buo
326 2808 377 2866 ipsa
388 2814 469 2866 quaest.
480 2806 510 2866 3,
525 2812 570 2852 art.
583 2804 610 2865 3,
625 2803 654 2860 6,
670 2804 713 2858 lo;
729 2811 778 2849 turn
789 2817 829 2861 qn.
840 2802 881 2861 23,

1 2915 4 2921 ,
87 2877 128 2919 ast.
143 2871 155 2918 1
168 2879 191 2918 et
203 2872 232 2931 5,
242 2875 309 2930 lustu
327 2870 593 2924 commuuemamicitie
608 2868 724 2917 rationum
738 2880 790 2926 quau
803 2868 828 2912 in
839 2866 882 2913 ull-
970 2927 974 2935 .

86 2946 128 2997 qua
138 2933 350 2985 communicatione
358 2934 476 2983 tundatur.
