1992 3317
155 153 186 188 brt
204 151 275 188 vastus
291 151 386 190 cotem
401 152 526 190 ”1811ssss
542 154 572 190 ΚΧ
589 153 664 190 mni
681 153 729 190 ΙΙΙ.
794 145 840 189 983

45 227 145 277 caudium
156 240 224 289 quam
243 227 368 286 necessitas
387 227 430 278 sibi
447 227 511 290 juste
523 227 643 289 judicandi
665 226 798 292 imponitur.
815 231 842 278 Et

44 299 95 349 ideo
107 298 198 348 licitum
210 301 246 348 est
258 297 280 348 ei
291 297 329 362 qui
343 302 420 352 contre
432 299 544 361 justitiam
557 302 679 361 gravatur,
699 301 726 350 ad
739 299 843 349 directio

46 383 98 420 nem
117 369 242 434 superioris
257 370 377 434 potestatis
392 383 507 422 recurrere
521 370 663 435 appellando,
672 374 711 422 vel
723 374 775 421 aute
789 382 842 421 sen·

46 441 155 504 tentiam,
169 441 205 492 vel
218 445 279 506 post.
296 440 388 504 Etonia
404 455 451 492 uon
459 442 603 506 praesumitur
612 455 663 492 esse
676 441 788 492 rectitudo
800 442 840 491 ubi

45 526 100 562 vera
110 512 168 562 fides
178 525 224 561 non
234 515 276 574 est,
286 511 339 562 ideo
350 525 396 562 non
404 512 458 563 licet
467 513 578 564 catholice
586 513 613 562 ad
621 513 736 564 infidelem
745 513 844 574 iudicem

45 583 170 647 appellare,
189 582 314 634 secundium
326 583 381 633 illud
391 585 425 646 ll,
437 598 476 648 qu.
486 589 501 632 6
514 600 520 632 :
536 583 690 635 «catholicus
701 583 740 647 qui
749 596 843 633 causam

45 667 110 704 suam
128 653 177 704 sive
197 654 297 716 jusum,
312 652 360 705 sive
373 653 493 716 injustam,
509 655 538 705 ad
553 653 665 716 judicium
678 653 772 704 alterius
792 654 846 704 fidei

41 725 129 786 judicis
150 724 318 788 provocaverit,
341 726 585 776 excommunicetur.»
605 726 663 774 llam
680 729 704 775 et
726 725 846 788 apostolus

44 795 121 859 arguit
138 808 179 846 eos
195 795 235 858 qui
245 795 331 857 iudicio
345 796 512 846 contendebant
525 797 585 860 apud
598 795 708 846 infideles.

77 867 110 916 bd
122 867 249 918 secumdum
264 867 397 930 dicendum,
409 866 470 931 qubd
482 881 511 917 ex
521 868 613 932 proprio
626 867 715 917 delectu
725 868 763 918 vel
775 867 848 930 negti-

43 936 124 1002 gentit
147 938 260 1001 procedit,
273 937 333 1000 qubd
354 939 436 1002 aliquis
454 950 495 988 sua
508 943 589 1001 sponte
608 951 634 988 se
654 937 746 987 alenus
760 938 847 998 jndicio

44 1009 167 1071 subjiciat,
183 1009 210 1058 de
221 1009 285 1069 cujus
296 1007 386 1070 justitia
393 1023 438 1059 non
453 1009 553 1059 contidit.
563 1008 630 1060 Levis
639 1007 785 1061 etiamauimi
797 1021 848 1058 esse

43 1081 145 1142 videtur,
161 1083 187 1128 ut
206 1092 251 1132 non
264 1083 396 1143 permaneat
415 1079 438 1129 in
451 1092 480 1130 eo
498 1080 558 1142 quod
577 1079 647 1130 semel
661 1080 803 1142 approbavit.
818 1079 849 1128 et

42 1152 97 1204 ideo
118 1149 283 1210 rationabiliter
304 1151 429 1213 denegatur
444 1151 567 1202 subsidium
591 1149 750 1214 appellationis
764 1149 849 1210 diudi-

42 1223 112 1274 cibus
126 1219 266 1285 arbitrariis,
277 1219 317 1285 qui
330 1235 376 1272 non
388 1221 473 1272 babent
484 1224 620 1285 potestatem
635 1221 681 1272 nisi
693 1233 722 1272 en
734 1233 849 1272 consensu

41 1293 195 1358 litigantium.
210 1293 254 1344 Sed
279 1296 379 1357 potestus
394 1293 478 1357 judicis
493 1293 601 1344 ordinarii
621 1307 668 1344 non
686 1293 800 1358 dependet
821 1305 850 1343 ex

41 1376 164 1417 consensu
181 1363 243 1416 iltius
256 1365 297 1428 qui
313 1364 365 1428 ejus
376 1364 462 1429 judicio
485 1365 604 1428 subditur,
620 1365 661 1416 sed
674 1378 703 1416 ex
715 1362 851 1415 auctoritate

41 1437 108 1501 regis
122 1439 147 1486 et
164 1435 283 1499 principis,
294 1435 334 1500 qui
352 1449 404 1487 eum
425 1436 533 1487 instituit.
548 1438 577 1486 ιιι
589 1437 640 1487 ideo
654 1441 734 1487 contra
749 1438 800 1500 ejus
813 1435 850 1486 in-

38 1511 135 1574 justum
145 1520 269 1571 gravamen
282 1509 319 1559 lex
332 1509 412 1560 tribuit
422 1508 582 1573 appellationis
596 1509 738 1572 subsidium
752 1507 853 1571 itaquid

42 1579 140 1634 etiamsi
156 1578 187 1630 sit
200 1579 267 1636 simul
285 1579 413 1631 ordinarius
432 1582 456 1628 et
476 1578 606 1630 arbitrarius
627 1579 718 1642 judex,
731 1581 809 1642 potest
823 1578 852 1628 ab

42 1667 71 1705 eo
89 1649 221 1716 appellari;
241 1649 294 1714 quria
315 1649 405 1701 videtur
417 1647 532 1700 ordinaria
553 1652 655 1713 potestas
672 1649 762 1700 occasio
781 1649 852 1698 luisse

41 1723 109 1790 quod
123 1721 210 1772 arbiter
223 1720 352 1784 eligeretur,
366 1733 410 1771 nec
422 1720 489 1772 debet
505 1720 533 1770 ad
548 1720 664 1773 deiectum
679 1720 788 1784 imputari
802 1720 854 1785 ejus

41 1797 85 1862 qui
102 1791 222 1846 consensit
231 1793 256 1842 in
272 1807 325 1843 curn
337 1793 396 1844 sicut
409 1793 433 1842 in
449 1793 559 1842 arbitrum
565 1830 574 1857 ,
589 1806 635 1844 non
646 1797 672 1845 ut
685 1792 711 1841 in
719 1804 772 1842 eum
785 1805 853 1856 quem

39 1869 159 1932 princeps
170 1863 270 1929 judicem
284 1863 424 1917 ordinarium
435 1863 507 1914 dedit.

72 1939 114 1991 Ad
125 1935 221 1988 tertium
235 1936 371 1999 dicendum,
386 1935 447 2000 qudd
465 1935 561 1998 equitas
573 1934 634 1999 juris
645 1935 678 1984 ita
691 1933 798 1985 subvenit
810 1933 852 1984 uni

39 2011 123 2078 parti,
134 2005 198 2071 quon
211 2006 281 2058 altera
290 2019 335 2058 non
348 2009 462 2070 gravetur.
472 2007 503 2056 lit
513 2007 565 2057 ideo
574 2010 666 2069 ternpus
675 2006 755 2056 decem
762 2005 852 2055 dierum

38 2079 166 2134 concessit
181 2077 209 2127 ed
225 2077 400 2141 appellandum,
412 2078 471 2140 quod
488 2077 605 2128 sufficiens
618 2074 742 2128 estimavit
753 2076 783 2125 ad
795 2075 853 2125 deli·

37 2151 176 2207 berandum
186 2140 220 2197 'an
233 2149 338 2212 expediat
354 2148 477 2213 appellare.
491 2149 518 2198 Si
535 2147 589 2199 verb
606 2160 653 2198 non
667 2151 729 2198 esset
744 2147 851 2198 determi-

37 2231 128 2277 natum
142 2225 235 2284 tempus
253 2219 278 2270 in
291 2233 336 2283 quo
353 2220 465 2284 appellare
479 2219 571 2280 liceret,
586 2232 676 2283 semper
688 2218 798 2271 certitudo
812 2217 851 2281 ju-

36 2297 96 2350 dicii
112 2294 244 2343 remaneret
254 2291 279 2340 in
292 2305 417 2354 suspenso,
432 2291 502 2342 etita
513 2303 567 2354 pars
577 2291 646 2340 altera
659 2290 854 2340 damnificaretur.

37 2355 96 2422 ideo
109 2368 194 2416 autem
207 2375 254 2417 nou
268 2367 304 2412 est
313 2375 444 2416 concessum
466 2366 491 2412 ut
501 2362 570 2414 tertib
581 2362 664 2426 aliquis
674 2363 773 2425 appellet
786 2375 856 2425 super

36 2441 147 2496 eodem,
168 2433 285 2498 quianon
299 2437 334 2485 est
351 2434 466 2498 probabile
481 2433 550 2485 toties
562 2433 679 2498 iudicari
695 2437 759 2488 recto
769 2431 857 2498 judicio

36 2510 181 2569 declinare»
