1992 3317
337 202 368 239 us
384 196 582 243 rnnsuurrrorm.
599 176 603 181 ’
814 177 861 247 itt

41 292 111 331 suum
130 288 211 345 genus
227 278 264 329 est
283 276 375 343 gmrius
391 278 479 331 cedens
499 281 608 345 peccatis.
630 280 695 337 llude
710 286 859 351 presumptio

41 368 88 419 qun
99 351 157 421 quis
167 348 301 401 inordinate
312 349 418 403 innititur
425 352 490 415 Deo,
500 353 591 417 grauium
601 357 720 421 peccatum
734 361 780 417 est,
791 370 859 422 quom

6 430 7 433 ’
42 421 198 489 presumpcio
212 435 258 488 qua
277 422 330 485 ouis
344 423 449 474 inuititur
462 424 560 494 propris
569 425 658 477 virtuti.
670 427 734 486 Quod
745 428 806 479 euim
817 429 860 480 uli-

43 496 96 559 quis
111 493 227 547 inuititur
242 492 328 547 diriuae
348 494 427 545 virtuti
445 496 472 547 nd
490 499 675 563 consequendum
692 498 716 550 id
735 501 795 565 quod
810 504 859 552 Deo

43 580 91 619 uon
110 564 227 618 conuenit
237 564 284 631 (t),
298 565 343 617 hoc
357 569 393 616 est
406 566 529 619 diminuere
543 569 643 621 divinam
659 571 778 623 muntem.
794 574 859 624 Patet

44 642 123 689 eutem
145 636 210 703 quod
229 636 323 703 grauius
340 640 421 701 peccat
437 638 476 703 pui
496 638 603 696 diminuit
620 640 721 693 diuinam
738 641 857 709 simulem,

44 725 114 777 quam
126 708 169 775 qui
180 708 298 775 propriam
308 708 417 761 uirtutem
434 712 601 775 superextollit.
655 730 660 737 ·

77 783 113 833 ld
136 782 264 832 secundum
278 780 416 851 dicendum,
431 782 490 849 quod
503 784 555 848 ipsu
571 787 732 851 presumptio,
745 801 789 853 pun
806 789 858 855 quis

47 852 181 906 inordinate
197 854 316 920 presumit
327 854 356 903 de
374 854 435 917 Deo,
447 868 548 908 amorem
562 856 598 906 sui
614 856 723 923 includit,
742 872 787 924 quo
804 861 857 925 quis

45 924 173 990 proprium
184 922 266 975 bonum
279 924 409 976 inordinate
422 922 544 977 desiderat.
555 928 619 985 Quod
633 927 695 979 enlm
706 928 802 979 multum
812 932 853 981 de-

45 999 193 1058 sideramus,
211 998 352 1053 aestimamus
366 998 433 1051 uobis
445 999 474 1050 de
488 998 549 1049 lucii
568 1012 611 1065 per
623 999 680 1054 elios
693 1011 762 1067 posse
774 1014 856 1065 prore·

45 1071 112 1135 nire,
129 1068 199 1119 etiem
212 1068 232 1118 sl
245 1082 292 1120 unu
306 1068 390 1133 possit.
446 1092 448 1097 ·

77 1140 114 1193 dd
128 1139 223 1191 tertium
241 1141 377 1203 dicendum,
393 1141 455 1205 quod
468 1143 617 1210 ppresumptio
632 1143 661 1193 de
676 1142 753 1194 dirius
767 1144 857 1196 miseri·

47 1212 123 1263 cordia
131 1211 203 1262 habet
215 1211 391 1263 conversionem
401 1213 429 1263 ad
436 1212 524 1263 bouum
534 1214 703 1279 commutabile,
711 1214 736 1264 iu
746 1220 856 1281 quantum

49 1282 150 1348 procedit
169 1296 199 1333 ex
217 1281 329 1335 desiderio
342 1283 470 1338 inordinato
486 1284 572 1351 proprii
587 1285 656 1351 loni,
675 1291 700 1337 et
712 1287 855 1339 ermsiouem

51 1356 138 1406 ibono
161 1354 343 1405 incommutabili
347 1391 357 1419 ,
379 1354 405 1407 in
428 1358 537 1421 quantum
555 1356 659 1407 attribuit
676 1358 758 1411 divium
778 1359 857 1409 uirtuti

51 1426 108 1491 quod
121 1427 144 1481 ei
155 1439 206 1479 non
217 1427 339 1490 conuenit3
351 1438 393 1493 per
403 1428 447 1478 hoo
461 1427 524 1479 onim
536 1427 646 1480 urerdtur
659 1431 728 1483 homo
742 1428 854 1483 lentule

51 1499 133 1553 orma.
704 1492 717 1513 ⁸

356 1588 513 1643 ARl'tCULllS
526 1590 555 1641 11.

228 1702 318 1749 (iterim
334 1706 489 1779 proesompiio
502 1704 535 1749 rit
551 1707 680 1761 peecatum.

76 1824 111 1877 dd
128 1821 257 1876 secundum
273 1820 308 1877 tle
327 1821 456 1887 proceditur
464 1821 511 1887 (t).
524 1821 617 1875 llidetur
630 1821 692 1887 prod
704 1824 854 1890 presumptio

48 1910 91 1948 nou
104 1895 137 1947 sit
154 1896 288 1959 porcetum.
300 1892 395 1945 llnllum
404 1892 466 1947 euim
477 1896 598 1957 peccatum
606 1898 642 1948 ost
650 1892 776 1958 ratioqudd
785 1896 854 1949 homo

47 1968 182 2021 exaudiatur
196 1968 213 2017 d
227 1966 284 2017 leo.
295 1964 340 2017 sed
350 1977 392 2029 per
403 1966 605 2031 presumptionem
619 1966 689 2031 utoni
702 1967 853 2020 exaudiuntur

47 2040 60 2089 l
73 2042 138 2105 lloo;
154 2037 241 2089 dicitm
254 2036 319 2089 onim
333 2036 435 2097 luditis,
451 2038 482 2089 lx
495 2054 502 2091 r
518 2055 533 2089 u
546 2038 634 2089 Ennudi
646 2052 683 2091 me
696 2038 801 2095 mserum
814 2039 854 2091 de

48 2115 178 2174 precantem
185 2147 195 2174 ,
208 2111 233 2161 et
251 2110 281 2161 de
291 2111 334 2159 tur
346 2108 504 2161 misericordia
517 2113 691 2173 presumentem
700 2110 747 2176 (d).
761 2127 775 2159 »
792 2112 853 2175 Ergo

48 2181 194 2249 presumptio
203 2182 232 2233 de
241 2179 321 2233 dirius
336 2178 489 2235 misericordia
501 2192 548 2232 non
561 2183 597 2231 est
609 2184 736 2245 promtum.

78 2292 111 2355 (1)
127 2294 181 2340 Stre
202 2293 267 2350 quod
287 2302 335 2336 nou
356 2296 392 2337 est
412 2289 569 2350 couveniens,
591 2291 694 2353 decens,
714 2303 849 2351 congruum.

49 2358 129 2417 supple
140 2357 221 2405 dore,
235 2353 294 2413 putrl
310 2353 402 2401 scnium
413 2353 463 2399 sine
480 2354 630 2412 punitentia,
642 2356 678 2401 rel
690 2355 787 2413 glorium
799 2357 852 2405 siue

49 2419 141 2464 meritis.
155 2419 247 2465 ltlcitur
257 2416 314 2462 vend
324 2420 422 2463 eotenus
436 2416 564 2462 diminuere
578 2417 685 2465 summm
696 2419 739 2465 liet
753 2420 816 2465 uelut
827 2422 849 2466 ei

49 2480 133 2527 inciens
147 2481 257 2539 iniurium
266 2513 273 2539 ‚
282 2479 350 2535 quast
362 2479 399 2525 uel
416 2478 511 2536 ligurum
522 2481 599 2536 ipsum
609 2480 700 2527 officere
713 2494 762 2527 non
778 2482 853 2538 possit

7 2568 8 2581 r
49 2543 87 2587 illo
99 2544 214 2592 beneficio
227 2542 289 2601 quod
301 2541 421 2601 prmsurult
431 2543 560 2603 consequi,
569 2543 606 2589 uel
615 2543 709 2605 indigno
719 2544 765 2590 tole
778 2545 850 2591 bone·

49 2603 124 2651 licium
136 2606 188 2656 dero
200 2608 265 2654 velit.

82 2672 213 2787 (Ξ)1)οῦ1]ἱε
228 2677 338 2736 etiami,
357 2674 434 2728 Serti„
452 2678 475 2723 iu
489 2677 603 2740 Prologo,
619 2679 680 2724 circu
693 2678 793 2740 exposit.
815 2679 850 2725 lit.

49 2739 97 2785 sive
109 2744 156 2787 text
172 2753 193 2789 s.

80 2798 113 2865 (³)
130 2802 193 2851 Sicut
206 2804 277 2851 etiem
291 2800 371 2863 priris,
385 2804 493 2864 capvt,
507 2818 530 2851 u.
550 2801 596 2849 td:
613 2802 715 2851 Ostende
729 2804 846 2862 quonium

51 2876 97 2909 uon
111 2865 264 2924 derelinquis
273 2869 445 2926 precurrentes
455 2866 484 2913 dc
496 2870 531 2922 tc;
545 2868 650 2924 quumvis
661 2868 686 2913 iu
696 2876 771 2923 greco
783 2868 845 2909 textu

50 2924 138 2978 rmrdm
147 2929 271 2994 debentur,
285 2941 337 2991 nep·
349 2930 391 2994 lx,
401 2942 424 2981 v.
434 2927 464 2998 tl
471 2961 479 2992 ‚
490 2929 553 2990 quod
563 2931 593 2981 sit
606 2929 789 2991 desperatorum
798 2922 850 2972 sul·
