1992 3317
386 105 417 148 un
432 103 520 150 rutro.
540 100 549 112 ‘
804 99 851 153 89'9

54 185 138 235 turtum
150 183 256 236 consistit
265 185 291 236 ia
300 185 431 250 temptione
450 187 587 253 relatione,
601 188 633 239 ita·
646 186 715 241 ctiam
728 191 753 241 iu
765 191 852 243 detend

54 257 117 307 tione
134 255 216 320 ipsius.
683 293 686 299 .

83 331 108 375 s.
124 329 250 389 Praeterea,
259 329 327 379 homo
334 333 411 393 potest
421 330 496 383 lurtim
507 331 589 383 abedo
601 332 702 396 accipere
712 333 780 384 etiam
789 338 851 399 quod

53 412 121 448 sunm
136 403 188 461 est,
202 399 257 463 putd
272 414 319 451 rem
335 415 402 464 quam
421 403 480 465 apud
493 403 564 454 alinm
577 405 687 469 deposuit,
703 406 740 455 rel
753 421 805 470 quae
815 413 851 459 est

53 471 80 520 ab
98 483 127 520 eo
141 470 228 534 injusti
246 471 330 522 ablata.
345 473 395 523 Non
408 477 443 524 est
456 485 510 537 ergo
523 475 551 526 dc
567 475 655 526 rationo
674 476 730 526 inrti
745 476 807 542 quod
822 479 853 529 sit

53 543 144 592 occulta
158 542 258 606 acceptio
271 543 305 594 rei
317 543 405 594 adera.

81 613 130 663 Sed
148 615 226 664 contra
248 617 298 677 est,
317 615 378 678 qnod
395 615 492 666 Isidorus
508 615 562 666 dicit
577 615 603 666 in
622 614 663 666 lilr.
679 618 825 683 Etpmotoq.
842 636 851 666 :

53 703 66 733 u
78 686 129 735 Fur
141 683 156 734 l
168 683 235 736 lurco
253 685 327 736 dictus
342 689 390 750 est,
406 686 431 737 id
451 691 486 740 est
499 687 513 738 a
524 687 604 751 lusco3
621 701 673 737 nam
686 689 761 740 noctis
777 691 854 741 utitur

51 763 167 820 tempore.
180 771 194 802 rr

83 829 251 889 (Cosmusm.
267 853 298 864 -
310 827 406 877 Furtum
420 832 455 879 est
469 828 550 879 aliena
565 828 599 878 rei
612 829 700 879 occulta
711 829 816 897 ablatio.)

80 898 222 961 Respondeo
233 896 359 961 dicendum,
367 898 427 962 quod
437 900 466 949 ad
474 899 585 950 rationem
593 900 648 949 lurti
654 900 696 949 tria
703 908 849 953 concurrunt.

51 971 156 1029 Quorum
173 969 270 1032 primum
290 969 398 1019 convenit
418 970 461 1020 sibi
483 970 606 1020 secundum
623 970 684 1034 quod
703 973 852 1024 contrariatur

48 1041 159 1104 iustitie,
171 1055 221 1104 quae
233 1041 355 1104 uuicuique
365 1041 443 1091 tribuit
452 1042 512 1104 quod
523 1055 589 1092 suum
599 1048 650 1105 est,
661 1047 685 1092 et
697 1056 726 1092 err
735 1044 780 1093 hoc
788 1058 852 1095 com·

50 1114 108 1176 petil
122 1113 145 1164 ei
160 1112 219 1177 quod
228 1115 323 1176 usurpat
336 1113 443 1162 alienum.
457 1113 586 1163 Secundum
599 1114 654 1164 uero
665 1114 763 1177 pertinet
773 1117 800 1165 ad
813 1129 851 1166 ra-

50 1186 140 1236 tionem
161 1183 228 1246 iurii,
242 1187 308 1248 prout
328 1183 473 1247 distinguitur
491 1184 618 1249 ipeccatis
634 1199 686 1248 quae
703 1189 757 1236 sunt
774 1192 854 1238 contra

49 1267 188 1319 personam,
204 1256 263 1304 sicut
279 1255 306 1304 ab
321 1254 444 1306 homicidio
461 1259 484 1305 et
496 1256 620 1320 adulterim
636 1259 659 1308 ct
674 1256 798 1315 secundum
808 1260 853 1310 hoc

50 1325 164 1391 competit
180 1325 241 1376 lurto
259 1326 318 1390 qnod
341 1327 371 1378 sit
386 1327 447 1377 cirea
463 1339 512 1377 rem
526 1341 662 1391 possessam.
678 1328 703 1377 Si
721 1329 772 1392 quis
790 1330 854 1379 enim

51 1398 152 1462 accipiat
171 1397 193 1447 id
208 1398 268 1460 quod
284 1401 319 1447 est
335 1397 441 1459 alterius,
456 1411 502 1448 non
515 1399 580 1462 quasi
592 1399 717 1462 possessio,
730 1401 770 1449 sed
783 1400 851 1464 quasi
899 1424 904 1434 ·

49 1483 115 1533 pars,
129 1469 192 1520 sicut
200 1470 221 1520 si
234 1472 334 1534 amputet
342 1470 480 1532 membrum,
489 1470 527 1519 uel
537 1469 596 1519 sicut
611 1483 708 1533 persona
718 1472 848 1534 conjuncta,

50 1546 74 1591 ut
89 1542 111 1592 si
128 1541 218 1592 aulerci
235 1536 304 1590 liliam
314 1540 351 1591 vel
366 1552 474 1601 uxorem,
489 1554 535 1590 non
555 1542 624 1590 habet
639 1540 730 1605 proprid
744 1542 854 1592 rationem

50 1614 116 1664 iurti.
133 1614 212 1663 Tertia
226 1613 353 1663 differentia
373 1617 421 1674 est,
437 1625 487 1675 quae
507 1613 605 1675 complet
622 1613 733 1662 rationem
746 1613 814 1675 furti,
830 1618 856 1665 nt

51 1686 144 1735 seilicet
154 1683 243 1734 occulit
256 1686 377 1748 usurpetur
391 1683 500 1733 ahenum.
517 1683 547 1732 iit
567 1682 690 1734 secunddm
702 1685 746 1734 lroc
763 1685 855 1749 propria

50 1757 109 1808 ratio
124 1754 239 1818 facilest,
253 1758 279 1804 ut
291 1755 321 1805 sit
335 1771 349 1802 «
357 1755 446 1805 occulta
457 1755 557 1818 acceptio
569 1754 603 1805 rei
613 1753 702 1804 ciera.
713 1770 727 1802 »

81 1829 118 1879 ild
133 1829 235 1892 primum
250 1839 304 1889 ergo
314 1827 445 1886 dicendum,
456 1825 516 1890 quod
526 1825 647 1876 occultatio
662 1826 796 1889 quandoque
805 1826 855 1889 qui-

50 1901 105 1951 dem
127 1903 165 1950 est
183 1911 252 1949 causa
264 1897 432 1962 pecati;·pult
445 1897 495 1948 edm
511 1897 562 1960 quis
572 1897 643 1947 utitm
658 1896 808 1948 occultatione
828 1898 855 1947 ad

50 1971 216 2035 peccandum,
229 1969 288 2020 sicut
302 1968 384 2020 accidit
396 1969 422 2019 in
431 1969 511 2018 iraude
525 1972 548 2019 et
558 1969 618 2020 dolo.
633 1970 663 2018 Et
673 1970 716 2019 hoc
727 1969 793 2018 modo
808 1982 855 2018 non

50 2043 178 2105 diminuit,
193 2043 233 2093 sed
247 2041 366 2092 constituit
379 2041 481 2105 speciem
494 2041 596 2104 peccali3
611 2045 634 2091 et
650 2041 682 2090 ita
696 2044 731 2090 cst
745 2041 770 2089 in
785 2041 855 2090 lurlo.

49 2116 102 2166 dlio
114 2115 187 2164 modo
197 2113 319 2164 occultatio
330 2116 369 2163 est
382 2113 480 2176 simplex
493 2111 664 2162 circumstantia
676 2110 772 2174 peccati.
782 2113 812 2161 lit
823 2111 857 2162 sic

50 2184 164 2237 diminuit
177 2188 307 2248 peccatum,
319 2187 368 2234 tum
377 2184 430 2248 quia
442 2175 533 2246 signum
541 2181 680 2234 verecundie
690 2186 734 2245 εει,
743 2185 792 2232 tum
804 2182 857 2246 quia
950 2219 957 2230 .

49 2258 114 2308 tollit
130 2255 272 2306 scandalum.

81 2328 121 2379 Ad
140 2326 266 2377 secrrndum
283 2325 401 2377 dicendum
408 2362 417 2388 ‚
432 2325 492 2390 quod
506 2326 608 2376 detinere
623 2325 647 2375 id
661 2325 720 2388 quod
737 2323 803 2374 alteri
819 2325 857 2374 de-

49 2402 131 2461 betur,
146 2398 250 2449 eamdem
263 2397 373 2448 rationem
387 2397 519 2448 nocumenti
530 2397 599 2446 habet
613 2409 666 2445 cum
676 2396 810 2459 acceptione
821 2395 859 2443 in-

46 2473 125 2535 justa.
140 2468 235 2519 ntideo
248 2469 289 2518 suli
303 2468 389 2532 injusta
403 2467 534 2532 acceptione
544 2466 678 2529 intelligitur
689 2466 758 2517 etiam
771 2465 860 2528 injusta

47 2545 227 2664 oerffiugfflum
242 2610 373 2671 dicendum,
386 2610 447 2674 qudd
457 2610 515 2660 nillil
527 2609 634 2674 prolrilret
646 2609 669 2659 id
682 2609 743 2672 quod
757 2612 792 2658 cst
803 2607 860 2657 sim·

46 2685 146 2751 pliciter
155 2682 235 2744 unius,
250 2681 373 2732 secundum
388 2683 442 2746 quid
455 2695 506 2732 esse
519 2682 625 2745 alterius,
636 2681 696 2731 sicut
709 2693 747 2730 res
756 2680 859 2744 deposita

46 2764 86 2810 est
109 2754 247 2820 simpliciter
259 2754 350 2818 quidem
367 2752 517 2819 deponentis,
531 2755 572 2805 sed
589 2758 625 2804 est
643 2753 694 2817 ejus
713 2751 773 2814 apud
789 2763 857 2814 quern

46 2828 192 2895 deponitur,
208 2831 316 2888 quantum
326 2825 352 2876 ad
364 2825 504 2890 custodiam3
517 2829 541 2876 et
552 2826 574 2876 id
588 2825 648 2889 qnod
661 2826 696 2874 est
706 2821 858 2886 permpiuam
