1992 3317
134 115 180 168 sot
240 127 345 168 oronam
359 127 487 180 ιιοιιιιιιιι,
501 127 595 176 oum.
608 129 695 182 max,
712 129 769 169 aar.
789 129 825 169 ιιι.

137 207 249 270 potestas.
260 205 319 269 Ergo
331 205 484 268 schismatici,
495 205 536 270 qui
548 208 602 256 sunt
614 207 643 257 ah
654 206 755 258 Ecclesia
768 205 879 272 separati,
893 208 935 259 ha-

136 276 191 327 hent
203 280 336 342 potestatem
350 276 500 342 spiritualem.

170 351 193 394 3.
209 348 330 410 Praeterea,
339 348 442 398 Urhanns
455 361 512 412 papa
525 347 590 407 dicit,
601 347 659 412 qutd
671 349 722 398 «ah
734 349 855 414 Episcopis
864 365 935 414 quon-

140 417 190 467 dam
202 417 311 468 catholice
330 419 450 479 ordinatis,
461 419 501 468 sed
519 419 543 468 in
556 420 680 471 schismate
693 419 706 470 d
720 421 823 470 Romana
835 422 934 472 Ecclesia

140 488 262 552 separatis,
277 489 316 553 qui
328 489 450 540 consecrati
464 492 526 550 sunt,
542 502 581 539 eos
591 503 642 539 cum
660 491 687 540 ad
702 491 809 541 Ecclesiae
822 492 935 542 unitatem

141 560 264 625 redierint,
282 561 377 612 serratis
399 561 496 625 propriis
516 561 644 624 ordinibus,
659 562 835 614 misericorditer
854 565 939 629 suscipi

140 629 262 694 jubemus,
282 633 302 682 si
313 646 353 682 eos
369 631 417 680 uita
433 636 456 682 et
467 631 563 682 scientia
575 634 726 683 commendat.
741 650 755 678 a
769 634 813 684 Sed
834 637 878 686 hoc
894 650 939 686 non

142 705 214 764 esset,
229 702 273 752 nisi
290 701 414 768 spiritualis
430 705 531 766 potestas
549 703 609 766 apud
629 700 785 754 schismaticos
802 711 938 756 remaneret.

143 773 202 838 Ergo
215 774 352 825 schismatici
367 774 452 824 trahent
465 772 605 838 spiritualem
618 778 766 838 potestatem.

174 847 308 910 Sedcontra
318 845 429 909 estquod
442 845 569 911 Cyprianus
579 838 773 910 dicitinquadam
789 847 891 912 Epistola
899 851 919 914 (t
924 854 941 913 );

142 919 166 967 et
178 917 274 967 hahetur
283 917 335 980 Vll,
350 931 388 980 qu.
402 919 426 980 t,
440 929 491 981 cap.
507 918 667 966 Nocotiaaas
681 933 712 966 :u
720 918 764 976 Qui
779 919 942 977 necvnnitatem

142 989 244 1054 (lnquit),
258 989 366 1056 Spiritus,
379 999 421 1038 nec
434 988 622 1053 conjunctionem
633 989 697 1053 pacis
711 990 835 1052 observat,
846 995 906 1042 etse
918 993 944 1041 ah

143 1061 250 1112 Ecclesia
266 1060 355 1111 vinculo
373 1063 396 1110 et
410 1055 423 1108 t
438 1062 581 1110 sacerdotum
600 1061 696 1123 collegio
712 1065 814 1126 separat,
829 1076 873 1112 nec
885 1063 944 1126 Epi-

144 1133 208 1198 scopi
223 1129 358 1197 puteslalern
372 1132 455 1182 habere
470 1135 545 1195 potest
558 1143 600 1182 uec
612 1133 732 1184 honorem.
748 1150 762 1179 o

176 1205 335 1270 (Coranusro.
351 1231 381 1242 -
396 1203 534 1267 Quamquam
550 1205 688 1255 schismatici
701 1205 785 1255 hahere
800 1206 887 1257 ordinis
901 1221 942 1272 po·

145 1279 250 1326 testatem
268 1275 366 1338 possint,
380 1275 545 1338 jurisdictionis
558 1281 632 1328 tamen
651 1277 784 1327 auctoritate
797 1278 941 1340 privantur.)

175 1346 309 1409 Respondeo
318 1346 446 1406 dicendum,
459 1346 519 1410 qudd
531 1348 615 1412 duplex
629 1353 665 1398 est
675 1347 799 1413 spiritualis
817 1352 922 1412 potestas
936 1366 940 1397 :

144 1431 190 1467 runa
200 1417 290 1480 quidem
308 1417 489 1481 sacramentalis,
504 1418 549 1468 alia
559 1419 751 1482 jurisdictionalis.
766 1421 943 1470 Sacrarnentahs

145 1488 236 1552 quidem
243 1491 345 1552 potestas
355 1492 390 1539 cst
399 1503 452 1553 que
459 1499 501 1554 per
508 1490 607 1553 aliquam
616 1490 810 1541 commorationem
818 1492 940 1542 confertur.

145 1561 229 1612 Omnes
248 1564 322 1612 autem
339 1559 520 1610 consecrationes
541 1561 649 1611 Ecclesia
668 1565 721 1610 sunt
741 1561 884 1625 immobiles,
897 1577 943 1612 ma-

147 1637 215 1683 nente
227 1645 251 1684 re
264 1645 313 1696 qua
333 1635 489 1695 consecratur,
505 1631 564 1681 sicut
583 1632 650 1681 etiam
664 1635 727 1694 patet
744 1631 769 1681 in
784 1633 855 1682 rebus
870 1633 943 1683 inani-

147 1704 225 1769 matis3
236 1717 287 1758 paru
302 1704 370 1752 altare
382 1703 452 1753 semel
462 1706 630 1764 consecratum,
639 1717 684 1752 uon
694 1705 940 1765 cousecraturiterum,

146 1773 189 1824 nisi
203 1775 272 1826 fucrit
286 1775 428 1838 dissipatum.
444 1773 472 1823 Et
483 1773 534 1823 ideo
550 1771 604 1823 talis
618 1777 719 1836 potestas
735 1776 862 1824 secundum
881 1788 944 1825 suam

146 1847 265 1896 essentiam
284 1849 385 1896 remanet
398 1845 422 1894 in
440 1845 548 1908 homine,
567 1845 607 1908 qui
620 1858 663 1908 per
677 1846 872 1897 consecrationem
892 1860 943 1896 carn

145 1921 180 1968 est
189 1919 291 1982 adeptus,
304 1917 410 1980 quamdiu
423 1917 494 1978 vivit,
508 1916 556 1966 sire
568 1917 592 1965 in
605 1916 718 1976 schisma,
734 1916 783 1966 sire
798 1917 825 1966 in
839 1918 945 1968 haeresim

146 1989 246 2051 lahatnr3
259 1988 319 2052 qrmd
335 1993 396 2052 patet
411 2001 441 2038 er
457 1991 502 2038 hoc
519 1987 578 2052 quod
595 1987 686 2037 rediens
703 1988 731 2036 ad
750 1987 875 2038 Ecclesiam
898 2003 944 2039 non

144 2059 227 2109 iterum
240 2063 390 2109 consecratur.
406 2060 448 2110 Sed
459 2059 512 2123 quia
523 2063 626 2123 potestas
637 2058 733 2114 interior
747 2072 793 2110 non
804 2059 873 2111 dehet
882 2062 944 2110 exire

145 2130 170 2180 in
182 2133 269 2190 actum,
284 2130 327 2180 nisi
339 2131 463 2181 secundum
480 2130 540 2193 quod
552 2135 655 2182 movetur
667 2129 681 2178 a
694 2134 807 2193 potestate
818 2131 942 2195 superiori,

146 2205 171 2250 ut
181 2201 249 2252 etiam
263 2201 286 2250 in
299 2201 365 2250 rohos
380 2201 520 2252 naturalibus
529 2204 605 2265 patet,
619 2202 671 2252 inde
685 2205 720 2252 est
734 2201 792 2265 qudd
806 2203 867 2252 tales
879 2217 943 2253 usum

147 2272 263 2336 potestatis
278 2273 396 2335 amittunt,
411 2273 442 2322 ita
459 2271 561 2336 scilieet,
578 2272 640 2336 quod
657 2271 783 2323 conticeat
799 2271 834 2322 eis
848 2287 892 2323 sua
906 2287 945 2338 po-

146 2347 227 2394 testate
239 2345 281 2393 uti.
293 2341 317 2392 Sl
325 2347 401 2394 tamen
410 2343 446 2394 usi
458 2343 552 2402 tuerint,
562 2357 639 2394 eorum
650 2347 749 2408 poteslas
758 2343 867 2393 eiiectuur
876 2345 944 2394 hahet

146 2413 171 2462 in
182 2414 394 2477 sacramentalibus3
405 2415 457 2478 quia
469 2414 494 2462 iu
509 2414 545 2464 his
556 2415 623 2465 homo
634 2428 679 2465 non
694 2417 815 2478 operatur,
832 2415 878 2464 nisi
888 2415 943 2465 sicut

146 2485 321 2537 instrumentum
339 2485 387 2535 liei.
406 2485 471 2536 Unde
487 2485 580 2536 effectus
603 2485 776 2536 sacramentales
802 2499 850 2536 non
873 2488 946 2538 erctu-

147 2557 229 2607 duntur
241 2562 333 2622 propter
341 2557 429 2621 culpam
441 2569 606 2620 quamcumque
615 2556 753 2606 conferentis
766 2561 944 2608 sacramentum.

147 2628 251 2680 Potestas
264 2631 339 2679 autem
346 2627 536 2692 jurisdictionalis
546 2631 582 2678 est
592 2639 643 2690 qua
656 2640 686 2676 ex
696 2626 795 2690 simphci
804 2627 945 2692 injunctione

179 2779 210 2844 tt)
226 2778 317 2828 Scilicet
336 2781 410 2838 Epist.
431 2777 482 2841 Lll,
498 2782 552 2840 qutc'
564 2779 596 2826 oct
617 2778 786 2829 notationum
803 2781 944 2841 inscribitur,

146 2847 188 2892 seir
199 2845 243 2891 lih.
255 2847 298 2903 tv,
308 2844 383 2904 Epist.
397 2841 421 2890 fl.
