1992 3317
135 166 181 211 260
259 177 365 212 sncuuua
382 174 512 222 escoron,
530 175 622 219 cuasa.
640 177 678 223 ιι,
698 178 751 212 auu.
771 177 803 213 ιι.

139 250 319 312 «Εῖοιίιιηιίι
331 262 377 299 uon
390 249 435 299 citd
447 250 561 314 prolcrtur
573 256 651 301 contra
665 251 736 301 nialus
751 249 866 301 sententia
887 250 928 313 tlt,

137 323 221 385 absque
238 320 320 369 timore
333 320 379 369 ullo
393 320 433 369 filii
446 321 565 371 hominum
579 325 712 386 perpetrant
727 320 794 369 male.
810 336 823 367 u
843 322 872 369 Et
881 321 930 370 ideo

136 391 236 443 Ecclesia
246 392 318 456 primo
328 392 418 455 quidem
430 396 569 443 revertentes
580 394 608 442 ab
619 393 756 443 heresium
768 393 840 441 solum
853 392 931 455 recipit

136 466 164 513 ad
177 463 345 527 paenitentiam,
353 464 393 513 sed
406 464 476 513 etiam
489 468 607 513 conseruat
619 476 657 514 eos
667 464 692 513 in
706 464 766 525 vita,
781 466 804 514 et
817 463 930 513 interdum

135 535 234 584 restituit
253 546 293 583 eos
308 532 459 597 dispensative
482 535 510 585 ad
534 534 702 585 Ecclesiasticus
724 534 863 597 dignitates,
879 546 932 597 pnes

135 604 199 668 prius
214 604 339 664 habebant,
355 604 375 653 si
389 604 509 654 rideantur
522 604 575 655 vere
591 604 705 655 conuersi.
722 602 752 653 m
764 604 807 653 hoc
819 616 862 667 pro
874 604 932 655 bono

136 674 199 739 pacis
207 675 425 738 frequenterlegitur
433 689 484 726 esse
494 673 588 725 lactum.
598 676 643 726 Sed
656 676 744 739 quando
753 676 838 738 recepti
852 676 931 725 iterum

136 746 280 809 relabuntur,
299 746 388 796 uidetur
412 759 461 796 esse
484 746 576 810 signum
599 746 756 797 inconstantiae
775 751 855 795 coium
875 745 932 795 circa

136 818 211 867 fidem.
225 818 253 866 Et
263 817 314 867 ideo
324 815 417 867 ulterius
429 815 550 868 redeuutes
561 817 699 881 recipiuntur
712 816 804 880 quidem
815 818 844 867 ad
857 817 932 881 purni-

136 884 245 951 teutia'm,
260 893 395 940 nontamen
408 894 433 939 ut
446 889 593 941 liberentura
606 891 718 939 sententia
734 888 823 941 mortis.

50 1000 118 1083 us
137 1031 252 1095 cipiuntur
264 1034 400 1095 redeuntes3
412 1032 466 1095 quia
479 1032 538 1081 lteus
551 1034 665 1081 scrutator
677 1034 712 1080 est
722 1028 837 1093 cordium3
851 1036 875 1081 et
883 1028 932 1079 rere

113 1105 248 1159 andenntes
262 1106 387 1167 cognoscit.
410 1104 453 1153 Sed
475 1104 521 1153 hoc
544 1101 646 1153 Ecclesia
672 1100 757 1154 imitari
775 1112 823 1151 non
849 1106 932 1166 potest3

138 1175 254 1237 presumit
268 1176 330 1225 eninr
351 1186 390 1223 eos
402 1186 448 1224 nou
460 1172 513 1224 rere
534 1172 632 1235 reverti,
646 1172 698 1236 quia
710 1185 762 1221 cum
777 1174 866 1241 recepti
880 1172 932 1221 luis·

138 1249 202 1306 sent,
215 1246 297 1296 iterum
316 1248 370 1293 suunt
382 1243 473 1307 relapsi.
485 1246 515 1294 Et
528 1244 580 1295 ideo
594 1242 626 1293 eis
640 1244 700 1293 uiam
712 1242 791 1292 salutis
809 1256 858 1293 nou
869 1244 934 1293 deuc-

138 1319 190 1376 gat,
208 1315 248 1364 sed
265 1312 278 1362 d
291 1313 391 1378 pericrrlo
403 1314 482 1365 mortis
495 1328 535 1365 eos
549 1317 690 1364 contuetur.
976 1342 977 1405 p

170 1385 201 1433 ld
216 1385 339 1434 secundum
352 1384 487 1446 dicendum,
503 1385 563 1449 quod
578 1384 689 1433 Dominus
702 1384 800 1447 loquutur
820 1386 892 1435 Petro
909 1383 934 1431 de
976 1408 977 1423 ι

138 1459 231 1516 peccato
244 1454 268 1503 iu
282 1468 333 1505 euru
348 1456 487 1507 commisso:
501 1456 561 1519 quod
577 1460 610 1505 est
621 1466 711 1517 semper
727 1453 900 1515 dimittendum,
911 1455 934 1500 ut

139 1525 201 1574 tratri
218 1526 320 1575 redeunti
332 1530 446 1589 parcatur.
462 1527 514 1577 Non
527 1528 603 1576 autern
616 1524 747 1589 intelligitur
761 1526 788 1575 de
801 1528 897 1589 peccato
910 1524 938 1573 iu

137 1596 275 1661 proximum,
290 1600 326 1648 rel
340 1599 363 1647 in
377 1600 446 1649 lteuur
460 1598 593 1661 commisso,
602 1596 663 1661 quod
678 1610 723 1647 uon
737 1598 773 1646 est
788 1597 864 1647 nostri
877 1596 933 1647 ardi-

139 1669 174 1717 trii
189 1668 309 1730 dimittere,
317 1673 343 1718 ut
354 1670 506 1734 Hieronymus
514 1670 582 1733 dicit3
596 1668 714 1719 sedetiam
725 1668 803 1719 inhoc
816 1672 853 1719 est
867 1668 935 1729 ilege

138 1741 218 1790 ruoduts
231 1744 330 1790 statutus
343 1742 466 1791 secuudum
479 1740 539 1803 quod
557 1739 660 1802 congruit
679 1738 760 1789 honori
777 1739 819 1789 liei
840 1744 864 1789 et
879 1737 935 1788 utili·

139 1810 180 1859 lati
196 1810 358 1873 proximorum.
515 1813 517 1822 '

172 1883 204 1929 ad
223 1881 312 1930 tertium
334 1880 467 1944 dicendum,
490 1880 550 1945 qudd
573 1880 611 1931 alii
632 1880 747 1943 infideles,
763 1880 804 1945 qui
821 1892 936 1945 nunquam

141 1951 207 2000 sudem
226 1955 374 2014 acceperunt,
390 1952 494 2002 conuersi
512 1953 540 2001 ad
554 1952 633 2016 fidem,
648 1952 747 2001 nondum
762 1954 887 2001 ostendunt
900 1948 936 1999 ali-

141 2021 200 2084 quod
212 2021 303 2083 signnm
319 2020 478 2073 inconstantis
492 2022 551 2072 circa
564 2022 644 2081 tidem,
661 2022 719 2072 sicut
729 2022 831 2073 haretici
845 2020 932 2085 relapsi.

141 2092 170 2140 itt
184 2092 235 2141 idco
249 2104 295 2141 non
308 2092 434 2142 estsimilis
447 2093 504 2143 ratio
517 2095 545 2143 de
556 2094 668 2157 utrisque.

176 2199 206 2260 (l)
221 2202 264 2245 Vel
275 2201 399 2247 secundum
415 2202 445 2246 7⁰
458 2218 464 2245 ε
481 2204 547 2260 Quale
560 2216 610 2247 nora
626 2205 653 2263 pt
666 2202 831 2248 contradictio
843 2204 936 2261 samea-

143 2264 206 2307 tibrer
214 2263 307 2307 mulum
320 2264 384 2313 cito,
397 2264 453 2309 ideo
463 2266 582 2323 repletam
593 2270 625 2309 cat
639 2278 681 2309 cor
692 2266 803 2323 liliorum
815 2266 936 2309 dominam

141 2327 170 2369 ln
186 2326 220 2369 cis
235 2328 262 2369 tot
278 2324 374 2383 saciant
386 2326 488 2371 malam.
505 2325 567 2379 Quod
586 2326 619 2371 sic
639 2328 739 2383 explicat
752 2326 906 2383 Hieronymus
928 2338 932 2364 :

143 2387 208 2442 Quia
219 2400 269 2431 mon
282 2389 364 2431 atatim
374 2387 438 2431 Deua
452 2388 530 2433 accinta
541 2388 688 2439 ulciscitur,
702 2389 741 2433 ced
752 2388 835 2447 diffcrt
846 2398 935 2447 paenam

143 2449 202 2492 dmm
221 2454 330 2506 expectet
345 2452 531 2507 pestilentiam,
550 2450 605 2495 idco
621 2455 756 2508 peccatores
769 2456 884 2507 putantes
897 2460 934 2492 dt·

144 2523 263 2568 pupparum
277 2513 393 2570 solorum
408 2525 455 2557 crac
472 2512 658 2569 judicaremini
678 2514 764 2559 scelere
775 2512 935 2571 perreverent-

495 2733 596 2744 -u——un
