1992 3317
377 148 408 184 DE
422 147 490 186 0⁹10.

345 331 503 384 laudastis
518 330 537 383 l.

191 457 275 502 Utrum
284 457 339 514 quia
355 458 426 514 possit
436 457 514 503 Deum
523 459 577 503 odio
591 459 683 506 habere.

63 587 97 636 ild
117 583 216 648 primum
233 583 267 634 sie
284 582 412 647 proceditur
419 583 462 648 (l).
476 584 570 636 Videtur
588 586 648 650 pudd
668 587 739 638 ileum
760 589 837 638 nullus

33 657 86 708 odio
100 656 188 707 habere
206 654 286 719 piassil.
304 653 363 705 Dicit
379 654 439 706 enim
453 655 574 722 dionysius
590 658 637 719 Ν,
648 671 699 723 eap.
719 660 755 708 De
780 660 834 710 diu

33 729 123 786 Nom„
134 725 196 790 qudd
207 743 221 774 a
231 725 337 776 omnibus
344 727 438 778 amabile
449 733 471 778 el
479 727 588 790 diligibile
595 733 632 778 est
639 729 738 792 primum
748 731 833 780 bouum

34 801 57 847 et
68 798 202 862 pulchrum.
212 813 226 845 u
236 798 280 848 Sed
295 798 354 848 lleus
365 801 401 848 est
413 797 463 864 ipsa
476 799 566 850 multas
575 801 599 850 et
612 799 765 863 pulchritudo.
775 803 836 866 argo

36 869 124 922 anullo
138 870 191 922 edio
205 870 308 920 habetur.

65 949 89 992 a.
105 940 273 1003 Praetereunt
289 941 427 1006 apocryphis
440 941 519 994 Esdie
533 942 617 993 dicitur
633 943 683 1008 (lib.
700 947 724 1007 a,
736 956 788 1007 cap.
802 943 835 1007 t),

36 1013 97 1077 qudd
110 1031 124 1062 a
135 1012 213 1064 amaia
226 1011 331 1064 invocant
344 1013 471 1078 veritatem,
484 1019 507 1064 et
519 1015 671 1078 dedignantur
681 1013 707 1063 iu
724 1014 835 1077 operibus

36 1085 93 1148 ejus.
103 1101 118 1132 »
133 1083 180 1134 Sed
189 1085 249 1134 lleus
263 1087 298 1134 est
309 1084 360 1148 ipsa
374 1085 470 1150 veritas,
479 1090 506 1136 ut
517 1086 600 1136 dieitiu
613 1089 696 1139 duan..
706 1085 763 1135 xlv.
778 1087 837 1148 drgo

37 1169 118 1208 amnes
131 1156 231 1219 diligunt
244 1157 329 1219 lleum3
342 1158 364 1206 el
377 1157 451 1208 nullus
460 1171 512 1208 eum
526 1158 579 1209 odio
591 1159 675 1209 laabere
687 1161 772 1221 potest.

67 1234 90 1277 a.
106 1229 234 1291 Praeterea,
243 1227 319 1278 adium
330 1231 366 1278 est
374 1228 461 1280 aversio
469 1229 581 1293 quedam.
589 1230 632 1280 Sed
645 1229 706 1279 sicut
714 1227 841 1292 iliaupsius

36 1299 90 1349 dicit
103 1299 128 1348 iu
143 1299 153 1348 l
170 1311 223 1362 dap.
235 1299 273 1348 De
286 1299 340 1349 dia.
356 1302 459 1350 Nomia.
483 1317 491 1350 :
508 1318 522 1348 a
536 1302 596 1350 Deus
607 1301 683 1351 amaia
695 1301 723 1351 ad
738 1299 838 1364 seipsum
883 1328 887 1332 ·

37 1369 159 1421 convellit.
176 1385 190 1416 a
205 1369 262 1432 liuga
276 1370 351 1419 nullus
364 1384 415 1420 eum
429 1370 481 1422 ddio
494 1371 577 1422 habere
590 1375 674 1434 polest.

67 1442 113 1492 Sed
129 1444 210 1492 coalia
227 1449 271 1502 est,
287 1443 346 1506 quod
361 1440 443 1492 dicitur
458 1441 483 1494 in
497 1442 567 1492 Pedi.
582 1443 685 1492 llllllll:
699 1459 714 1490 a
726 1443 840 1507 Superbia

37 1526 117 1564 earum
134 1512 175 1576 qui
195 1513 340 1575 tenderunt,
356 1514 460 1564 aseendit
478 1527 603 1578 semper3u
621 1518 645 1564 et
661 1514 747 1570 doun„
765 1515 836 1566 lllll:

42 1603 56 1632 u
66 1583 670 1644 Nunuaulemetuideruntetaderuuttueell’atrem
676 1597 762 1647 meum,
768 1590 837 1635 ete.»

70 1655 231 1720 (Conclusio.
242 1655 416 1718 -Quamquam
430 1657 490 1705 lieus
505 1655 630 1704 seeundum
641 1655 764 1704 essentiam
772 1668 838 1706 suam

36 1728 50 1778 a
66 1726 129 1777 nullo
146 1725 219 1790 possit
229 1727 283 1776 adio
295 1727 374 1777 haberi
384 1765 390 1786 ,
402 1727 526 1776 seeundum
535 1726 644 1789 quddam
658 1729 734 1775 lamed
742 1725 839 1788 justitie
872 1743 878 1755 ’

37 1811 84 1850 suae
98 1798 206 1861 allectus,
222 1801 296 1862 potest
310 1799 339 1848 ab
351 1797 464 1861 aliquibus
474 1798 527 1848 adid
543 1796 649 1860 haberi.)

69 1871 204 1934 Respondes
220 1869 351 1933 dicendam,
367 1869 425 1933 qudd
441 1869 501 1919 sieut
514 1882 543 1919 ex
560 1868 628 1931 supr'a
643 1867 708 1918 dietis
720 1869 783 1932 patet
791 1866 837 1932 (a),

38 1942 113 1994 edium
130 1945 166 1990 est
183 1941 274 2004 quidam
292 1945 367 1993 molus
383 1939 512 2005 appetitiva
525 1939 649 2004 potentie,
662 1952 713 2003 quae
725 1952 771 1988 ndu
790 1953 840 1990 md-

38 2019 106 2066 aelur
119 2013 165 2064 nisi
174 2015 203 2064 ab
214 2013 289 2077 aliquo
303 2013 454 2078 apprehensa.
467 2014 527 2062 Deus
543 2015 618 2062 autem
630 2011 748 2075 dupliciter
762 2012 791 2061 ab
799 2013 841 2062 he-

39 2086 100 2136 mine
112 2085 252 2150 apprehendi
269 2088 345 2149 potest
356 2099 361 2134 :
372 2097 419 2135 una
435 2085 502 2134 modo
516 2083 640 2133 meandum
658 2083 773 2146 seipsum,
786 2082 842 2146 pull

40 2171 90 2207 clim
102 2170 143 2222 per
155 2156 280 2208 essentiam
291 2155 396 2219 videtum
407 2155 451 2207 alio
463 2155 530 2208 mule
543 2167 584 2219 per
599 2155 693 2207 effeetus
705 2165 772 2215 suas,
788 2167 840 2203 dum

42 2228 129 2279 scilieet
142 2245 157 2276 «
171 2223 295 2276 invisibilia
309 2227 349 2277 llei
359 2241 400 2290 per
414 2239 503 2290 eaque
517 2227 577 2276 lacta
591 2229 645 2275 suut
658 2225 773 2274 intellecta
784 2237 840 2275 edu-

41 2299 170 2364 aspiciuntur
178 2297 222 2363 (3).
238 2315 252 2346 »
266 2299 325 2352 Deus
338 2301 414 2348 autem
428 2311 469 2361 per
486 2296 608 2348 essentiam
618 2309 682 2346 suain
691 2298 727 2346 est
739 2295 789 2360 ipsa
801 2295 843 2345 ho-

75 2405 107 2469 (l)
117 2409 150 2454 Ite
160 2408 274 2453 bisetium
285 2406 364 2465 supral,
375 2419 415 2462 qu.
428 2405 467 2463 15,
476 2411 520 2452 art.
529 2403 558 2460 ἐς
569 2404 728 2464 diffident..
737 2403 791 2449 dist.
802 2402 841 2462 50,

41 2483 83 2529 qu.
93 2471 117 2528 ἱ,
134 2475 177 2516 art.
188 2469 216 2527 l,
231 2471 368 2528 questiuuu.
379 2468 410 2522 53
429 2474 452 2514 el
464 2468 488 2513 iu
503 2469 586 2517 deun..
604 2469 635 2528 V,
651 2469 705 2512 leet.
716 2465 740 2525 8,
754 2467 800 2512 cul.
813 2465 841 2519 1;

40 2540 64 2580 et
77 2535 101 2578 iu
116 2534 237 2639 eumden}
253 2545 305 2589 dap.
320 2533 375 2590 XV,
388 2532 443 2576 leet.
454 2531 483 2590 5,
497 2532 544 2576 cul.
561 2529 589 2584 ¹3
605 2536 629 2575 et
638 2529 670 2574 ud
681 2531 761 2578 Ram..
770 2529 842 2588 VIII,

45 2597 213 2728 'ecgiffildcgalpa
224 2627 249 2724 Ι1,
268 2665 293 2725 2,
306 2677 347 2722 qu.
365 2665 521 2726 29,urt.1:
538 2665 625 2712 istriam
642 2676 717 2710 eausa
735 2663 791 2710 odii
812 2665 846 2710 αἳ

46 2729 155 2862 Μῖξῖᾬῑ
168 2800 200 2848 ud
214 2801 295 2852 atem„
307 2801 335 2857 1,
352 2811 412 2845 vers.
429 2799 475 2856 2⁰,
489 2799 582 2857 dieitur,
596 2798 638 2846 ubi
650 2810 692 2855 pet
702 2795 844 2846 invisibilia

49 2861 93 2910 ilat
106 2861 245 2922 significatur
256 2862 357 2910 audemia
368 2863 420 2922 ipsa
430 2861 508 2909 divine
519 2895 526 2923 ,
542 2873 594 2919 qua
606 2873 654 2910 uua
665 2860 759 2920 (ψίὼω
770 2859 796 2904 iu
808 2870 844 2922 sa,
