1992 3317
205 186 209 194 '
270 185 287 218 ι’
307 179 532 234 neminemid?
772 184 819 234 'tto

39 269 158 324 trediutar
168 271 194 322 de
203 269 309 323 omnibus
316 270 429 336 peamtia3
438 274 463 322 et
474 271 519 321 hou
527 270 595 322 modo
603 270 757 336 imprudentia
770 285 818 323 nora

38 350 66 394 ast
84 343 179 407 generale
194 346 323 407 pennatum,
337 343 396 392 aiom
413 355 456 392 neu
468 341 588 404 prudentia
601 341 713 406 generalis
732 343 816 405 ainus,

39 419 82 464 rim
96 413 187 465 steiana
200 417 265 464 amna
275 414 402 478 eperialaa,
418 412 505 464 scilicet
522 416 582 464 elrna
595 414 656 478 ipsos
668 417 734 464 actus
747 414 818 465 ratio·

39 488 74 536 ris.
91 485 137 535 llio
146 486 208 536 mode
218 498 261 549 per
269 484 481 549 participationem
492 487 516 534 et
528 487 574 536 huo
585 487 652 540 medo
666 486 818 551 imprudentia

38 562 64 606 nst
75 557 171 620 generale
181 560 306 620 pennatam.
321 556 384 607 Siout
396 555 457 608 enirn
471 557 590 621 prudentia
604 557 752 623 participatur
762 571 820 622 quo·

38 628 145 678 lammodo
158 627 180 677 in
194 627 442 690 emmerammus,
455 628 600 692 inquantum
611 632 647 679 ast
661 629 770 681 directiua
780 643 819 681 ea·

40 713 86 760 nm,
100 699 132 750 ita
144 701 166 748 et
176 699 327 763 imprudentia
337 697 365 748 im
379 699 484 750 omnibus
496 697 558 748 vitiis
576 702 600 750 et
610 699 717 764 perantia
732 701 819 752 nullum

42 770 89 819 nim
98 773 211 833 paeeamm
221 774 299 834 potent
309 770 425 832 arridere,
437 769 482 820 uiri
491 770 522 819 sit
532 769 633 820 deiectus
644 770 667 820 in
678 771 751 836 aliquo
766 775 818 822 actu

38 841 120 892 ationis
128 841 253 905 mentis,
267 843 326 906 qaod
338 842 437 907 pertinet
449 843 478 892 ad
488 841 671 906 imprudentiam.
682 842 770 894 sivero
782 844 818 894 di·

38 919 89 963 atur
98 917 208 976 promtum
219 914 322 977 generale
331 927 377 964 non
392 913 532 978 simpliciter,
543 913 583 964 sed
591 913 714 963 aeoundlrm
727 912 819 978 aliquod

39 997 112 1044 anua,
127 984 178 1048 qnia
194 983 282 1035 arrideat
297 986 400 1036 eontinet
411 986 454 1035 sub
470 998 496 1035 ae
509 984 591 1034 multas
604 983 693 1049 speeies
700 1020 709 1046 ,
723 983 757 1034 sio
773 985 818 1034 im·

39 1055 143 1106 audentia
158 1059 192 1106 eut
208 1057 314 1121 generale
333 1060 467 1122 promtum
484 1055 585 1107 eontinet
603 1055 664 1106 enim
686 1055 728 1105 sub
740 1068 765 1106 re
784 1055 831 1110 di-.

38 1140 103 1177 ersaa
117 1126 202 1191 aperies
217 1126 338 1192 tripliciter
353 1144 359 1176 :
375 1138 421 1178 uno
435 1128 527 1192 quidem
540 1127 616 1190 modo,
631 1140 672 1192 per
689 1125 819 1192 oppositum

39 1202 47 1248 t
63 1198 165 1249 diruam
176 1201 254 1262 partos
274 1199 415 1263 subjectivae
425 1197 565 1264 prudentiar;
581 1199 642 1249 sinat
658 1198 720 1249 eninr
736 1197 818 1248 diadin-

39 1272 99 1320 ritur
109 1270 226 1334 prudentia
240 1270 265 1321 in
280 1271 439 1335 monaotioam,
453 1283 504 1335 qnae
515 1273 549 1322 est
559 1271 656 1336 regitiva
666 1269 743 1334 uulua,
759 1272 781 1321 et
792 1269 819 1320 in

41 1345 77 1390 ias
96 1340 184 1405 speeies
198 1341 336 1406 prudentiae,
350 1355 401 1407 que
417 1345 471 1392 aunt
491 1340 642 1393 multitudinis
659 1340 763 1405 regitino
768 1377 776 1404 ,
790 1342 817 1390 at

38 1412 88 1476 apra
99 1411 199 1462 habitam
208 1415 243 1464 est
258 1415 307 1478 (dt,
316 1413 349 1463 ita
365 1413 433 1464 etiam
449 1413 610 1479 imprudentia.
625 1411 762 1475 ullomodo,
780 1425 819 1464 aa·

38 1484 121 1534 rudiam
134 1488 210 1549 partes
220 1485 285 1548 quani
298 1484 436 1549 potentiales
447 1485 582 1548 prudentia,
595 1497 646 1550 qua
655 1485 708 1534 aaut
721 1484 818 1535 virtuter

37 1557 150 1619 lJ'unota,
168 1559 191 1605 et
206 1556 349 1621 arripiuntur
363 1555 490 1607 seeundum
513 1555 613 1606 diversos
629 1559 693 1605 aetus
707 1555 818 1618 rationisp

55 1630 106 1678 hoo
122 1628 188 1678 modo
200 1631 310 1691 quantum
327 1627 356 1678 ad
374 1628 489 1678 deieetrrm
509 1626 611 1688 consilii,
628 1626 688 1676 cirea
708 1625 768 1690 quod
783 1629 821 1676 eat

37 1699 120 1760 rbulia,
135 1701 171 1750 ort
181 1698 331 1763 prmoipitatio
344 1700 393 1750 aire
405 1699 532 1760 mantas,
543 1695 701 1763 imprudentia
713 1695 816 1761 speeiea3

37 1770 193 1830 nantnmnerd
203 1771 231 1821 ad
246 1769 358 1822 detectum
372 1768 528 1835 judicii,eirca
545 1770 605 1832 quand
619 1772 674 1820 aaut
692 1767 782 1832 synesis
797 1769 820 1817 et

41 1856 107 1904 ome,
119 1845 155 1892 eat
170 1842 376 1907 ιἰιιιιιιιίἀιναιίος
390 1845 502 1906 qnantum
519 1839 572 1892 ueri
587 1841 616 1891 ad
627 1840 702 1904 ipsum
715 1852 817 1903 precep-

37 1931 77 1976 ιιι,
88 1915 152 1977 quod
167 1916 204 1964 ast
219 1911 398 1979 propriua‘actus
407 1911 548 1978 prudentie,
563 1915 598 1964 eat
614 1911 782 1962 inconstantia
796 1911 820 1959 at

38 1986 184 2050 qlr'pentr'a.
200 1984 277 2038 mnia
294 1985 362 2036 modo
377 1988 453 2049 pateat
468 1984 529 2034 anmi
540 1997 583 2049 per
596 1982 726 2048 oppositum
742 1982 769 2031 ad
791 1994 821 2032 ea

39 2074 61 2108 m
80 2054 231 2120 requiruntur
245 2059 272 2108 ad
284 2056 507 2121 prudentiamque
525 2059 578 2106 aunt
591 2054 656 2120 quasi
669 2059 746 2119 partes
759 2053 820 2105 inte-

38 2132 88 2178 ales
103 2127 241 2192 prudentie.
251 2128 296 2178 sed
306 2128 359 2193 quia
370 2128 446 2178 omnia
455 2127 493 2179 iila
506 2127 637 2178 ordinantur
649 2123 676 2175 ad
689 2123 821 2188 dirigendos

37 2201 140 2252 edictus
158 2201 207 2250 tren
218 2199 406 2262 ramentorum,
422 2198 477 2248 iude
493 2201 528 2249 est
543 2196 604 2261 quod
625 2208 704 2248 omues
718 2193 821 2247 detectus

38 2272 114 2338 pinsiti
128 2270 271 2322 roduenmm
284 2271 312 2320 ad
322 2272 419 2334 quatuor
431 2270 550 2334 pradiotas
562 2263 655 2334 partes,
665 2268 724 2319 ment
734 2268 820 2317 incoo-

37 2348 58 2393 ἰι
84 2346 111 2394 et
133 2343 353 2408 domincumopeatr'o
376 2341 521 2392 ineludantur
539 2341 582 2392 aab
601 2339 819 2402 inconsideratione3

38 2417 67 2465 'nd
88 2416 174 2465 autam
187 2412 270 2477 aliquia
288 2411 378 2464 deficiat
390 2413 536 2476 ddooilitate,
549 2413 587 2463 uel
598 2409 720 2472 memoria,
734 2410 771 2461 rel
784 2423 820 2460 ra-

39 2501 87 2546 ne,
99 2485 208 2551 pertinet
217 2486 245 2535 ad
257 2484 481 2550 precipitationem3·
489 2483 662 2550 improvidentia
675 2481 730 2533 rard
744 2484 767 2532 et
780 2481 821 2533 de·

39 2564 80 2608 tus
96 2556 262 2680 ingilgerio
272 2560 295 2610 et
307 2556 405 2609 mlertie
415 2557 517 2622 partinet
530 2556 558 2606 ad
572 2553 734 2622 negligentiam
748 2551 820 2604 etm-

38 2635 105 2680 astam
145 2641 180 2679 m.

37 2783 69 2846 fl)
89 2785 156 2831 Tum
172 2796 214 2842 qu.
230 2782 270 2844 td,
283 2790 327 2831 art.
340 2784 424 2842 unieo,
438 2782 477 2829 ubi
495 2781 817 2842 generalitumpropounntuur

37 2863 48 2892 ι
66 2860 114 2904 qn.
126 2845 179 2905 mli,
194 2847 234 2909 nii
243 2852 356 2900 tractatur
368 2846 496 2906 aialim,
510 2841 819 2902 arti..miltoetlsupmativa,

37 2907 210 2971 sequentinm
227 2905 332 2972 politior,
347 2907 652 2969 moonomiormtliturir..
719 2939 723 2948 r
748 2941 775 2963 ,.
810 2939 813 2946 a
