1992 3317
184 188 191 201 ·
238 178 268 216 uu
283 178 376 217 mmo
393 178 490 217 ouarrar
507 179 677 221 coornaturrs.
829 176 860 223 89

57 251 93 303 ille
105 253 142 317 qui
154 254 224 305 labet
241 255 337 318 gratiam
353 259 435 319 potest
441 258 524 307 mereri
537 258 612 323 aliquo
628 260 696 311 modo
707 260 779 312 uitam
794 265 861 314 aeler-

56 338 114 388 nam,
125 326 195 376 multd
207 327 282 390 magis
293 326 332 377 ille
347 329 389 391 qui
400 342 449 378 non
460 330 538 380 trahet.

85 400 107 446 a.
121 398 246 459 amaea,
268 399 429 450 misericordia
447 405 471 450 et
489 401 613 453 liberalitas
629 404 680 467 liei,
700 404 723 454 in
745 404 860 456 infinitum

55 469 138 519 cneedit
162 470 345 521 misericordiam
362 475 387 521 et
404 471 565 523 liberalitatem
581 476 713 525 humanam.
735 477 780 527 Sed
799 492 860 529 uuus

55 541 117 591 lromo
128 545 206 605 potest
219 542 280 605 apud
294 542 366 591 aliurn
381 542 483 607 mereri,
496 543 586 595 etiamsi
599 560 717 609 nunquam
735 549 784 609 ejus
804 564 859 612 gra-

54 612 104 661 lium
118 617 173 663 aute
195 613 312 663 habuerit.
332 615 395 678 Ergo
413 615 507 664 uidetur
528 615 588 678 quod
609 617 680 669 multo
700 619 773 683 magis
791 620 859 670 honio

53 684 132 747 absque
149 685 224 748 gratia
237 686 311 735 vitam
328 690 440 736 amanam
450 686 532 747 possit
544 686 556 737 l
570 689 616 738 lieo
631 690 723 739 mereri.

80 758 124 807 Sed
137 761 218 807 contra
235 760 285 816 est,
298 758 359 821 quod
373 757 499 820 Apostolus
513 758 567 809 dicit
584 762 666 821 liano„
680 762 709 810 vl
729 778 735 811 :
753 778 766 809 u
782 762 858 812 Gratia

53 830 88 877 [rei
100 828 147 878 rita
159 833 261 879 autema.
273 846 288 875 »

81 900 241 958 lCououusro.
251 928 283 938 -
292 900 352 950 Ciam
363 901 412 949 uita
426 904 512 951 aterna
521 915 612 953 omnem
621 905 709 953 natura
727 902 858 955 facultatem

51 974 157 1036 excedat,
170 987 218 1023 non
237 977 318 1036 potest
333 974 420 1036 homo,
435 986 510 1036 neque
526 975 551 1023 in
570 978 631 1024 statu
650 977 737 1025 natura
751 974 857 1040 integro,

50 1056 122 1106 oeque
135 1045 159 1093 iu
168 1049 232 1094 statu
245 1048 336 1095 naturae
346 1048 470 1108 eorruptae,
481 1045 555 1107 ipsam
569 1046 654 1109 absque
666 1045 737 1108 gralia
751 1049 774 1095 et
783 1046 858 1098 diviua

48 1115 245 1180 reconciliatione,
261 1114 334 1166 ilieo
352 1115 503 1179 promereri.)

76 1186 213 1251 despondeo
241 1187 382 1251 ffieendnm,
402 1186 464 1250 quod
487 1188 588 1237 hominis
608 1187 659 1237 sine
681 1187 753 1250 gralia
778 1188 859 1253 duplex

48 1262 116 1308 ¹<latus
134 1259 279 1309 considerari
292 1263 384 1323 potest,
399 1258 460 1308 sient
474 1258 542 1322 sopri
554 1260 641 1309 dietum
657 1261 693 1308 est
711 1274 717 1307 ε
732 1272 794 1309 unos
804 1261 859 1322 qui-

49 1331 206 1390 damnatura
214 1329 413 1393 integra,qnalis
423 1330 467 1378 luit
476 1330 500 1380 in
511 1331 581 1379 ddanr
591 1332 644 1381 aute
655 1334 789 1395 peccatum3
802 1331 859 1381 alius

51 1407 132 1465 auem,
142 1405 236 1452 naturae
254 1398 533 1465 corruptae‚siei1leslin
548 1402 614 1453 uobis
625 1404 680 1451 ante
694 1402 859 1464 reparationem

51 1474 126 1530 gratia.
143 1474 170 1523 Si
185 1486 242 1536 ergo
255 1472 375 1535 loquamur
394 1472 533 1523 denomino
549 1474 624 1537 quoad
644 1472 743 1536 primum
760 1476 857 1535 statum,

51 1541 137 1594 sionna
151 1544 245 1594 mtiono
261 1555 308 1593 uon
323 1547 402 1607 potest
416 1544 485 1593 homo
501 1544 584 1593 mereri
602 1544 687 1607 absque
702 1542 774 1607 gratia
789 1544 858 1593 ritum

49 1618 151 1664 cateruam
169 1629 213 1679 por
230 1628 289 1679 pura
308 1614 438 1676 naturalia3
457 1614 509 1677 quia
525 1614 613 1664 seilicet
633 1614 739 1663 meritum
759 1612 859 1663 hominis

49 1684 156 1746 ‹lcqeudet
172 1699 203 1735 ex
214 1685 413 1749 praeordmatione
428 1684 513 1734 diviua.
526 1688 683 1737 detonantem
693 1683 857 1745 cujuscumque

50 1756 79 1802 rei
93 1770 138 1805 nou
151 1758 276 1807 ordinatur
287 1754 402 1806 diuinitus
419 1756 447 1805 ad
462 1755 548 1819 aliquid
562 1755 675 1805 excedens
688 1752 857 1817 proportionem

51 1825 134 1876 uir-tritis
145 1842 197 1891 quae
206 1831 243 1879 est
254 1827 397 1890 principium
416 1830 492 1888 aetus;
505 1828 547 1877 hoo
557 1827 618 1877 enim
628 1829 665 1875 est
675 1838 704 1875 ex
714 1822 857 1875 institutione

51 1896 128 1947 duma
144 1896 313 1961 prouidentiae,
330 1900 358 1946 nt
371 1894 432 1945 nihil
448 1901 500 1959 agat
514 1898 572 1947 ultra
583 1910 648 1947 auam
668 1896 787 1944 inlutum.
805 1894 858 1945 Vita

51 1971 121 2015 arulum
144 1972 232 2019 aterna
252 1971 289 2017 eat
310 1967 427 2029 quoddam
447 1967 532 2017 bouum
552 1970 665 2019 excedens
687 1966 858 2031 proportionem

51 2042 132 2088 craturae
146 2045 243 2103 creata,
258 2039 314 2101 quia
331 2038 404 2088 etiam
417 2038 506 2088 excedit
517 2038 671 2099 cognitionem
684 2041 708 2087 et
721 2036 856 2087 desiderium

50 2108 238 2170 cinnamomum
255 2109 312 2159 illud
321 2110 341 2159 l.
357 2116 428 2173 cor„
441 2110 462 2157 ll
474 2125 480 2157 :
494 2126 508 2155 u
518 2111 566 2159 Nec
577 2109 657 2161 oculus
666 2107 731 2168 vidit,
744 2106 856 2158 ueeauris

51 2179 142 2243 audiuit,
152 2194 195 2231 nee
206 2182 231 2231 in
245 2195 286 2232 cor
294 2180 401 2231 hominia
412 2181 522 2231 aseendit.
533 2197 547 2226 n
562 2180 592 2230 Et
604 2180 658 2230 inde
672 2182 707 2229 est
721 2176 782 2242 qudd
796 2178 858 2227 nulla

52 2256 125 2301 natura
145 2258 225 2304 ereata
243 2258 281 2303 est
300 2252 422 2303 sufficiens
440 2252 577 2317 principium
596 2255 661 2301 actus
680 2248 791 2301 meritorii
805 2249 858 2300 uitur

52 2326 151 2385 arcarum,
163 2323 209 2373 nisi
222 2325 392 2387 superaddatur
403 2322 494 2386 aliquod
511 2323 682 2389 supernaturale
693 2323 786 2377 donum,
797 2320 857 2382 quod
903 2366 913 2382 ,

51 2393 120 2453 gratia
131 2396 222 2446 dicitur.
232 2396 258 2445 Si
273 2396 332 2447 uero
347 2396 469 2457 loquamur
480 2396 508 2445 de
519 2394 613 2447 homine
630 2394 672 2443 suli
686 2394 781 2455 peccato
796 2390 858 2441 exis·

51 2469 122 2528 tcum,
134 2468 225 2517 additur
238 2482 292 2518 eum
307 2469 356 2517 hoe
370 2466 470 2517 secunda
482 2467 554 2530 ratio,
567 2469 660 2530 propter
668 2461 857 2525 impedimentum

50 2539 140 2596 auocati
152 2538 212 2589 Cium
226 2540 290 2590 enim
306 2541 433 2605 peceatum
454 2538 485 2601 sit
500 2540 600 2602 quodam
621 2536 663 2586 Dei
679 2536 767 2585 offensa
781 2534 858 2582 exclu-

48 2610 103 2658 lcua
117 2610 190 2660 irrita
201 2614 285 2661 aeterra
300 2611 344 2675 (ut
359 2612 425 2673 patet
438 2622 479 2671 per
489 2610 557 2673 supra
567 2607 657 2671 dieta),
670 2605 746 2657 nulus
756 2603 780 2651 in
799 2604 859 2652 statu

50 2680 134 2732 pcccati
150 2681 253 2733 existam
267 2680 431 2747 potestatam
445 2684 553 2732 aternum
564 2678 663 2739 mereri,
674 2675 719 2726 uisi
735 2672 798 2737 priris
811 2674 856 2752 lieo

50 2751 205 2803 reconcilietur
218 2752 314 2805 dimisso
328 2754 438 2817 peccato,
453 2753 512 2815 quod
525 2752 550 2802 fit
564 2765 605 2815 per
619 2747 727 2814 gratiarm
743 2746 857 2807 peccatori

48 2824 109 2870 cuim
118 2836 164 2873 nou
179 2824 275 2874 debetur
291 2825 360 2884 uita,
372 2822 495 2884 seimona,
508 2818 631 2875 secundiaco
645 2818 702 2868 illud
715 2818 798 2869 llum-2
808 2812 837 2861 IV

49 2912 62 2939 u
74 2892 218 2958 Stipendium
229 2897 321 2960 peccati
336 2907 434 2946 mors.»
