1992 3317
168 108 216 157 ‚hs
230 116 365 159 rummaldi
381 110 444 161 acro
461 111 618 174 cataneus,
632 118 689 163 aad·
790 111 835 161 tet

30 194 74 258 qui
85 198 207 261 pugnant,
219 208 314 261 qnorum
327 196 422 249 alterum
433 200 544 251 vellemus
555 199 653 252 vincere.
668 199 712 250 Sed
723 210 785 250 amor
795 201 835 264 qui

32 270 69 316 est
79 267 104 316 in
118 266 223 331 appetitu
240 267 396 334 intellectivo,
408 270 478 322 etiam
488 272 564 323 dilicit
582 270 778 335 dhonerolentia3
791 271 836 321 im-

30 341 108 401 portat
118 338 180 387 enim
191 339 311 402 quamdam
326 340 433 391 unionem
447 342 570 393 secundhm
585 343 690 393 allectum
700 343 798 393 amantis
808 342 838 392 ad

29 412 149 470 amatum,
158 409 184 459 in
194 413 303 473 mantum
317 410 404 463 scilicet
418 424 497 463 amans
507 413 606 466 aestimat
617 418 718 464 amatum
728 414 837 478 quodam·

28 482 99 531 modo
115 484 141 530 nt
154 494 227 531 unum
242 481 302 545 sihi,
319 482 357 531 rel
376 484 405 533 ad
425 496 449 535 sc
464 483 598 549 pertinens,
613 484 682 536 etsie
695 488 799 535 movetur
812 484 838 535 in

28 552 118 616 ipsum.
139 554 186 603 Sed
206 553 365 604 benevolentia
388 558 423 605 est
443 556 541 621 simplex
564 560 628 609 ectus
652 556 775 607 voluntatis
791 569 837 620 quo

28 626 139 675 volumus
148 624 217 676 alicui
226 626 321 689 honum,
329 626 398 677 etiam
407 639 453 680 nou
461 627 628 693 presuppositd
636 626 744 693 prodicta
752 628 837 678 unione

29 697 129 747 allectus
142 698 170 748 ad
184 697 269 762 ipsum.
283 698 321 747 Sic
336 711 391 761 ergo
405 698 430 748 in
444 698 579 764 dilectione,
592 699 718 750 secunddm
728 699 789 763 qudd
801 702 836 749 est

29 772 97 819 actus
112 768 246 831 eharitatis,
260 768 384 820 includitur
396 770 486 835 qudem
503 770 677 835 benevolentia,
692 772 733 821 sed
744 770 836 821 dilectio

29 841 81 890 sive
95 854 160 891 amor
169 839 232 891 addit
246 838 352 891 unionem
367 841 470 892 allectus.
482 840 513 891 Et
527 844 619 907 propter
630 843 674 892 hoc
687 841 837 907 Philosophus

30 912 87 962 dicit
100 912 201 977 ibidem,
220 910 281 977 qudd
297 912 479 963 chenerolentia
491 915 527 963 est
541 912 679 977 principium
689 912 804 963 amicitie.
820 929 835 959 ι)

63 982 99 1033 rtd
116 984 216 1049 primum
237 996 291 1047 ergo
314 983 448 1045 dicendum,
463 983 525 1049 qudd
542 983 694 1047 Philosophus
708 984 740 1035 ihi
753 984 837 1035 diffinit

30 1070 132 1115 amere,
145 1070 192 1107 non
203 1068 293 1120 ponens
305 1058 377 1107 totam
386 1056 497 1107 rationem
510 1055 593 1121 ipsius,
608 1056 648 1106 sed
661 1054 747 1118 mquid
759 1055 788 1105 ad
797 1068 834 1105 ra-

30 1127 120 1179 tionem
130 1129 182 1195 ejus
194 1127 320 1193 pertinens,
334 1127 358 1177 in
371 1141 417 1191 quo
426 1128 524 1180 manime
539 1127 698 1179 manifestatur
708 1127 835 1179 dilectionis

32 1203 106 1251 ectus.

63 1270 97 1321 Ad
113 1272 240 1321 secundum
257 1270 392 1333 dicendum,
404 1270 464 1335 qudd
480 1271 570 1324 dilectio
584 1276 619 1324 est
632 1277 697 1323 actm
710 1272 835 1323 rotundatis

32 1342 55 1392 in
68 1344 156 1395 honum
165 1344 278 1406 tendens,
286 1344 327 1393 sed
339 1356 390 1393 cnm
404 1343 502 1407 quadarn
517 1346 602 1396 anione
616 1346 645 1395 ed
657 1347 773 1410 amatum,
785 1359 837 1409 qne

32 1416 125 1479 quidem
142 1414 167 1463 in
180 1415 336 1465 benevolentia
349 1428 394 1465 non
413 1416 556 1479 importator,

63 1488 97 1537 td
121 1484 216 1536 tertium
230 1484 365 1549 dicendum,
385 1485 446 1551 qudd
465 1486 488 1535 in
510 1490 597 1537 tantum
614 1487 653 1537 illa
668 1501 718 1552 que
732 1488 836 1539 Philoso-

32 1558 92 1621 phus
100 1556 135 1608 ihi
148 1556 264 1623 ponit,ad
274 1557 397 1607 amicitiam
406 1558 567 1622 pertinent,in
577 1561 688 1622 quantum
699 1560 835 1622 proveniunt

32 1642 62 1677 ex
80 1640 158 1679 amore
170 1642 238 1693 quem
252 1628 303 1691 quis
314 1629 382 1680 hahet
394 1630 422 1679 ad
434 1628 548 1693 seipsum,
561 1634 587 1678 ut
604 1628 688 1679 ibidem
700 1629 795 1691 dicitnr,
808 1634 836 1680 nt

32 1700 121 1753 scilicet
132 1700 184 1753 haec
193 1700 269 1750 omnia
280 1700 361 1764 aliquis
374 1714 428 1765 erga
437 1701 535 1761 amicum
545 1705 597 1764 agat
604 1699 663 1750 sicut
674 1700 703 1750 ad
717 1699 833 1764 seipsum;

31 1774 91 1835 quod
106 1774 207 1837 pertinet
220 1774 248 1825 ad
259 1773 389 1837 praedictam
404 1774 512 1825 irmionem
522 1772 623 1823 affectus.

322 1943 362 1997 llll
368 1944 491 1995 stellulis
507 1944 549 1997 111.

62 2062 151 2109 Ulrsim
161 2062 226 2107 Deus
241 2062 273 2107 ait
284 2066 382 2120 propter
390 2062 492 2119 capsum
500 2060 805 2119 exodorimtedilioeudue.

63 2182 100 2233 nd
107 2182 202 2233 tertium
212 2181 245 2233 sic
255 2181 383 2247 proceditur
393 2182 438 2246 (t).
450 2180 544 2231 Videtur
551 2178 613 2245 qodd
620 2179 681 2231 heus
689 2192 735 2230 non
743 2185 836 2244 propter

32 2256 149 2320 seipsum,
170 2254 210 2305 sed
226 2257 318 2318 propter
331 2254 391 2304 aliud
406 2253 511 2317 diligatur
527 2265 557 2303 ex
567 2251 686 2302 charitate.
700 2250 758 2301 llicit
774 2252 835 2302 enim

31 2327 156 2391 Gregorius
174 2327 197 2377 in
212 2328 308 2393 quedem
326 2326 437 2377 homilia:
455 2342 470 2374 n
485 2325 521 2374 Ex
533 2324 570 2374 his
591 2336 641 2387 quo
654 2322 717 2374 norit
733 2322 834 2387 animus,

33 2400 101 2451 discit
116 2399 235 2463 incognita
246 2411 321 2449 amare
331 2396 375 2463 (a).
387 2414 401 2447 n
416 2396 488 2449 Vocat
499 2401 575 2448 antem
589 2395 716 2459 insepulto
729 2394 836 2458 intelligi-

67 2526 100 2590 (ί)
115 2532 148 2575 lle
160 2530 197 2575 his
214 2529 284 2575 etiarn
297 2529 339 2587 lv,
350 2527 429 2577 Seni„
446 2528 499 2573 dist.
512 2527 540 2586 Ξ,
555 2539 596 2583 qu.
611 2524 641 2584 ἰ,
656 2531 700 2571 art.
719 2522 836 2585 l,quces-

34 2593 107 2638 tiunc.
123 2592 151 2651 1,
168 2592 197 2637 ad
215 2593 245 2647 ὓς
264 2596 288 2636 et
300 2591 400 2651 Operae„
419 2590 573 2650 V1,cap.'l,
585 2589 609 2648 ⁸,
621 2587 646 2649 e,
658 2586 698 2632 ct.

68 2660 99 2725 (Ξ)
115 2666 160 2711 Vel
174 2664 208 2709 sic
230 2662 333 2722 plenihs,
345 2662 431 2709 Homil.
446 2664 486 2707 XI.
507 2662 533 2706 in
550 2662 663 2718 Boane.-
677 2659 717 2703 lie
731 2659 770 2704 tic
783 2670 836 2716 pico

33 2728 133 2773 animos
144 2728 227 2781 novit,
238 2727 319 2784 carpit
330 2726 361 2771 od
370 2727 498 2783 innocentio
511 2736 564 2783 paco
573 2736 625 2769 ooo
637 2724 715 2767 mail.
725 2724 756 2768 Et
765 2722 836 2779 paulo

34 2797 103 2846 post:
121 2790 149 2835 Ut
160 2802 209 2848 per
225 2788 269 2835 toe
281 2788 344 2846 qaod
353 2789 398 2835 scit
411 2792 496 2835 rotem
509 2787 629 2845 didicere,
641 2784 721 2833 dicent
733 2789 755 2832 et
766 2786 834 2833 laco·

33 2854 105 2914 petita
116 2864 210 2901 amare.
