1992 3317
145 145 191 195 aaa
255 148 621 204 ssccsnnsacurns‚ou1sr.
638 149 710 200 mr,
727 149 782 189 aar.
800 152 835 191 rr.

144 234 210 285 berc:
221 248 235 283 a
245 235 269 283 et
280 231 341 293 ide'o,
355 234 444 295 oportet
452 229 514 294 quod
524 228 610 293 aliquid
623 226 740 290 advenio,
753 226 888 292 quodpriue
902 241 955 279 non

145 306 222 357 infuit.
244 304 290 356 Sed
311 304 464 368 augmentatio
485 301 602 353 mmitads
617 301 726 365 importat
745 300 897 351 mutationem
912 311 954 352 se-'

147 377 246 429 cundum
261 375 357 439 <caragis
367 378 391 427 et
404 374 480 425 rniuus
494 374 578 425 labero
589 388 595 423 :
606 390 620 421 u
631 376 655 423 at
666 371 719 423 ideo
728 385 775 422 non
789 375 881 437 oportet
890 373 961 437 qodd¹

146 448 231 513 aliquid
239 448 295 499 insit
304 448 363 511 qnod
373 446 436 511 prius
449 459 495 496 non
503 446 612 508 intuerit,
623 445 663 495 sad
672 443 816 507 qubdmagis
823 443 881 493 insit
890 444 955 507 quod

146 519 210 585 prius
226 519 301 571 minus
321 518 403 569 inerat.
419 517 448 567 lit
460 518 506 569 hoc
523 519 558 568 est
572 516 633 580 quod
652 514 708 566 tacit
724 516 800 576 Deus,
815 514 955 565 condatem

148 591 261 654 augendo,
271 588 361 641 edificet
369 587 429 653 qubd
439 587 511 651 magis
520 587 585 651 insit,
591 598 615 637 ea
621 585 685 651 quod
696 585 819 651 perfectius
827 586 955 638 similitudo

150 662 248 728 Spiritus
266 658 341 711 sancti
353 659 501 725 participetur
511 658 537 708 in
547 658 630 709 anima

442 820 606 873 ARTICULUS
617 820 657 871 tii.

220 938 307 985 Utrum
316 938 419 997 quotibet
434 940 490 983 acto
499 936 627 983 claritatis
640 926 747 981 ebaritas
755 938 885 991 mercem

181 1058 213 1109 td
231 1059 322 1109 sextum
342 1056 375 1107 sic
387 1054 518 1121 proceditur
534 1053 578 1119 (t).
592 1053 688 1104 Videtur
700 1052 761 1117 quod
779 1053 883 1119 quolibet
902 1061 956 1106 actu

149 1130 267 1183 charitatis
277 1128 376 1179 charitas
395 1130 512 1190 augeatur.
526 1124 590 1185 Quod
604 1124 666 1177 enim
679 1127 755 1189 potest
768 1125 792 1176 id
803 1127 864 1190 quod
877 1128 956 1191 majus

150 1205 200 1265 cst,
212 1201 288 1265 potest
309 1197 331 1248 id
343 1197 403 1261 quod
421 1196 497 1247 miuus
518 1198 562 1247 est.
577 1196 623 1247 Sed
639 1194 734 1260 quilibet
755 1199 821 1247 actas
836 1196 956 1247 absumtis

149 1264 225 1337 potest
238 1268 320 1323 mereri
340 1267 411 1317 uiam
425 1270 612 1333 alternamque
631 1268 708 1331 majus
720 1270 756 1319 est
773 1266 842 1332 qiam
854 1268 957 1333 simplex

150 1342 267 1395 cbadbtis
278 1339 497 1404 augmentumque
514 1338 562 1390 uita
570 1340 656 1391 aterum
669 1338 764 1390 includit
776 1338 895 1391 charitatis
903 1354 957 1405 per-

150 1412 280 1465 lectionem.
299 1412 358 1475 Ergo
375 1410 445 1462 multo
466 1410 541 1476 magis
554 1410 649 1476 quilibet
662 1413 728 1463 actus
745 1409 862 1462 caudatis
879 1411 958 1463 ehad-

150 1486 221 1536 tatem
237 1486 313 1549 auget.

181 1561 206 1606 a.
217 1556 344 1619 Praeterea,
356 1555 415 1605 sicut
428 1554 520 1607 habitus
532 1552 643 1606 uirtutum
656 1547 817 1619 acquisitarum
829 1557 956 1619 generatur

151 1642 180 1681 er
190 1628 289 1693 actibus,
299 1628 333 1678 ita
343 1626 411 1678 etiam
423 1631 569 1693 augmentum
579 1624 696 1677 charitatis
709 1628 814 1676 mumtur
826 1629 956 1690 peractum

152 1700 277 1753 charitatis.
293 1698 337 1752 Sed
356 1698 451 1764 quilibet
475 1703 539 1751 actus
557 1696 674 1750 virtuosus
693 1700 799 1764 operatur
815 1695 844 1747 ad
863 1697 958 1749 rimatis

152 1772 329 1837 generationem.
347 1772 406 1835 Ergo
428 1770 496 1822 etiam
514 1768 610 1834 quilibet
628 1771 691 1819 actus
712 1766 828 1819 cbmimtis
846 1773 958 1831 operatur

153 1846 181 1896 ad
200 1844 320 1895 charitatis
333 1846 490 1906 augmentum.

185 1920 208 1965 a.
226 1916 337 1965 Praeterea
343 1950 352 1977 ,
363 1913 484 1977 Gregorius
495 1909 562 1975 dicit,
571 1912 632 1977 qubd
643 1930 658 1961 a
670 1912 694 1962 in
707 1910 746 1963 'uia
759 1912 802 1963 liei
812 1914 874 1963 stare
884 1915 958 1965 retro-

153 1987 233 2037 cedere
251 1986 295 2037 est.
314 2000 328 2033 u
348 1982 391 2036 Sed
410 1985 487 2035 nulus
505 1984 559 2035 dum
579 1987 683 2035 mouetur
701 1988 754 2035 actu
769 1983 901 2049 chomatis,
920 1999 957 2036 re·

153 2059 258 2109 trocedit.
276 2058 336 2121 Ergo
354 2057 490 2123 quicumque
511 2060 615 2107 moretur
633 2060 684 2107 actu
703 2056 834 2120 charitatis,
852 2057 959 2122 procedit

153 2127 178 2179 iu
191 2128 228 2178 uia
242 2127 295 2179 Dei.
311 2128 370 2193 Ergo
384 2129 485 2193 quolibet
498 2132 551 2180 actu
564 2127 683 2181 charitatis
703 2127 803 2179 charibs
816 2131 923 2192 augetur,

183 2198 228 2251 Sed
245 2203 325 2251 contra
338 2203 382 2265 est,
393 2201 454 2265 quod
471 2200 566 2252 eiectus
577 2212 624 2251 nou
637 2200 727 2252 excedit
745 2200 854 2251 viantem
871 2213 957 2253 caussae¹

153 2272 197 2323 Sed
209 2272 349 2341 quandoque·
359 2272 440 2337 aliquis
453 2274 518 2323 actus
533 2270 652 2323 charitatis
664 2286 717 2322 cum
727 2270 803 2336 aliquo
815 2274 906 2336 torpore
919 2274 959 2324 vel

153 2342 286 2394 remissione
300 2343 456 2395 committitur.
470 2344 522 2394 Non
539 2356 593 2408 crgo
606 2342 710 2409 perducit
728 2345 756 2395 ad
768 2341 958 2397 excellentiorem

153 2414 299 2478 charitatem,
315 2416 354 2466 sed
374 2415 447 2479 magis
462 2414 565 2479 disporut
578 2415 607 2467 ad
617 2414 737 2468 minorem.

189 2486 345 2549 (Coranusro.
354 2514 387 2525 —
396 2486 447 2537 Nou
463 2490 558 2551 augetur
569 2487 667 2539 maritas
684 2492 737 2539 actu
747 2486 891 2553 quocumque
903 2490 959 2540 cha·

153 2556 237 2619 citatis,
247 2556 292 2607 nisi
302 2557 443 2623 dispositive,
460 2558 485 2609 in
503 2563 613 2622 quantum
620 2572 649 2610 ex
656 2572 702 2611 uno
710 2558 783 2619 ipsius
794 2561 847 2609 actu
855 2560 959 2613 redditur

154 2629 224 2681 homo
239 2629 366 2694 promptior
380 2631 408 2680 ad
422 2631 536 2697 agendum
548 2633 674 2682 secundam
687 2630 851 2695 charitatem.)

163 2772 166 2777 Δ
186 2700 321 2765 despondeo
334 2700 466 2768 dicendum,
477 2702 539 2768 quod
551 2706 698 2769 augmentum
712 2703 828 2769 spin'tude
839 2702 960 2755 absumtis

162 2790 166 2797 '
189 2806 453 2874 (ituraeorum,
477 2813 562 2875 aqu.
579 2812 625 2877 sa,
641 2820 686 2863 uc
704 2814 777 2873 aar
794 2820 820 2863 at
837 2815 866 2877 1,
879 2814 960 2868 Sese„

159 2872 213 2925 dica
224 2872 264 2937 19,
278 2886 318 2937 qu.
329 2875 357 2938 ὓ,
370 2878 413 2924 ert.
426 2874 450 2925 3.
