1992 3317
322 125 355 164 DE
368 125 535 167 samosatae.
785 117 830 168 527

29 199 52 250 iu
67 210 124 252 casu
137 198 161 250 iu
172 211 217 264 que
230 197 290 252 beno
300 203 414 253 mmmuni
425 203 596 265 subveniretur,
611 217 740 270 quanquam
753 207 831 259 lauda·

28 271 73 322 bile
82 275 146 324 esset
161 272 290 322 necessaris
302 273 371 324 etiam
388 276 415 325 ad
430 275 506 326 statuis
516 280 653 340 etpcrscnc
666 278 830 343 mnditiuncm,

26 343 105 407 largiri
115 343 292 408 indigentibus.)

57 417 197 480 Respondcc
212 415 347 480 dicendum,
361 417 421 482 qubd
435 420 589 471 necessarium
600 422 720 486 dupliciter
737 423 829 474 dicitur.

26 489 78 540 Uno
93 488 176 551 medo,
189 487 238 538 siue
248 503 296 552 quo,
304 489 389 554 aliquid
402 504 453 542 esse
465 505 511 542 uon
521 496 610 558 potest,
618 499 642 545 et
655 495 684 546 dc
693 496 734 545 tali
746 509 831 547 neces·

25 560 87 611 sarie
99 559 194 610 omnine
210 559 353 625 eleemosyna
375 561 423 612 dari
439 575 483 613 nun
501 564 587 614 debet:
603 564 658 628 pull
672 566 693 615 si
712 566 794 630 uliquis
807 567 831 618 iu

26 630 125 682 articulo
144 632 287 682 necessitatis
308 633 457 698 constitutus,
473 635 569 686 baberet
585 635 659 686 solim
680 639 741 690 unda
754 643 833 702 posset

27 701 169 764 sustentari,
187 706 210 753 et
228 703 269 753 tilii
288 704 338 766 sui,
353 705 390 755 vel
406 705 444 756 alii
465 707 493 756 ad
507 721 559 769 eum
573 707 722 771 pertinentes.
737 711 769 760 lle
785 711 831 761 huc

27 773 91 824 enim
99 775 230 826 necessarie
241 775 409 839 eleemosynam
421 777 482 841 darc,
494 781 531 827 est
542 778 587 828 sibi
599 782 623 830 et
632 779 680 830 suis
691 780 762 831 uitam
776 782 829 832 sub

26 847 127 896 trabere.
143 845 185 896 Sed
202 848 245 897 hec
261 846 326 908 dicu,
341 847 386 897 uisi
405 846 462 897 lecte
480 848 532 897 talis
549 861 616 900 casus
629 849 773 916 immineret,
789 853 829 903 ubi

26 918 183 968 subtrahendo
194 918 246 981 sibi,
253 918 316 968 daret
323 917 392 969 alicui
403 931 489 981 maguae
501 933 605 983 persana
619 934 659 985 per
668 935 736 984 quam
747 924 829 974 Eccle-

25 991 60 1040 sia
72 990 110 1041 rel
120 985 249 1054 respublica
265 992 441 1053 sustentaretur,
462 991 515 1054 quia
532 1005 572 1055 pre
584 991 636 1042 talis
651 1006 755 1055 personae
768 993 831 1044 libe·

26 1053 116 1112 ratiuue
127 1061 229 1126 scipsum
238 1066 262 1112 et
277 1073 331 1112 sues
342 1061 483 1112 laudabiliter
491 1063 591 1126 periente
602 1063 681 1113 mertis
695 1069 827 1129 exponeret,

25 1132 78 1183 cium
93 1133 180 1184 benum
191 1145 312 1186 commune
322 1131 353 1182 sit
366 1131 456 1196 pmpric
470 1129 637 1196 preterendum
647 1135 692 1199 (lt.
703 1135 752 1186 llic
762 1137 831 1186 medo

25 1205 112 1256 dicitur
128 1204 214 1268 aliquid
230 1217 280 1255 esse
291 1203 455 1268 necessarium,
467 1204 516 1255 sine
532 1219 578 1268 quo
592 1218 637 1256 nun
656 1209 731 1270 petest
743 1220 831 1258 cenre-

24 1277 119 1328 nienter
134 1275 182 1326 uita
195 1275 288 1338 transigi
297 1273 419 1326 seeundum
426 1275 583 1326 conditionem
598 1279 623 1327 et
635 1281 719 1327 statum
733 1279 830 1342 propria
848 1310 854 1320 ·

23 1360 132 1414 personae
155 1351 180 1398 et
197 1347 291 1397 aliarum
307 1359 466 1411 personarum,
480 1361 575 1410 quarum
594 1361 647 1398 cura
665 1349 688 1400 ei
710 1349 828 1400 incumbit.

24 1419 168 1485 Huiusmodi
183 1418 305 1470 necessarii
322 1417 431 1469 terminus
444 1431 490 1470 uon
505 1423 540 1469 est
558 1419 584 1468 iu
597 1419 730 1471 indivisibili
747 1422 832 1472 cunsti—
851 1437 854 1442 ·

25 1499 108 1557 tutus;
124 1493 165 1543 sed
177 1491 255 1542 multis
268 1491 364 1554 additis,
374 1503 421 1540 uun
434 1493 510 1554 potest
522 1490 643 1554 dijudicari
655 1505 705 1542 csse
717 1491 776 1541 ulma
784 1493 829 1542 tale

24 1563 198 1627 necessarium,
210 1566 233 1614 et
247 1563 324 1613 multis
338 1562 470 1623 subtractis,
483 1562 558 1612 adbuc
568 1568 671 1613 remanet
684 1565 743 1613 unde
758 1563 831 1627 pessit

23 1635 196 1688 murenieatcr
219 1633 300 1698 aliquis
322 1633 394 1684 sitam
419 1632 543 1696 transigere
569 1633 692 1683 secundnm
715 1635 832 1698 preprium

24 1713 125 1760 statum.
141 1708 173 1756 be
186 1705 318 1770 hujusmodi
334 1717 387 1770 erge
402 1705 572 1768 eleemesynam
584 1705 638 1755 dare
650 1708 686 1754 cst
696 1706 794 1768 bunum,
809 1708 834 1754 ct

22 1793 73 1832 non
91 1777 154 1829 cadit
169 1777 211 1827 sub
226 1779 354 1840 precepto,
370 1777 407 1827 sed
422 1776 464 1826 sub
474 1775 578 1827 consiliu.
593 1775 832 1826 lncrdinatumautem

23 1854 93 1905 esset
108 1848 129 1900 si
142 1848 224 1913 aliquis
239 1847 328 1899 tautlrm
345 1847 389 1899 sibi
403 1849 430 1898 de
442 1845 510 1898 bunis
523 1847 619 1911 propriis
631 1846 790 1910 subtraberet,
806 1850 832 1896 ut

23 1926 79 1976 aliis
99 1921 232 1985 largiretur,
248 1921 308 1986 qued
326 1922 354 1971 de
371 1918 462 1970 residuo
475 1931 521 1968 nou
534 1923 611 1982 posset
625 1918 695 1967 vitam
707 1918 832 1982 inungere

23 1994 199 2048 convenienter
219 1990 343 2043 secundum
365 1991 480 2057 proprium
498 1993 582 2041 statum
602 1992 625 2040 et
647 1989 737 2052 uegetis
754 2003 834 2041 occur-

23 2066 123 2128 rentia;
137 2064 214 2114 nullus
230 2062 291 2113 enim
303 2062 491 2114 inconvenienter
504 2063 580 2113 rivere
591 2063 666 2112 debet.
680 2062 726 2112 Sed
742 2061 771 2110 ab
786 2063 833 2131 bec

22 2141 71 2191 tria
94 2139 152 2188 suut
167 2135 302 2201 excipienda
322 2149 328 2186 :
349 2147 443 2199 qnorum
466 2134 565 2197 primum
582 2137 619 2184 est
639 2133 730 2196 quaudo
749 2133 832 2196 aliquis

23 2215 116 2263 statum
130 2207 280 2271 mutat,putb
289 2219 330 2271 per
339 2205 603 2270 religionisingressum3
617 2204 747 2274 tunc-enim
758 2205 833 2254 omniu

23 2299 68 2336 sua
77 2283 176 2348 propter
186 2279 300 2329 Christum
310 2278 416 2342 largiens,
426 2291 483 2342 epus
491 2275 637 2342 perfeetionis
645 2275 709 2338 lacit,
719 2288 744 2326 sc
753 2275 777 2324 in
788 2275 834 2325 alie

23 2360 91 2407 statu
110 2352 225 2418 ponendo.
241 2349 358 2414 Secundb,
370 2350 461 2413 quando
475 2361 502 2399 ee
519 2347 628 2411 quesibi
644 2347 769 2408 subtrabit,
786 2345 833 2397 etsi

23 2430 75 2479 sint
93 2422 227 2477 neccssaria
238 2424 267 2474 ad
278 2420 491 2472 cunrenenicutiam
508 2419 572 2483 nite,
583 2423 660 2469 tamen
674 2420 702 2468 de
720 2419 782 2469 taciti
796 2432 832 2468 re·

62 2541 102 2608 (1)
118 2543 142 2590 Si
161 2542 264 2598 ejusdem
283 2541 372 2600 generis
390 2546 512 2596 utrumque
530 2539 574 2599 sit,
595 2543 621 2582 ut
635 2536 695 2582 inlrd
708 2549 750 2594 per
766 2536 835 2582 aliam

24 2607 184 2657 occasionem
202 2606 340 2662 explicetur,
355 2602 442 2648 scilicet
460 2615 500 2660 qu.
519 2601 584 2658 lua,
601 2605 644 2644 art.
657 2600 686 2658 t,
700 2601 729 2644 ad
740 2599 764 2642 3.
779 2599 834 2644 Tale

24 2680 112 2720 autem
122 2673 159 2715 est
172 2673 295 2724 utrumque
310 2667 366 2712 illud
378 2667 466 2711 bunum
478 2667 545 2721 cujus
560 2664 701 2720 comparatio
715 2673 777 2706 nune
789 2660 814 2705 fic
826 2676 832 2705 a

24 2738 92 2783 sicut
108 2738 133 2778 et
153 2731 289 2787 incorpore
308 2729 406 2775 naturali
425 2728 492 2772 nnius
514 2726 612 2772 membri
628 2724 779 2771 relectionem
793 2736 836 2770 seu

22 2802 148 2857 jacturam
159 2795 245 2852 patitur
258 2793 342 2854 home,
357 2797 383 2838 ut
393 2791 497 2849 corporis
513 2789 584 2836 tatius
599 2789 719 2847 integrius
729 2793 753 2834 et
772 2787 836 2834 rale-

25 2863 88 2908 tudo
104 2862 267 2911 commutetur.
