1992 3317
144 177 188 227 too
268 187 342 226 rnrnn
356 187 484 238 sncunnn,
500 186 594 233 onnsn.
607 186 677 237 cnr,
690 186 744 227 nar.
761 188 817 227 vur.

143 266 230 328 peccati
242 266 266 315 in
281 277 309 315 eo
323 264 361 314 oui
372 264 423 329 quis
436 267 535 315 meretur
550 280 555 313 :
569 265 640 313 mulio
655 263 725 327 igitur
737 262 809 327 magis
821 264 949 329 impeditur

143 336 195 387 talis
209 335 285 387 meriti
298 335 400 386 efficacia
409 350 450 400 per
465 334 653 399 impedimentum
665 334 726 398 quod
738 338 773 385 est
787 338 810 385 et
824 336 849 388 in
864 351 891 388 eo
906 340 949 401 qui

143 410 255 466 meretur,
267 408 292 455 et
305 406 328 454 in
345 406 422 456 eccui
439 408 549 467 meretum
565 405 603 455 hic
616 404 676 455 enim
695 408 816 467 utrumqne
835 406 860 455 in
875 420 950 457 unam

142 489 262 539 personam
280 475 400 526 concurrit.
416 476 446 525 nt
463 476 514 526 ideo
533 476 595 525 nullo
616 476 682 526 modo
701 474 781 539 aliquis
800 481 878 539 potest
902 480 949 529 siin

143 549 226 601 mereri
241 548 405 613 reparationem
418 551 470 613 post
479 548 577 613 lapsum.

174 622 207 671 nd
218 619 313 684 primum
325 632 379 682 ergo
393 619 523 680 dicendum,
533 619 593 683 qndd
605 616 740 671 desiderium
755 631 800 682 qno
812 620 866 683 quis
884 622 950 673 desi-

143 694 206 743 derat
217 692 383 756 reparationem
395 695 449 754 post
461 691 562 759 lapsum,
572 692 680 755 justum
692 689 787 753 dieitur,
801 693 826 741 et
841 691 950 745 similiter

106 765 110 770 ’
143 763 278 826 oratioque
299 762 358 825 petit
378 761 490 825 ejusmodi
508 761 674 825 reparationem
696 760 779 810 dicitnr
796 761 876 827 juste,
891 766 951 829 quia

143 834 216 886 tendit
229 836 257 885 ad
270 833 398 898 justitium
412 846 460 883 non
472 837 549 884 tamen
561 833 591 881 ita
600 832 763 897 quodjustitin
779 832 891 885 innitatur
904 851 948 900 per

143 906 234 957 modum
254 906 339 967 meriti,
362 906 402 955 sed
419 904 492 955 solnm
506 902 676 955 misericordie.

175 977 209 1027 nd
222 977 347 1028 secundnm
369 976 502 1038 dicendum,
516 975 577 1038 quod
596 974 677 1038 aliquis
692 977 767 1039 potest
780 975 848 1027 alteri
861 980 950 1045 mereri

143 1064 172 1099 ex
188 1062 286 1113 congruo
299 1047 396 1113 primum
409 1047 521 1111 gratiam,
536 1047 590 1111 quin
602 1060 649 1097 non
661 1050 696 1097 est
711 1046 741 1096 ibi
754 1046 949 1110 impedimentum

143 1122 222 1172 saitem
240 1134 269 1171 en
287 1124 352 1185 parte
372 1118 491 1182 merentis,
511 1119 570 1181 quod
590 1118 705 1169 invenitur
720 1120 774 1169 dum
792 1118 876 1183 aliquis
896 1128 951 1185 post

143 1194 249 1244 meritum
260 1193 338 1258 gratiae
349 1192 362 1241 d
372 1190 463 1254 justitia
476 1190 570 1241 recedit.
860 1186 863 1190 '

174 1266 206 1315 nd
220 1263 315 1315 tertium
330 1262 466 1323 dicendum,
484 1262 546 1325 qndd
563 1260 655 1326 quidam
674 1260 781 1313 dixerunt
794 1263 855 1325 quod
871 1266 952 1317 nulius

143 1339 242 1387 meretur
250 1332 351 1386 absolute
368 1332 438 1383 vitam
449 1337 557 1387 eternam
570 1333 615 1383 nisi
629 1346 669 1397 per
680 1335 755 1385 actum
768 1332 844 1386 indis
857 1337 951 1401 gratias,

143 1409 183 1458 sed
194 1407 266 1458 solnm
274 1406 317 1456 sub
326 1404 454 1456 conditione
463 1405 484 1455 si
494 1408 634 1469 perseverat.
645 1404 690 1455 Sed
704 1406 748 1455 hoc
761 1404 952 1459 irrationabiliter

143 1478 232 1541 dictim,
244 1478 297 1541 quin
312 1477 447 1541 quandoque
456 1480 520 1526 astris
531 1474 615 1527 ultima
626 1475 704 1538 gratio
712 1488 758 1525 non
769 1478 805 1525 est
813 1477 890 1540 magis
903 1492 952 1530 me-

143 1549 247 1611 ritorius,
261 1550 302 1599 sed
316 1549 392 1598 minus
409 1547 478 1612 quim
491 1550 555 1597 actus
566 1546 734 1610 precedentes,
744 1549 838 1609 propter
852 1550 952 1611 aegritu·

143 1620 202 1672 dinis
214 1620 393 1685 oppressionem.
404 1620 467 1669 Unde
482 1618 616 1681 dicendum,
631 1618 692 1681 quod
709 1616 804 1681 quilibet
817 1622 885 1672 actus
898 1624 952 1672 cira-

96 1718 101 1725 ·
143 1690 217 1742 nitatis
238 1694 337 1743 meretur
354 1689 457 1749 absolute
475 1688 547 1739 vitem
566 1692 688 1751 aeternam3
710 1690 750 1740 sed
765 1702 807 1751 per
825 1695 952 1754 peecatum

144 1776 243 1827 sequens
266 1764 358 1828 ponitur
374 1760 563 1825 impedimentum
584 1760 721 1824 precedenti
744 1760 838 1822 mento,
853 1764 881 1812 nt
903 1778 951 1816 non

144 1834 250 1885 sortiatur
268 1835 374 1885 effectum
391 1850 396 1884 :
413 1834 473 1883 sicut
488 1831 557 1883 etium
575 1844 649 1883 causae
671 1832 784 1882 naturales
806 1832 922 1887 deiciunt
940 1838 953 1887 ir

144 1906 192 1957 onis
207 1906 325 1957 effectibus
338 1909 431 1971 propter
446 1904 609 1969 superveniens
627 1903 824 1969 impedimentum

429 2059 590 2111 numenius
607 2059 663 2109 vili.

201 2167 285 2210 Utrum
303 2166 373 2211 tomo
390 2167 463 2223 possit
481 2166 737 2275 erizreqiteeqmeoium
753 2165 840 2222 erecte
857 2170 900 2214 vel

479 2244 492 2274 c
525 2243 547 2275 ra
559 2244 574 2275 α
586 2244 614 2277 rs.

178 2340 213 2390 nd
231 2343 336 2389 octavum
348 2339 381 2390 sic
394 2338 532 2420 proceditur.
548 2338 643 2391 Videtur
654 2339 715 2403 qndd
727 2340 796 2420 homo
808 2352 857 2393 non
879 2344 954 2407 possit
981 2350 982 2437 q

144 2412 228 2462 mereri
239 2415 384 2474 angmentum
401 2414 479 2474 gratie
489 2410 525 2461 vei
538 2410 662 2461 charitatis.
673 2410 731 2461 Cim
744 2424 806 2463 enim
819 2412 907 2477 aliquis
920 2431 955 2467 re·
981 2438 982 2481 q

145 2482 231 2546 ceperit
245 2483 363 2547 premium
382 2484 443 2547 qnod
458 2483 555 2546 meruit,
574 2497 620 2533 non
638 2484 731 2535 debetur
745 2483 768 2533 ei
785 2484 830 2534 aiie
845 2500 951 2551 merces,
981 2486 982 2547 i

145 2554 204 2603 sicut
217 2554 245 2603 de
259 2554 393 2617 quibusdem
410 2554 492 2608 dicitnr
506 2556 606 2615 tratti„
620 2555 668 2605 Vi:
683 2556 849 2619 «deceperunt
861 2571 954 2611 meree

144 2628 197 2677 dem
210 2640 283 2677 suam.
293 2644 307 2673 u
322 2627 348 2678 Si
356 2627 426 2692 igitm
438 2628 522 2691 aliquis
531 2631 654 2679 mereretur
666 2630 816 2691 augmentum
828 2630 951 2683 charitatis

146 2700 183 2749 vei
202 2698 297 2762 qratia,
313 2704 447 2763 sequeretur
463 2700 523 2763 qnod
541 2699 612 2763 gratie
631 2702 777 2765 augmentata
799 2714 848 2751 non
873 2709 956 2767 posset

146 2770 240 2821 ulterim
250 2776 369 2835 expectare
381 2772 444 2822 atiud
458 2770 579 2835 praeminm
595 2788 602 2821 ι
620 2772 681 2837 qnod
694 2772 923 2827 esrinmrrrrrteus.
981 2820 982 2835 ,

178 2847 202 2892 e.
217 2844 344 2906 rmore,
361 2862 375 2892 u
391 2844 449 2894 ninii
461 2844 510 2907 egit
520 2845 579 2895 nitra
595 2843 778 2907 suernspeoiem.
794 2846 873 2897 »Sed
884 2850 953 2913 priu-
981 2864 982 2907 i

146 2912 230 2978 cipinm
244 2915 320 2969 meriti
338 2919 375 2967 est
386 2914 471 2981 gratio,
486 2914 644 2980 reinharius,
655 2919 680 2967 nt
693 2928 723 2967 ex
735 2916 875 2983 supradictis
887 2925 957 2986 patet
981 2918 982 2987 ᾗ
