1992 3317
380 194 413 229 na
429 194 530 231 uanos.
812 186 856 233 iti

52 273 153 329 manem,
165 281 212 319 non
228 268 298 318 morlo
314 268 564 319 excommunicationis
577 269 714 331 sannatia,
728 271 769 320 sed
789 273 858 321 etiam

49 340 183 391 secularem
193 339 340 403 principibus
352 340 536 403 exterminandi,
550 342 652 391 tradendi
664 346 725 392 sunt.
738 341 747 405 l

79 411 213 475 Respondes
226 410 443 473 dicendum,un
456 410 515 460 circa
525 412 643 462 hereticos
658 414 703 462 ‹luo
715 416 768 463 snut
780 415 856 465 consi·

52 483 148 532 denuda
157 498 164 531 z
174 495 248 531 unum
260 482 358 545 quidem
370 495 400 531 ex
412 485 477 545 parte
487 483 600 547 ipsorum3
612 484 672 533 aliud
685 484 740 533 vero
754 499 781 536 cx
793 490 857 551 parte

52 552 168 603 Ecclesiae.
186 554 221 602 Ex
234 556 302 617 parte
319 552 416 615 quidmr
433 553 535 615 ipsorum
549 558 584 603 est
597 559 729 618 peccatum,
743 569 783 620 per
797 558 857 620 quod

53 628 183 673 mernerunt
202 636 253 673 uon
272 624 347 673 solum
371 624 401 673 ab
421 623 524 673 Ecclesia
542 638 583 689 per
603 627 858 677 excommunicationem

56 693 162 757 separari,
177 694 304 744 sedetiam
315 706 359 757 per
372 694 495 744 mortema
509 698 591 746 mundo
603 697 700 746 excludi.
717 697 787 748 liutto
796 699 859 748 enim

55 764 144 825 gravius
156 769 194 815 est
203 778 354 828 corrumpere
363 764 445 825 iidem,
455 779 496 829 per
507 780 574 829 quam
583 770 618 817 est
630 768 710 818 animae
718 768 779 830 vita,
790 769 858 832 quam

56 836 137 885 lalsm
149 837 286 899 potamum,
294 850 344 900 *per
357 848 426 899 quam
437 838 622 901 temporationes
636 839 777 889 subuenitur.
795 840 859 889 Unde

55 906 76 955 si
92 906 179 956 {alsam
196 907 303 969 pecunia
321 908 359 956 vel
373 906 413 956 alii
429 908 585 957 malefectores
603 908 679 957 statim
694 921 735 972 per
748 910 860 960 seculares

58 975 174 1039 principes
183 977 243 1041 juste
256 977 327 1027 morti
337 978 467 1041 traduntur3
479 979 551 1029 multo
568 979 641 1041 magis
654 979 768 1043 heretici,
783 980 859 1029 statim

60 1059 91 1095 ex
106 1060 151 1109 quo
165 1048 193 1097 de
208 1046 296 1098 lraeresi
315 1048 491 1111 convincuntur,
510 1054 605 1114 possunt
621 1062 666 1099 non
681 1050 754 1099 solum
767 1064 860 1101 excom·

60 1118 181 1181 monicali,
194 1121 235 1169 md
248 1123 274 1169 et
289 1120 353 1183 juste
367 1120 449 1170 occidi.
464 1121 499 1169 Ex
517 1124 580 1184 parte
599 1124 675 1171 autem
693 1120 812 1182 Ecclesiae,
827 1123 862 1170 est

56 1190 211 1241 mensurnis
225 1190 256 1239 ad
272 1190 399 1241 errantium
415 1192 587 1242 conversionem
598 1208 604 1241 :
617 1195 641 1241 et
656 1192 708 1242 ideo
724 1204 771 1241 non
786 1190 862 1240 statim

55 1264 205 1324 condemnat,
222 1279 237 1309 u
253 1263 296 1311 sed
307 1265 360 1325 post
371 1262 468 1325 primam
481 1266 505 1312 et
515 1265 638 1315 secundam
652 1264 830 1327 correptionem,
846 1277 860 1307 n

56 1338 82 1383 ut
97 1334 221 1398 Apostolus
235 1334 312 1383 docet.
330 1335 478 1383 Postmodum
489 1335 543 1384 ueris
560 1335 580 1384 si
594 1336 668 1385 adhuc
680 1334 784 1398 pertinax
797 1332 861 1384 inve-

59 1405 140 1466 niatur,
156 1404 265 1455 Ecclesia
284 1405 313 1455 de
331 1404 383 1467 ejus
403 1406 553 1455 conversione
573 1418 619 1455 non
642 1405 860 1469 sponsaliorum

58 1475 124 1524 saluti
136 1475 257 1539 providet,
274 1488 328 1523 eom
343 1476 371 1523 ab
384 1474 487 1524 Ecclesia
508 1477 633 1539 separando
646 1489 686 1539 par
706 1476 863 1525 excommnni-

58 1546 155 1598 cationis
171 1545 327 1609 sententiam3
344 1549 369 1595 et
385 1546 482 1595 ulterius
503 1546 611 1609 relinquit
631 1560 682 1596 eum
695 1543 781 1610 judicio
798 1560 863 1597 secu-

57 1618 114 1677 lari,
133 1616 148 1666 'a
160 1617 244 1666 mundo
256 1616 456 1666 exterminandum
468 1630 509 1680 per
520 1622 626 1666 mortem.
638 1617 697 1665 Dicit
712 1617 772 1665 cuim
785 1618 863 1667 litero·

59 1702 159 1751 aymus,
171 1692 193 1738 et
205 1688 306 1737 habetur
317 1687 407 1746 XXIV,
418 1700 458 1748 qu.
471 1691 502 1735 3:
517 1704 531 1734 «
548 1688 685 1737 Resecandae
703 1690 756 1735 suunt
770 1687 864 1750 putridae

58 1770 155 1820 carnes,
168 1764 192 1809 et
205 1758 313 1808 scabiosa
325 1757 377 1807 ovis
391 1756 406 1806 is
419 1757 491 1807 cantis
502 1758 646 1821 repellenda,
661 1770 690 1807 ne
703 1760 751 1807 totu
771 1757 864 1821 domus,

58 1844 148 1892 massa,
157 1843 255 1893 corpus,
267 1833 291 1878 et
303 1840 402 1892 pecora,
412 1828 519 1889 ardeant,
530 1832 711 1891 corrumpuntur,
726 1830 864 1891 putrescant,

58 1902 179 1952 intereant.
196 1901 266 1950 Arius
275 1899 300 1948 in
315 1898 454 1949 Alexandria
464 1911 509 1948 una
524 1898 620 1949 scintilla
636 1899 692 1961 luit3
704 1899 744 1949 sed
757 1896 864 1962 quoniam

58 1986 102 2022 non
119 1973 200 2023 statim
214 1984 341 2036 oppressus
354 1973 406 2033 est,
418 1972 489 2019 totum
504 1970 581 2021 orbem
592 1971 644 2035 ejus
657 1970 746 2019 ilamma
760 1970 866 2035 populata

58 2048 100 2095 est.
113 2061 130 2091 n

90 2118 125 2166 Aul
137 2116 239 2181 primum
251 2127 307 2177 ergo
322 2112 457 2175 dicendum,
472 2112 532 2176 quod
550 2115 577 2163 ad
589 2114 724 2164 modestiam
738 2113 799 2163 illam
815 2125 866 2176 per-

62 2189 133 2247 tinet,
146 2190 174 2237 ut
182 2186 259 2251 primo
270 2188 295 2235 et
308 2184 410 2234 secundo
420 2183 562 2247 corripiatur.
574 2184 637 2242 Quod
647 2184 665 2233 si
678 2184 749 2235 redire
761 2183 866 2244 noluerit,

62 2259 108 2320 jam
121 2271 166 2322 pro
186 2258 299 2307 subverso
318 2254 428 2316 habetur,
440 2258 466 2303 nt
481 2258 543 2317 patet
565 2254 696 2305 arroteritate
715 2252 816 2317 Apostoli
832 2254 867 2303 iu-

92 2401 126 2450 let
140 2400 269 2449 secundm
291 2397 428 2458 (licendum,
447 2396 508 2460 quod
524 2397 613 2447 utilitas
631 2411 680 2461 quas
699 2385 727 2447 e'x
745 2397 868 2447 heresibus

63 2470 180 2533 prouenit,
197 2474 233 2520 est
246 2473 332 2533 prater
344 2468 498 2525 intentionem
518 2468 687 2529 hereticorum,
704 2467 758 2517 darm
778 2468 864 2519 scilicet

65 2540 191 2591 mnstantia
211 2541 314 2591 tidelium
337 2539 506 2601 comprobatur,
520 2544 545 2588 ut
564 2540 688 2603 Apostolus
706 2538 778 2600 dicit;
798 2542 821 2588 et
845 2538 870 2586 ut

67 2609 206 2660 excutiamus
218 2609 348 2674 pigritiam,
367 2608 457 2659 diuinas
470 2608 597 2673 Scripturas
610 2608 729 2659 sollicitilus
743 2608 868 2666 intuentes

67 2681 125 2729 sicut
140 2682 279 2745 sugemem
293 2682 326 2744 (t)
342 2678 407 2729 dicit.
421 2679 465 2729 Sed
484 2693 513 2730 ex
531 2680 657 2731 intentione
670 2692 749 2731 eorum
765 2683 800 2729 est
818 2692 873 2727 cor-

70 2764 172 2813 mmpere
185 2752 254 2802 iidem
270 2768 276 2799 :
290 2751 353 2814 quod
366 2755 402 2801 est
420 2750 514 2803 memmi
530 2750 669 2801 nocumenti.
682 2751 711 2799 ut
728 2749 779 2799 ideo
797 2749 869 2809 magis

105 2890 134 2950 ii)
150 2893 269 2949 cmttpunr
288 2904 319 2937 ex
336 2893 379 2938 lib.
396 2895 416 2937 l.
432 2892 467 2936 De
487 2892 588 2940 Generi,
611 2894 697 2935 consero
711 2886 876 2932 nausearum,
