1992 3317
143 165 190 214 ata
254 175 504 224 ascomannorum,
521 174 612 218 uuam.
631 175 700 222 nun,
716 173 773 212 aar.
789 175 834 211 111.

143 265 217 316 nequa
230 255 265 302 est
279 253 481 314 hesperiumque
491 251 573 300 lucifer
584 249 617 299 ita
635 249 787 300 admirabilis.
798 249 866 309 »Sed
878 247 937 298 etiau

144 324 164 376 si
178 325 296 386 loquamur
308 323 335 370 de
344 320 431 384 justitia
441 321 586 386 particulari,
599 320 707 384 precellit
716 321 778 370 inter
786 320 844 370 alias
853 321 939 370 virtues
968 340 970 343 ·

143 395 255 454 marrales,
274 391 360 455 duplici
367 391 464 442 ratione.
483 393 583 452 Quarum
593 391 666 456 prima
680 395 758 456 potest
771 391 832 442 sumi
847 406 878 442 ex
888 393 942 454 parte

143 465 255 529 subjectu
273 464 326 525 quia
340 462 426 512 scilieet
439 467 474 512 est
488 463 512 512 in
527 462 634 512 nobriiori
646 467 712 526 parte
724 463 817 523 anima,
833 463 857 512 id
871 461 941 524 estin

142 607 201 658 libus
221 603 369 654 existentibus
385 604 410 653 in
425 602 530 668 appetitu
550 604 674 666 sensitiva,
693 606 721 654 ad
744 617 814 668 pem
833 606 939 668 pertinent

141 676 272 742 passiones,
285 689 336 738 quas
349 683 403 726 suut
417 675 511 726 materia
527 675 622 726 aliarum
636 675 746 725 uirtutum
761 676 894 726 moralium.
903 677 939 724 Se·

142 750 215 800 sunda
229 747 287 799 ratio
301 749 398 798 sumitur
411 761 439 798 ex
459 751 523 812 parte
537 747 637 812 objecti3
652 761 704 797 uana
718 748 770 798 aliae
786 748 888 800 uirtutes
900 750 939 797 tau-

142 822 225 871 dantur
238 819 310 869 soinna
322 817 447 869 secundnm
461 817 547 868 honum
558 819 632 882 ipsius
643 818 754 879 virtuosi,
764 819 860 882 justitia
872 824 938 869 suan

141 892 245 941 laudatur
258 890 384 940 seeundum
395 889 455 954 quod
465 893 581 939 virtuosus
594 891 622 940 ad
637 889 708 940 alium
719 889 779 940 bene
791 904 818 940 se
831 892 908 940 habet.
918 891 940 938 Et

142 962 176 1013 sic
189 961 278 1025 justitia
294 960 459 1024 quodammodo
474 961 606 1012 esthonnm
620 960 728 1021 alterius,
745 964 773 1009 ut
792 961 880 1011 dicitur
895 960 938 1011 ini'

142 1033 226 1082 Eitis.
241 1033 269 1082 111
280 1035 370 1096 propter
382 1033 426 1082 hoo
438 1031 591 1097 Phriosophns
602 1031 656 1081 dicit
661 1031 687 1080 io
698 1033 709 1081 Ι
721 1031 810 1081 adea:
825 1035 939 1084 «Necesse

143 1109 180 1156 est
196 1103 306 1153 maximas
322 1102 419 1152 ninutas
440 1115 488 1153 esse
507 1115 546 1151 aas
562 1116 613 1166 qua
630 1106 684 1152 sunt
697 1101 749 1152 aliis
768 1103 911 1164 utilissima3
923 1101 938 1149 si

142 1174 233 1241 qudem
253 1178 288 1224 est
301 1173 376 1223 uirtus
387 1173 488 1237 potentia
501 1172 651 1224 Mnetaotira.
666 1175 763 1238 Propter
779 1175 829 1224 hoo
842 1183 868 1224 at
880 1175 939 1225 tortas

142 1250 166 1298 et
178 1248 253 1309 J'ustos
268 1245 366 1296 maxime
382 1247 509 1308 honorant,
524 1245 631 1307 qnoniam
646 1244 758 1296 tortitudo
774 1249 812 1296 est
824 1245 891 1296 utitis
900 1243 939 1294 alin

143 1315 168 1366 iu
184 1315 261 1377 bello,
276 1315 364 1380 justitia
379 1319 454 1366 autem
468 1317 492 1366 et
507 1316 531 1365 in
544 1315 603 1366 bello
617 1320 640 1366 et
658 1315 681 1364 in
695 1329 764 1380 paca.
773 1331 789 1361 o

175 1385 209 1436 sd
221 1386 319 1450 primum
330 1399 383 1450 ergo
394 1385 526 1450 dicendum,
538 1385 597 1450 quod
609 1386 740 1448 liberalitas,
749 1386 795 1436 etsi
804 1387 834 1437 de
848 1401 891 1438 suo
901 1387 939 1445 det,

143 1461 221 1508 tamen
241 1458 284 1507 hoe
302 1456 373 1519 tacit,
388 1455 413 1506 in
427 1461 538 1519 mantum
552 1457 577 1506 in
588 1457 633 1507 hoo
645 1457 773 1507 considerat
785 1459 890 1522 propriae
905 1457 941 1504 sir·

139 1528 197 1579 tutis
215 1529 307 1578 honum.
323 1526 414 1578 iustitia
431 1531 506 1577 autem
520 1529 559 1577 dat
571 1526 636 1578 alteri
654 1529 714 1592 quod
730 1542 800 1577 suum
818 1533 874 1591 est,
887 1525 942 1592 quasi

142 1599 289 1651 considerans
305 1599 389 1648 bonum
400 1609 527 1648 munione.
538 1592 568 1647 nt
580 1602 700 1664 propterea
709 1597 800 1662 justitia
815 1600 940 1650 obseruator

144 1669 172 1720 ad
184 1681 277 1733 omnes3
291 1668 414 1718 liberalitas
430 1671 505 1722 anum
519 1669 546 1718 ad
559 1681 639 1719 omues
653 1681 679 1719 se
696 1669 821 1719 extendere
833 1683 885 1720 non
902 1682 941 1732 po

142 1744 196 1792 test.
212 1741 241 1790 Et
255 1741 338 1791 iterum
355 1739 494 1802 uberalitas,
511 1753 561 1804 qun
577 1741 605 1790 de
619 1753 660 1790 sno
672 1741 725 1799 dat,
740 1753 812 1804 snpra
834 1740 943 1804 justitian

142 1811 258 1871 tundatur,
271 1823 392 1876 perquam
406 1811 530 1873 unicuique
541 1813 601 1872 qnod
616 1824 682 1860 sunm
694 1814 739 1872 est,
747 1810 870 1861 tribuitur.

174 1880 483 1943 disseminandorum,
497 1879 558 1942 quod
575 1880 747 1943 magnanimitas
761 1883 857 1944 quaudo
870 1896 942 1945 snper·

143 1953 206 2002 venit
218 1953 327 2014 justitia,
340 1955 407 2014 auget
418 1951 469 2013 ejus
483 1950 622 2014 honitatem
637 1964 688 2015 qna
697 1955 777 2002 amau
786 1953 840 2006 sine
848 1953 939 2018 justitia,

143 2035 186 2072 nee
198 2021 287 2072 virtutis
300 2022 411 2072 rationem
425 2021 530 2072 haberet.

174 2094 208 2143 dd
227 2093 318 2142 tertium
332 2093 454 2144 dicandum
465 2132 471 2156 ‚
484 2091 545 2156 qudd
561 2091 687 2156 tortitudo,
699 2093 744 2144 etsi
761 2095 877 2146 consistat
891 2097 940 2146 eiua

144 2164 286 2228 difficiliora,
303 2177 348 2216 nou
368 2169 444 2216 tamen
465 2169 501 2214 est
520 2164 579 2214 eirea
596 2164 704 2228 meliora3
719 2178 772 2214 curn
787 2163 819 2216 sit
838 2169 911 2218 sotum
922 2167 941 2214 in

143 2233 203 2286 hetlo
214 2235 284 2300 utilis,
298 2237 386 2301 justitia
400 2239 475 2288 antem
489 2239 513 2287 et
524 2235 550 2285 in
562 2249 619 2300 paee
630 2239 653 2286 et
664 2235 689 2286 in
702 2235 771 2299 hello,
785 2236 848 2287 sieut
860 2239 940 2289 dictun

144 2310 189 2358 est.
804 2318 808 2322 ·
