1992 3317
154 176 187 217 Μ
202 175 334 237 mmmm
349 177 476 219 nimmolo
492 176 649 219 immoni!
664 178 777 221 Amm-
840 171 872 219 18

56 252 226 321 proportionem
237 254 351 321 priileipii
367 255 446 307 actiui.
463 257 492 307 Et
507 255 558 307 ideo
571 257 675 308 uidemus
688 258 714 309 in
728 259 796 310 rebus
805 260 872 309 nain·

56 326 152 389 ralibns,
171 326 233 390 qudd
253 327 318 377 nulla
334 342 372 378 res
390 332 467 392 potest
490 328 599 393 perlicere
620 329 727 381 ellectum
748 344 790 396 per
807 342 873 381 suam

56 399 224 461 operationem,
239 398 282 463 qui
294 400 391 449 ear-edat
401 400 516 450 rutulam
525 400 638 463 activam,
655 403 697 453 sed
712 402 786 453 solinu
795 405 874 468 potest

56 470 178 532 producere
192 483 236 535 por
247 471 406 535 operationem
419 486 487 522 suam
504 472 610 523 edoctum
625 466 672 525 suae
687 473 767 525 uirtuti
779 488 874 539 propor-

56 542 173 592 tionatum.
184 542 239 592 Vita
255 546 333 593 autem
351 546 438 593 aeterna
454 548 491 595 est
506 545 559 595 linis
576 546 690 597 excedens
703 547 873 611 proportionem

58 618 138 665 nature
153 616 264 665 humauae
271 650 281 677 ,
290 618 317 663 ut
329 627 359 665 ex
371 615 443 679 supra
457 614 525 665 dietis
537 620 601 679 patet
614 620 669 681 (qn.
686 622 714 681 5,
730 621 774 667 art.
786 621 829 682 9).
846 618 874 667 lit

56 683 103 735 ideo
118 686 191 737 homo
204 698 248 751 per
264 698 307 735 sua
322 688 436 737 naturalia
449 700 498 745 non
512 692 588 751 potest
598 690 723 753 producere
739 702 810 752 opera
823 701 874 739 ma

2 788 3 845 l
57 756 128 807 ultoria
142 758 321 822 proportionata
336 758 393 810 ‘vitm
412 763 521 822 aateruae3
536 760 576 811 sed
587 761 615 810 ad
634 761 679 811 hon
696 761 796 823 exigitur
809 760 876 812 altior

59 826 134 893 uirtus,
146 844 199 893 que
211 834 250 879 est
261 828 337 879 virtus
347 831 435 893 gratiae
447 832 478 882 Et
487 832 540 881 ideo
548 831 597 881 sina
611 833 683 896 gratia
694 834 763 883 homo
771 845 818 883 non
832 845 875 897 po·

2 934 3 937 ι
58 903 100 951 test
110 902 192 951 mereri
201 901 277 951 vitam
290 905 416 966 aeteruam3
433 905 512 966 potest
524 908 601 953 tamon
615 904 691 955 lacere
703 916 773 967 opera
787 904 874 967 perdu-

60 973 132 1023 centia
145 974 173 1024 ad
189 974 280 1025 bonnm
298 972 392 1037 aliquod
412 972 504 1024 homiui
517 974 677 1038 connaturale,
694 974 754 1025 deut
768 974 873 1026 laborare

59 1040 151 1107 iuagrq
163 1043 261 1107 bitere,
274 1046 432 1106 manducare,
444 1045 561 1096 ethaoero
570 1045 683 1107 amioum,
694 1044 773 1097 utalia
787 1047 874 1110 nujus-

57 1115 126 1177 modi,
140 1120 166 1167 ut
179 1115 327 1179 tugusouus
343 1115 400 1167 dicit
412 1116 438 1164 in
452 1116 491 1166 lll.
508 1118 625 1180 llespoaa.
642 1115 708 1167 cont.
723 1116 874 1179 Peloqionoa

56 1187 241 1251 (Romanos-2
260 1200 311 1251 up.
332 1190 374 1247 tl·

83 1260 115 1311 dd
126 1260 231 1325 primum
245 1273 304 1323 ergo,
313 1259 454 1321 ditandum,
468 1259 529 1323 quod
544 1261 614 1311 homo
627 1273 669 1311 sua
683 1260 800 1311 uoluntate
818 1260 872 1312 lauit

55 1343 118 1394 opera
133 1331 257 1383 meritoria
271 1332 326 1382 vitae
345 1335 457 1393 aeternam
473 1332 526 1395 sed,
537 1331 596 1381 sieut
608 1330 748 1395 Augustinus
756 1331 781 1382 iu
789 1330 872 1382 eodem

55 1402 107 1455 libro
119 1404 180 1454 dieit
193 1404 265 1469 (cap.
283 1404 332 1467 5),
347 1404 377 1455 ud
397 1403 444 1452 hoo
459 1400 557 1466 exigitur
569 1401 631 1468 quod
646 1404 754 1453 voluntas
773 1400 875 1453 hominis

55 1474 224 1540 preparetura
239 1475 286 1527 Deo
298 1488 340 1539 per
354 1474 466 1539 gratiam.

83 1548 116 1600 td
132 1548 264 1599 secundum
273 1546 414 1606 dicendum,
428 1542 490 1609 qudd
499 1545 646 1597 sieutGlossa
655 1546 727 1609 dieii,
741 1548 824 1606 llum„
833 1545 874 1608 Vl,

55 1632 121 1683 super
146 1619 206 1669 illud
222 1634 229 1668 ι
250 1618 353 1669 «Gratia
367 1616 427 1679 liei,
444 1614 491 1666 vita
509 1621 607 1682 aeterna,
618 1634 633 1665 u
646 1623 734 1669 eertum
748 1622 785 1667 est
802 1618 887 1673 vitam

56 1696 160 1741 tenuram
174 1690 364 1755 bonisoperibus
381 1688 462 1752 reddi3
475 1690 516 1739 sod
526 1690 577 1754 ipsa
587 1703 656 1754 opera
667 1689 751 1754 quilius
762 1690 872 1752 redditur,

57 1762 82 1813 ad
94 1762 134 1814 liei
145 1763 247 1827 gratiano
263 1760 440 1826 pertinent(l);
453 1758 504 1811 oium
514 1763 583 1813 etiam
593 1762 662 1825 supra
675 1760 760 1811 dietum
772 1761 802 1811 sit
813 1760 873 1824 quod

58 1835 240 1900 adimplendum
253 1836 363 1885 mandata
376 1832 437 1896 legis
453 1832 577 1884 secundom
589 1834 691 1883 debitum
707 1833 816 1895 modum,
834 1844 875 1896 por

57 1921 118 1970 quem
132 1922 215 1959 eorum
229 1905 334 1969 impletio
350 1904 532 1968 admonitoria,
549 1904 671 1969 requiritur
684 1904 765 1968 gratia.

84 1980 117 2029 ld
130 1979 227 2029 tertium
244 1978 386 2038 dicendum,
401 1976 465 2041 qudd
485 1976 583 2041 objectio
597 1976 636 2026 illa
654 1976 757 2040 pmoedit
777 1975 806 2027 de
826 1973 871 2027 flue

58 2050 141 2101 homini
159 2050 322 2113 oonnrtorali3
336 2055 421 2099 natura
436 2051 512 2098 autem
523 2049 633 2112 humana,
644 2061 674 2098 ex
684 2049 730 2098 tuoe
744 2048 796 2112 ipso
809 2046 872 2111 qnod

58 2123 150 2173 nobilior
170 2126 222 2185 est,
237 2124 315 2186 potest
331 2122 362 2172 ad
376 2120 482 2171 altiorem
495 2120 564 2171 duem
581 2119 676 2185 perduoi
689 2120 770 2170 saltem
783 2118 871 2169 auxillo

59 2194 145 2255 gratie,
155 2194 186 2243 ad
197 2206 269 2257 quem
282 2193 408 2243 interiores
425 2194 512 2241 naturae
523 2193 586 2247 nullo
599 2191 666 2242 modo
679 2190 811 2255 pertingere
821 2201 875 2254 pos·

60 2268 110 2315 sunt
124 2281 133 2327 ς
146 2264 207 2317 siout
228 2265 300 2316 homo
320 2268 356 2315 est
374 2261 460 2331 meliis
477 2260 600 2327 dispositus
620 2262 651 2313 ud
667 2261 805 2323 sanitatem,
821 2260 876 2323 quia

61 2336 170 2399 atquibus
187 2336 283 2387 amiliis
296 2334 421 2386 medicinae
435 2337 512 2398 potest
526 2333 647 2386 sumtatem
666 2331 790 2395 consequi,
803 2330 874 2395 quam

60 2405 96 2457 ille
107 2406 148 2471 qui
161 2407 225 2458 nullo
242 2406 326 2471 modo,
340 2410 367 2456 ut
380 2404 537 2469 Philosophus
549 2404 674 2457 introducit
685 2404 712 2455 in
725 2404 755 2454 ll.
767 2406 803 2451 loe
814 2398 874 2452 eoelo

64 2478 132 2541 [text.
143 2482 158 2531 6
170 2492 198 2531 ae
206 2476 349 2543 deinceps).

92 2585 122 2649 (t)
139 2590 176 2635 ste
191 2588 263 2646 porro
281 2587 429 2645 Augustinus
443 2598 471 2631 ex
489 2597 535 2643 quo
550 2590 642 2644 sumpta
658 2590 695 2633 est
708 2586 791 2632 illoesa
804 2584 873 2645 ipsa,

64 2652 168 2707 predicte
178 2650 240 2697 libro
255 2649 386 2707 nequalia
399 2653 421 2695 et
430 2646 507 2695 litero
518 2648 635 2699 ardema,
643 2659 696 2705 cap.
710 2647 740 2693 8:
751 2645 875 2705 Quomodo
886 2666 890 2671 -

65 2716 132 2770 patin
141 2720 174 2760 eet
183 2715 238 2759 uita
248 2718 340 2758 utem
349 2722 404 2769 quw
416 2712 527 2759 comitor
535 2723 566 2757 es
578 2710 768 2769 morositate
776 2708 875 2766 quaestio

66 2774 212 2823 nullomodo
228 2776 294 2820 mitt
308 2773 411 2821 uidetur
426 2782 495 2831 potae
510 2773 628 2825 dinotet,
637 2775 691 2819 ariri
706 2772 875 2829 inteltiqootoe

68 2840 150 2897 etipsa
164 2838 229 2885 torta
243 2848 320 2897 opero
336 2842 424 2883 matra
435 2834 524 2897 quitata
536 2842 628 2887 otoroo
640 2836 758 2885 redditor
769 2827 876 2881 etima

68 2896 109 2948 liat
118 2904 226 2964 amiam
236 2902 376 2963 polluere.
435 2940 440 2945 .
