1992 3317
150 114 195 165 tlt
278 118 387 164 sacuam
403 119 533 172 mouson,
549 118 641 168 oum,
657 119 704 173 xx,
722 119 777 160 aar.
794 112 822 159 ri.

150 203 193 251 art.
205 200 242 261 l).
255 198 313 263 Ergo
322 200 409 249 remota
424 210 475 261 spe,
483 198 687 261 potestremauere
700 194 764 246 fides.
772 194 825 245 Non
833 195 975 260 ergoqui-

151 283 247 335 cumque
260 270 378 334 desperat,
394 272 428 321 est
441 267 551 320 infidelis.

184 342 341 403 (Coronosro.
351 368 383 379 -
393 342 472 393 Potest
485 341 614 406 desperatio
632 341 718 404 absque
733 338 870 393 infidelitate
887 353 964 407 esse,

152 414 210 467 sicut
221 417 244 465 et
257 416 339 465 cetera
351 412 468 479 peccata.)

182 486 317 551 Respondeo
333 485 467 549 dicendum,
480 486 542 551 quod
559 484 679 535 infidelitas
691 484 792 548 pertinet
806 484 836 535 ad
849 485 964 536 intellec-

152 560 213 622 tum,
225 557 352 622 desperatio
368 560 443 608 autem
454 557 483 607 ad
497 557 546 606 vim
560 554 718 627 appetitivam.
728 556 861 607 intellectus
876 561 965 609 autem

151 629 314 680 universalium
327 631 374 693 esi;
384 628 424 679 sed
438 628 474 678 ris
488 628 613 692 appetitiva
624 632 729 678 moretur
739 627 799 677 circa
856 627 861 637 '
878 629 965 681 ulares

151 713 197 751 res.
214 700 254 751 Est
272 700 334 750 enim
353 704 429 750 motus
446 699 585 763 appetitivns
604 698 632 749 ab
650 699 726 748 anima
745 699 774 749 ad
792 642 914 763 remae
937 704 965 751 in

152 773 234 837 seipsis
249 772 395 837 particulares
412 776 473 822 sunt.
488 770 606 833 Contingit
618 772 694 821 autem
714 770 811 834 aliquem
827 771 965 823 habentem

151 847 236 895 rectam
251 843 442 895 existimationem
455 844 479 893 in
491 842 625 904 uniuersali,
635 842 694 892 circa
706 846 793 893 motum
801 841 964 907 appetitivum

152 928 198 967 non
214 918 272 968 reete
287 914 413 977 senatore,
427 917 535 978 corrupta
546 914 598 977 ejus
609 913 759 965 estimatione
774 913 962 981 inparticulari;

153 987 207 1050 poia
219 1000 312 1038 neccsse
328 985 433 1050 estquod
445 986 473 1035 ab
487 984 640 1036 aestimatione
651 984 675 1035 in
687 985 811 1035 universali
823 986 852 1035 ad
865 990 964 1051 appeti-

153 1059 225 1109 tivum
239 1060 274 1111 rei
288 1058 430 1125 particularis
445 1056 593 1121 perveniatur
605 1056 721 1108 medule
735 1057 891 1109 aestimatione
905 1074 963 1124 par-

153 1127 255 1193 ticulari,
270 1134 295 1180 ut
310 1128 392 1179 dicitnr
411 1128 434 1177 in
457 1130 497 1179 lll.
517 1128 550 1178 de
569 1130 660 1179 Aniena
676 1127 749 1193 (text.
767 1128 817 1192 58)
831 1145 836 1178 ε
850 1128 915 1180 sictut
933 1145 962 1181 eu

153 1200 308 1265 propositione
322 1200 445 1250 universali
454 1214 501 1252 non
510 1200 607 1252 intertur
615 1200 729 1251 conclusio
741 1201 901 1266 particularis,
914 1205 962 1253 uisi

153 1272 290 1322 assumendo
311 1269 478 1333 particularem.
497 1272 527 1321 ldt
546 1272 599 1324 inde
619 1276 668 1335 cst,
689 1271 749 1336 qudd
765 1272 848 1336 etquis
866 1274 961 1325 habens

154 1345 238 1391 rectam
249 1341 316 1391 tidem
325 1342 351 1392 iu
360 1340 492 1405 universali,
502 1343 579 1393 delicit
589 1344 614 1392 in
622 1346 686 1393 motu
696 1342 823 1408 appetitiao
832 1344 894 1397 circa
905 1361 962 1411 par-

154 1411 260 1475 ticulare,
275 1415 381 1476 corrupta
398 1412 529 1477 particulari
544 1412 596 1477 ejus
614 1414 764 1465 estimatione
777 1428 820 1479 per
836 1416 958 1481 habiturn,

154 1484 192 1534 rel
203 1484 394 1549 perpessionem.
409 1485 474 1535 Sicut
485 1485 525 1535 ille
538 1485 577 1549 qut
590 1483 723 1549 fornicatur,
737 1485 841 1549 eligendo
853 1488 962 1540 fornica-

153 1554 240 1607 tionem
251 1560 277 1606 nt
286 1557 369 1607 borium
379 1556 436 1620 sibi,
447 1559 477 1605 ut
486 1570 551 1607 cunc
561 1556 629 1607 habet
641 1561 769 1620 corruptam
778 1558 960 1612 estimationem

154 1626 178 1677 iu
189 1627 334 1692 particulari;
346 1641 399 1677 cnm
416 1633 494 1679 tamen
507 1628 606 1679 retineat
615 1629 769 1680 universalem
781 1630 959 1684 estimationem

154 1711 232 1750 ueram
250 1701 374 1751 secundum
395 1700 475 1763 tidem,
490 1699 578 1751 scilicet
596 1698 658 1763 quod
673 1700 792 1751 fornicatio
810 1702 841 1752 sit
859 1707 958 1756 mortale

154 1777 280 1837 peecatum.
296 1772 325 1823 Et
339 1772 442 1823 similiter
454 1772 537 1837 aliquis
555 1772 673 1823 retinendo
691 1772 715 1822 in
734 1773 861 1825 uniuersali
875 1791 957 1829 seram

155 1845 330 1897 aestimationem
347 1844 410 1909 fidei,
426 1844 486 1909 qudd
504 1843 591 1894 scilicet
606 1846 642 1894 est
655 1843 758 1895 remissio
771 1850 921 1909 peccatorum
934 1851 957 1897 in

156 1914 270 1979 Ecclesia,
283 1918 359 1979 potest
369 1920 445 1967 tamen
456 1915 505 1981 pati
513 1920 600 1967 motum
609 1916 786 1981 desperationis,
796 1918 860 1981 qudd
868 1922 956 1975 scilicet

155 1985 199 2037 sibi
216 1985 241 2035 in
259 1986 298 2035 tali
315 1991 377 2039 statu
390 1987 497 2039 existenti
512 1999 560 2038 non
573 1986 603 2040 sit
615 1987 752 2051 sperandum
768 1989 796 2039 de
807 1991 893 2056 uenia,
907 2006 956 2045 cor·

155 2059 222 2120 rupta
237 2057 387 2109 estimatione
399 2060 450 2122 ejus
462 2059 521 2109 circa
533 2058 676 2123 particulare.
688 2060 717 2109 Et
730 2072 772 2123 per
784 2061 848 2112 hunc
862 2066 955 2116 modum

155 2131 230 2192 potest
249 2142 299 2181 esse
313 2131 441 2195 desperatio
454 2131 503 2182 sine
521 2130 668 2195 infidelitate,
680 2131 739 2182 sicut
757 2136 781 2182 et
795 2133 842 2185 alia
861 2139 956 2201 peccata

155 2198 266 2253 mortalia.

187 2273 221 2322 ild
232 2272 330 2337 primum
344 2287 398 2338 ergo
411 2276 545 2341 dicendum,
555 2277 616 2341 quod
626 2277 719 2328 edectus
731 2276 817 2329 tollitur
826 2292 876 2330 non
882 2281 954 2331 solum

157 2344 244 2395 sublata
258 2356 325 2395 causa
337 2346 428 2411 prima,
445 2348 566 2398 sedetiam
580 2347 668 2399 sultlata
685 2361 753 2398 cansa
767 2352 879 2401 secunda.
892 2353 954 2402 Unde

156 2418 231 2467 motus
244 2414 294 2479 spei
305 2417 388 2467 auferri
402 2422 479 2481 potest
491 2430 539 2469 non
548 2417 621 2469 solum
635 2418 723 2469 sulthta
734 2418 862 2471 universali
875 2423 953 2474 entsd-

156 2487 256 2537 matione
269 2486 335 2551 fidei,
345 2502 396 2552 quae
405 2492 440 2539 est
452 2488 511 2540 sicut
522 2502 591 2540 caum
601 2489 675 2553 prima
687 2490 832 2542 certitudinis
840 2493 908 2558 spei,
918 2493 954 2542 sed

156 2558 226 2609 etiam
238 2558 327 2610 sublata
339 2559 507 2611 existimatione
515 2560 645 2625 pudcunn
651 2598 660 2625 ,
672 2574 723 2625 qua
733 2565 767 2613 est
781 2561 841 2613 sicut
855 2565 951 2616 secunda

156 2642 233 2683 causa

187 2702 222 2753 dd
235 2706 357 2755 secundum
372 2705 504 2769 dicendum,
515 2704 576 2769 qnod
591 2705 676 2770 aquis
694 2706 720 2756 iu
735 2706 862 2760 uniuersali
877 2705 952 2761 exist·

157 2778 229 2825 maret
243 2776 420 2827 misericordiam
435 2777 476 2829 ltei
491 2790 538 2828 uon
556 2792 606 2829 esse
624 2778 750 2841 infinitam,
764 2784 829 2831 esset
848 2778 948 2835 infidelis.

157 2844 205 2900 tloc
222 2846 297 2901 aute'm
311 2862 356 2902 non
374 2848 490 2905 exisdmat
508 2848 642 2917 desperans3
661 2851 702 2905 sed
719 2847 780 2917 qudd
795 2850 841 2905 siti
858 2853 885 2907 in
895 2854 950 2906 statu
