1992 3317
399 125 429 160 un
444 123 529 162 nunno.
818 116 863 161 9⁰3

68 195 174 263 anedun
193 202 247 252 vert
261 213 297 250 res
314 200 415 252 invente
430 199 566 251 fueruntne
583 201 710 264 propinquo
723 201 749 251 in
768 200 863 265 alicujus

65 273 140 324 bonis.
151 272 180 320 Et
194 274 248 321 tunc
263 271 285 320 si
301 272 353 334 quis
367 284 407 322 ens
420 271 516 336 accipiat
530 286 576 323 non
590 275 666 322 auimo
679 272 809 334 retinendi,
824 274 863 323 sed

65 345 142 394 anirnu
153 342 286 393 restituendi
294 342 394 406 donnino,
405 343 445 405 qui
455 355 494 393 eus
505 357 547 407 ure
554 344 667 394 derelictis
674 355 720 394 uon
729 343 805 404 habet,
817 352 864 394 nun

65 413 186 465 committit
200 412 293 463 furtum.
309 413 337 462 Et
350 412 464 475 similiter,
475 413 495 464 si
510 427 552 477 pro
565 414 679 464 derelictis
689 414 823 477 habeantur,
838 417 864 464 et

65 489 109 536 noe
119 485 195 534 credet
204 483 386 545 inuentos-licet
398 484 491 534 sitiens
503 485 607 548 retineat,
621 498 668 535 nou
682 484 805 536 committit
817 486 864 536 inr-

64 561 123 606 tun.
137 555 199 605 tlits
211 557 287 605 eutem
294 554 636 619 committiturpecenturuiurti.
649 557 714 607 Unde
724 555 865 620 Augustinus

63 628 120 678 dicit
131 629 158 678 in
167 626 388 691 quadamiiumiiiu,
404 631 428 676 et
436 627 531 677 habetur
542 629 601 687 xlv,
615 630 697 690 quest.
708 632 738 676 n:
753 644 768 674 u
777 626 801 678 Si
810 628 865 691 qutd

63 699 180 761 invenisti,
200 702 224 749 et
241 711 286 748 neu
302 697 434 759 reddidisti,
451 699 585 763 rapuisti.»
605 719 608 726 ¹

95 770 130 820 nd
142 770 234 820 tertium
243 767 377 830 dicendum,
389 769 450 833 qudd
461 770 498 821 ille
508 769 547 834 qui
560 770 636 820 furtim
648 771 788 834 accipitrem
797 781 863 821 suem

63 841 125 906 upud
141 841 211 890 aliurn
232 839 371 910 depositum,
388 845 467 904 gravet
480 842 658 906 depositarium,
672 841 712 905 qui
730 846 823 892 tenetur
836 843 865 891 ad

63 912 243 975 restituendum,
262 912 299 962 vel
318 912 346 962 nd
361 913 527 962 ostendendum
544 926 570 964 ee
589 925 640 964 esse
653 912 780 963 innoxium.
799 913 863 964 Unde

64 983 212 1034 manifestum
219 985 255 1033 eet
261 982 320 1046 qudd
330 987 418 1048 peccet,
424 986 447 1034 et
455 987 545 1034 tenetur
553 985 582 1034 ud
590 984 735 1034 relevandum
744 996 865 1047 gravamen

62 1054 207 1119 depositarii.
224 1053 268 1112 Qui
278 1053 333 1105 vert
345 1054 422 1104 furtim
437 1055 581 1118 accipitrem
595 1067 659 1104 marn
673 1056 733 1118 apud
749 1055 818 1104 aliurn
830 1055 865 1104 iu*

59 1124 125 1190 Justd
139 1126 266 1186 detentam,
281 1125 475 1188 peccutquidem,
488 1125 600 1188 nunquia
614 1129 693 1188 gravet
709 1137 761 1175 eum
774 1124 814 1188 qni
824 1125 865 1175 de·

61 1198 125 1247 tinet
138 1196 173 1260 (et
187 1194 240 1246 iden
255 1207 302 1246 nou
315 1199 405 1246 tenetur
414 1196 443 1246 ed
455 1195 620 1247 restituendum
633 1196 718 1260 ahquid
731 1197 770 1247 vel
785 1196 813 1246 ad
828 1209 866 1246 re·

61 1265 289 1331 compensandum);
309 1267 349 1317 sed
370 1271 452 1330 peccet
476 1271 555 1318 centra
576 1281 720 1318 communem
734 1268 863 1332 justitiam,

62 1341 121 1390 dum
133 1337 184 1402 ipse
201 1336 245 1386 sibi
262 1341 357 1401 usurpet
371 1351 419 1388 rue
429 1338 462 1388 rei
473 1338 598 1402 J'udicinm,
609 1339 669 1402 juris
683 1338 762 1390 ordine
772 1342 865 1403 praeter·

60 1410 146 1460 misso.
163 1409 193 1458 nt
214 1406 267 1458 iden
285 1412 374 1458 tenetur
386 1409 432 1459 tteo
452 1409 597 1468 sensissem,
613 1413 638 1459 et
658 1411 710 1460 dere
729 1421 820 1472 opernm
839 1413 865 1459 ut

60 1479 197 1532 scandalunt
208 1479 370 1543 proximorum,
384 1478 466 1530 siinde
474 1483 577 1530 exertum
587 1479 667 1544 fuerit,
686 1481 786 1530 sedetur.

357 1657 516 1710 nutthLUs
531 1659 571 1708 Vl.

223 1783 309 1827 Utinm
318 1784 417 1838 surium
427 1783 458 1827 uit
467 1785 590 1840 peccatum
600 1783 709 1845 mortale.

93 1911 130 1962 sd
152 1911 242 1959 sentum
262 1908 295 1958 sie
315 1908 454 1972 proceditur.
471 1907 566 1958 Videtur
584 1907 646 1972 quid
667 1909 752 1958 iurturn
769 1920 816 1959 nen
834 1908 865 1958 sit

61 1984 186 2045 peccatum
202 1980 306 2033 mortale.
318 1979 404 2029 Dicitur
415 1980 476 2030 eninr
490 1981 615 2035 Prouert„
628 1981 658 2030 Vi
672 1995 678 2028 :
690 1997 705 2027 (ι
713 1981 763 2030 Non
775 1979 866 2042 grundis

58 2057 98 2104 est
113 2053 198 2116 culpa,
213 2051 265 2102 cinni
286 2050 337 2114 quie
358 2051 445 2101 furatus
463 2050 541 2101 inerit.
563 2067 578 2098 n
591 2051 637 2101 Sed
657 2063 726 2101 crune
746 2054 865 2114 peecatum

61 2124 160 2174 mortale
179 2125 216 2173 est
238 2121 330 2185 grandis
347 2122 421 2184 culpa¹
440 2123 501 2184 Ergo
518 2122 604 2171 furtnrn
623 2136 670 2172 neu
691 2125 727 2172 est
740 2125 865 2185 peceatum

60 2198 167 2246 mortale.

93 2270 117 2314 Ξ.
132 2267 262 2325 Praeterea,
274 2267 367 2328 peccato
376 2263 467 2314 mortali
477 2265 558 2314 mortis
569 2277 637 2328 neena
651 2266 753 2316 debetur.
765 2266 811 2316 Sed
823 2278 865 2328 pre

59 2337 123 2386 furtu
132 2349 182 2386 nnn
189 2335 300 2398 infligitur
310 2334 391 2398 inlege
401 2347 468 2398 poeua
477 2335 564 2398 mortis,
575 2336 615 2384 sed
623 2335 695 2386 setun
704 2347 771 2399 prena
779 2337 864 2397 damni,

56 2407 188 2458 secuudum
201 2407 258 2456 illud
271 2407 365 2464 Euod„
383 2407 445 2459 XXII
458 2421 464 2456 :
481 2423 495 2454 ιι
505 2406 529 2456 Si
541 2407 593 2470 quis
603 2407 692 2457 iuratus
704 2407 772 2457 fuerit
783 2407 865 2457 bovem

58 2484 102 2530 aut
116 2493 202 2542 uveni,
214 2479 314 2542 quinque
328 2477 399 2528 boues
412 2491 454 2541 pro
469 2491 515 2528 uun
531 2479 589 2528 heve
602 2478 721 2541 restituet,
735 2482 758 2528 et
769 2481 866 2541 quatuor

55 2565 116 2603 eves
130 2564 174 2616 pro
187 2563 234 2600 una
244 2563 323 2600 ove.»
338 2551 396 2613 Ergo
414 2550 498 2600 furtum
511 2563 559 2600 uun
576 2553 612 2600 est
625 2553 745 2614 peecatum
763 2549 863 2598 morule.

93 2627 117 2673 e.
133 2624 260 2683 Praetenen,
273 2621 357 2671 turtum
371 2623 445 2684 petest
457 2620 568 2670 committi
580 2621 606 2670 iu
620 2620 697 2686 parvis
712 2621 793 2679 retus,
805 2619 866 2668 sient

54 2701 80 2744 et
90 2696 115 2745 in
125 2693 226 2758 maguis.
242 2693 287 2742 Sed
297 2691 462 2742 inconvenieus
471 2692 560 2742 uidetur
570 2691 631 2756 qudd
641 2705 682 2756 pre
696 2693 756 2742 furtu
768 2691 865 2753 aiicujus

57 2779 138 2829 parvm
152 2765 200 2828 rei,
213 2763 269 2828 putt
277 2763 345 2814 unius
355 2764 423 2827 aeds,
431 2763 470 2813 uei
481 2763 550 2814 unius
559 2777 655 2828 mnne,
667 2763 749 2826 uliquis
757 2761 866 2825 punietur

57 2842 136 2889 morte
151 2841 245 2889 uterne.
264 2835 322 2899 Ergo
335 2834 420 2886 iuduunt
436 2848 482 2886 nun
498 2839 535 2886 est
553 2839 669 2900 peceatum
684 2833 786 2884 nortute
