1992 3317
149 155 196 201 atu
277 162 387 203 snensnn
404 161 528 212 mensus,
544 133 638 209 punse,
655 162 716 213 vm,
733 160 786 203 arr,
804 154 824 204 ι.Ι

148 243 218 291 tatem
235 240 354 303 dividitur,
368 243 393 289 ιιι
410 243 474 303 patet
492 240 517 289 iu
536 242 576 291 ιιι.
592 244 626 291 De
640 242 726 291 enimn
742 242 816 305 (text.
835 244 897 307 ιθ).
912 241 961 295 sm

149 312 236 364 nultum
254 313 337 362 donum
357 310 456 375 Spiritus
478 311 553 363 saneti
570 312 653 363 dieitur
672 312 786 362 voluntas.
807 313 869 374 terge
886 314 960 367 etiam

149 384 234 433 nullum
251 384 335 433 donum
349 383 447 447 Spiritus
456 384 530 433 saneti
545 384 613 434 debet
627 384 670 433 dini
684 384 823 435 intellectus.

179 455 223 505 Sed
236 458 315 507 santra
335 459 384 517 est,
395 456 454 517 qnod
469 455 552 504 dieitur
566 457 625 511 lea„
640 456 670 505 ιιι
690 470 696 504 :
711 454 873 518 «Requiesnst
888 471 962 523 snper

148 540 200 577 enm
220 526 318 590 Spiritus
333 525 424 577 Domini
439 526 536 589 Spiritus
554 526 672 591 sapientia
689 530 712 576 et
728 526 868 579 intellectus.
884 544 901 576 n

181 598 342 662 (Coumnsro.
349 598 573 661 -ttuanduquidem
586 599 655 649 inmo
662 610 703 649 suu
713 597 813 648 naturali
824 599 920 651 lumine
930 602 961 650 ad

147 670 250 733 quedam
267 668 414 731 intelligenda
423 673 543 731 penetrare
555 684 601 721 nan
613 672 701 734 potest,
714 670 742 719 ad
752 682 780 719 ea
793 673 965 733 engnnseendn

148 755 206 805 opus
220 742 253 791 illi
266 742 310 790 tuit
323 741 399 805 abque
411 741 577 806 supernaturali
593 742 693 804 lumine,
704 742 765 805 prud
774 742 854 791 lumen
863 740 961 795 bomini

148 813 225 862 dutum
237 814 321 863 denum
336 811 467 864 intellectus
477 814 611 877 appellatur.
623 813 632 876 ι

179 884 316 947 Respondes
335 883 471 947 dicendum,
485 885 547 947 quod
567 895 651 937 nummu
669 884 810 935 intellectus
830 889 961 949 mendam

147 952 248 1003 intimam
261 953 415 1016 sepultionem
427 953 549 1017 importntr
565 954 719 1007 diciturenim
730 955 878 1019 amettipere
891 958 962 1021 quasi

148 1025 218 1073 istus
232 1024 322 1089 tepere.
339 1026 367 1075 Et
389 1027 435 1075 bne
455 1025 578 1077 manifeste
597 1030 659 1090 pratet
675 1026 874 1078 considerantibus
892 1029 962 1080 dille-

146 1096 244 1147 rentinm
258 1097 388 1147 intellectus
402 1104 426 1147 et
446 1110 537 1149 sensns.
557 1099 614 1149 Nam
635 1098 734 1161 segnitie
748 1098 862 1149 sensitiva
881 1114 960 1151 oeen-

93 1218 97 1222 .
146 1172 213 1233 patnr
225 1168 284 1218 circa
300 1168 421 1232 qualitates
435 1169 556 1221 sensibiles
566 1170 701 1232 exteriorem
714 1169 813 1232 cognitio
823 1174 906 1221 autem
921 1173 960 1222 in-

146 1238 260 1289 tellectiva
274 1242 378 1302 penetrat
400 1254 472 1303 usqne
491 1242 520 1290 nd
540 1240 663 1293 essentiam
683 1241 724 1291 rei.
748 1241 873 1305 Obiectum
893 1244 958 1295 enim

144 1310 272 1359 intelleetns
285 1310 402 1373 estquod
418 1310 483 1374 qnid
500 1314 552 1373 eet,
571 1315 596 1361 ιιι
607 1310 687 1362 dieitur
705 1310 729 1361 in
749 1312 787 1361 111.
801 1313 838 1363 De
855 1316 953 1365 arer'rrea

145 1380 155 1443 (
163 1384 220 1429 text.
236 1381 292 1441 ιιι).
307 1379 366 1429 Sunt
383 1384 459 1431 antem
473 1384 544 1433 multu
555 1396 638 1446 genera
652 1397 730 1434 earum
740 1398 791 1446 qne
805 1384 907 1435 interius
922 1387 956 1437 la-

145 1453 205 1510 tent,
221 1452 249 1499 ad
267 1465 317 1513 que
334 1455 422 1515 oportet
439 1454 593 1517 cognitionem
612 1454 712 1505 bominis
731 1455 795 1518 quasi
809 1456 955 1507 intrinsecus

144 1526 273 1585 penetrare.
289 1523 346 1573 Nam
360 1524 402 1573 snb
414 1524 568 1575 arridentibus
579 1526 633 1577 latet
643 1528 723 1576 natura
732 1525 766 1577 rai
778 1526 953 1589 substantialis,

145 1593 187 1642 sub
200 1593 276 1643 uerbis
287 1594 360 1644 latent
372 1595 499 1657 significata
512 1597 646 1659 uerborum,
667 1598 709 1647 sub
724 1596 914 1649 similitudinibus
931 1606 957 1651 et

144 1664 222 1728 liguris
235 1666 291 1715 latet
301 1663 385 1716 ueritas
398 1668 501 1729 figurata,
517 1668 572 1733 (res
585 1668 647 1719 enim
660 1668 811 1733 intelligibiles
824 1673 879 1719 sunt
890 1686 954 1734 qun-

143 1736 262 1787 dammedo
277 1735 397 1788 interiores
409 1742 514 1802 respectu
525 1753 600 1789 rernm
615 1739 766 1803 sensibilium,
777 1752 828 1805 qua
843 1742 953 1794 exterius

144 1807 289 1869 sentiuntur)
302 1808 363 1857 etin
378 1810 452 1860 musis
466 1810 538 1861 latent
550 1810 658 1875 effeetus3
677 1815 700 1861 et
712 1810 725 1861 b
739 1824 856 1869 conuerso.
882 1813 954 1866 Unde

142 1884 246 1943 respectu
262 1882 345 1930 borum
361 1881 463 1931 emnium
476 1886 553 1945 petest
566 1880 610 1933 diei
627 1884 763 1935 intellectus.
781 1884 826 1933 Sed
840 1898 894 1935 eum
909 1901 954 1939 co-

143 1950 215 2013 gnitio
226 1952 325 2001 bominis
337 1951 350 2001 l
360 1966 429 2003 sensu
441 1953 547 2018 incipiat,
556 1952 620 2018 quasi
631 1953 659 2004 ab
668 1954 787 2016 exteriori,
798 1954 952 2009 manifestum

142 2026 179 2073 est
196 2022 256 2086 qubd
275 2027 359 2086 quanto
378 2026 456 2075 luuren
471 2025 601 2075 intellectus
621 2028 656 2075 est
678 2025 772 2088 lortius,
786 2028 849 2079 tanto
871 2032 955 2092 polest

142 2092 214 2156 magis
228 2094 255 2143 ad
274 2094 354 2143 intima
367 2100 496 2159 penetrare.
511 2097 652 2147 Lument
613 2100 652 2147 aut
653 2110 689 2147 em
703 2100 743 2149 nat
733 2098 805 2148 turale
826 2103 880 2149 nost
869 2100 901 2149 ιιι
913 2101 954 2151 in-

143 2164 245 2214 tellectus
266 2169 301 2215 est
326 2166 397 2217 finite
412 2167 519 2229 virtutis,
541 2170 601 2219 uude
627 2183 699 2232 usque
718 2170 746 2219 ad
769 2170 952 2224 determinatum

140 2234 225 2297 aliquid
241 2239 369 2299 pertingere
385 2242 467 2303 potest.
479 2240 545 2303 ludig
532 2244 568 2290 ⁰et
580 2255 632 2305 argu
651 2243 718 2292 bomo
730 2244 899 2306 supernaturali
912 2245 952 2297 lu·

140 2305 217 2366 mine,
235 2310 260 2356 ut
280 2308 375 2359 ulterius
393 2315 494 2373 penetret
514 2312 542 2360 ad
566 2314 748 2374 cognoscendum
769 2315 875 2377 quaedam
895 2331 952 2381 qnae

140 2389 194 2441 per
200 2378 276 2428 lumen
292 2381 393 2431 naturale
410 2396 547 2445 cognoscere
562 2396 607 2433 nun
621 2384 688 2434 valet.
700 2384 729 2433 Et
743 2384 799 2435 illud
812 2386 893 2438 lumen
908 2403 950 2439 sn-

141 2450 282 2511 pernaturate
295 2452 384 2501 bomini
397 2453 492 2515 datum,
503 2458 595 2504 vocatur
609 2455 702 2506 donum
714 2456 865 2510 intellectus

172 2520 206 2569 bd
221 2520 317 2583 primum
330 2537 383 2587 ergo
397 2524 534 2589 dicendum,
549 2526 609 2589 qubd
621 2540 662 2590 per
671 2528 747 2578 lumen
762 2531 865 2581 naturale
881 2534 949 2584 uubis

140 2590 253 2655 inditum,
268 2596 354 2643 tanturn
370 2600 537 2659 cognoscuntur
555 2597 659 2661 quadam
677 2599 791 2663 principia
804 2605 948 2671 cummumu,

140 2676 191 2727 que
205 2670 259 2714 sunt
270 2666 403 2717 naturaliter
415 2671 478 2717 uota.
496 2668 541 2720 Sed
556 2670 608 2732 quia
623 2670 741 2722 humo]
702 2685 733 2721 urr
732 2671 818 2722 linatur
832 2676 862 2725 ad
876 2676 952 2728 beati·

140 2733 242 2784 tudinem
253 2738 465 2801 supernaturalem,
480 2738 506 2789 ut
519 2740 588 2804 supri
602 2741 687 2792 dictum
700 2745 736 2793 est
746 2743 790 2807 (tt,
803 2758 903 2799 necessa
917 2755 951 2802 est

173 2876 204 2939 (ι)
215 2882 289 2926 Tum
283 2895 306 2927 ru
316 2883 375 2927 bne
368 2894 420 2938 rpsa
431 2888 498 2940 perte
510 2892 592 2942 quest.
603 2886 627 2948 2,
636 2892 682 2935 nrt.
694 2888 718 2948 3,
728 2893 778 2934 tum
786 2902 815 2935 ex
824 2893 948 2955 preaesse,
