1992 3317
100 245 103 251 ι
138 162 187 217 aar
259 175 369 225 munna
385 160 516 230 summm
528 162 622 227 numu.
639 166 715 235 πω,
730 167 787 225 rnr.
799 176 829 221 n.

436 336 596 397 samoneos
608 338 638 394 il.
725 331 729 334 ¹

382 464 468 511 doum
477 476 529 521 epea
537 464 570 515 eit
577 464 605 509 tor
614 465 696 509 deum.

168 578 202 633 iu
216 582 343 635 nuendum
362 581 398 633 sie
417 583 548 649 proceditur
563 585 605 647 (t).
619 582 713 633 Videtur
728 581 788 645 oubd
805 596 862 647 spes
876 584 912 635 nit
930 582 962 637 in

137 652 220 705 beatis.
234 655 337 705 cbristus
357 655 418 705 enim
435 653 572 719 aprinuip'ro
592 669 640 707 sue
653 653 811 717 conceptionis
828 655 876 705 tuit
892 671 961 720 per-

136 724 209 775 t'eetns
227 727 413 789 comprehensor.
436 727 479 776 Sed
501 726 552 791 ipse
573 725 653 777 bnbn'rt
670 738 751 791 spem,
765 740 816 778 enm
836 739 867 775 en
896 730 961 793 ejus

135 808 234 859 pensum
246 797 334 847 dicatur
345 798 370 849 in
383 796 480 847 Psotm.
496 798 560 849 XXX
574 814 580 846 :
595 815 609 844 u
623 798 649 845 ln
662 801 685 847 te
697 797 791 847 Domine
808 799 919 862 sperari,
940 818 959 849 »

135 870 163 917 nt
178 868 256 919 Glossa
271 870 374 935 exponit.
390 871 449 933 Ergo
463 868 574 919 iubentis
587 872 725 931 potestesse
738 882 800 931 spes.

167 942 191 989 a.
207 941 333 1001 Praeterua,
344 940 403 991 sieut
417 938 509 1003 adeptio
522 938 670 989 beatitudinis
684 943 718 989 est
727 940 841 1001 quoddam
855 940 957 995 bonnm

136 1011 245 1074 arduum,
262 1010 294 1061 ita
307 1012 375 1062 etiam
393 1010 444 1075 ejus
464 1009 614 1060 eontinnatio.
630 1010 674 1060 Sei
692 1010 799 1061 hemines
815 1015 957 1075 antequam

135 1080 298 1134 beatitudinem
312 1081 474 1145 adipiscantur,
482 1081 576 1132 babent
586 1094 649 1145 spem
663 1080 692 1132 de
709 1078 860 1132 beatitudinis
875 1086 956 1149 adep

134 1150 208 1205 tione.
225 1152 284 1217 Ergo
295 1156 414 1227 postquam
433 1156 487 1201 sunt
496 1152 662 1203 beatitudinem
674 1152 761 1216 adepti,
775 1157 877 1216 possunt
887 1170 951 1220 spe-

135 1238 186 1277 rare
203 1224 352 1276 beatitudinis
365 1224 569 1279 continuationem.

167 1300 191 1345 a.
206 1296 319 1345 Praeteren
326 1330 335 1356 ‚
352 1307 394 1358 per
404 1295 512 1345 virtutem
521 1296 573 1359 spei
585 1300 662 1361 potest
680 1296 761 1360 abonis
772 1296 953 1350 beatitudinem

135 1377 227 1429 sperare
242 1378 288 1415 nnn
298 1366 370 1417 uotum
385 1365 440 1431 sibi,
451 1368 490 1418 sed
504 1368 575 1419 etiam
589 1368 657 1431 aliis,
671 1372 698 1420 nt
709 1367 778 1432 suprb
788 1368 880 1420 dietum
895 1376 949 1422 est.

134 1436 180 1487 sea
204 1436 279 1497 beati,
294 1436 333 1499 qui
354 1440 407 1487 aunt
425 1439 450 1488 in
470 1438 558 1503 patria,
572 1443 666 1502 speram
687 1438 851 1489 beatitudinem
875 1442 950 1506 aiiis3

133 1508 235 1573 alioquin
247 1521 293 1559 non
303 1513 409 1571 mearent
417 1521 459 1571 pro
472 1510 515 1557 ais.
530 1511 591 1570 Ergo
600 1510 625 1556 in
637 1511 710 1557 tenus
721 1510 859 1569 potestesse
874 1522 949 1572 spes,

166 1582 189 1629 t.
202 1582 329 1641 erotema,
342 1578 371 1629 ad
380 1578 544 1629 beatitudinem
553 1582 683 1629 sanctorum
693 1577 794 1641 pertinet
808 1591 853 1627 neu
863 1580 952 1632 sorum

131 1648 205 1717 ¹gloria
215 1651 296 1703 auimo
302 1688 311 1715 ‚
320 1651 360 1701 sed
371 1650 437 1701 etiam
448 1650 525 1713 ¹gloria
532 1650 647 1715 *eorporis
657 1650 702 1700 Sed
711 1650 794 1701 animae
807 1655 950 1704 sanetorum

133 1722 238 1786 quisunt
252 1722 276 1772 in
290 1722 375 1785 patria,
386 1725 509 1784 expectant
523 1722 602 1771 adbue
612 1721 707 1784 pieriam
715 1720 828 1785 eorporis,
837 1725 866 1771 nt
878 1730 951 1787 patet

133 1796 223 1859 ripen,
238 1795 275 1845 Vi.
285 1794 315 1843 Et
328 1793 379 1855 iili,
389 1794 472 1857 Super
482 1792 542 1842 Gen.
556 1792 593 1841 ud
603 1792 721 1842 litterum
732 1793 798 1858 (cap.
811 1792 866 1855 ὃὸ).
878 1794 946 1859 Ergo

135 1879 189 1931 spes
204 1869 280 1931 potest
297 1878 347 1916 esse
366 1864 389 1914 iu
401 1863 482 1915 beatis.

165 1938 212 1987 Sed
233 1940 312 1987 eontra
332 1941 380 2001 est,
401 1937 461 2001 quati
479 1935 603 2001 apotolus
623 1935 678 1985 dinit
698 1935 735 1985 ad
756 1937 837 1995 Rom..
863 1937 917 1989 vul
937 1957 944 1989 ι

135 2024 150 2057 u
165 2008 229 2067 Quod
242 2008 304 2059 videt
319 2008 388 2072 puis,
403 2008 457 2071 qnid
471 2012 554 2072 sperat.
567 2024 581 2054 u
596 2008 641 2057 Sed
654 2007 716 2059 beati
725 2008 832 2058 fruuntur
844 2008 888 2075 Dei
904 2013 945 2061 vi·

133 2077 206 2129 sione.
221 2078 316 2141 Erguin
331 2080 364 2131 eis
379 2080 518 2143 speslounm
532 2079 666 2129 nonhabet.

166 2150 324 2213 (concussio.
336 2178 368 2189 -
380 2152 430 2201 Non
451 2154 528 2214 potest
546 2150 570 2199 in
584 2149 656 2200 beatis
668 2163 723 2214 spes
738 2163 806 2215 esse,
819 2150 882 2204 sieut
895 2167 943 2205 nee

133 2220 204 2285 tides,
219 2225 271 2270 cirin
285 2234 363 2272 eornm
376 2222 491 2273 beatitudo
506 2236 552 2272 non
565 2222 613 2285 jam
624 2221 699 2274 aurun
709 2224 749 2273 sed
760 2236 869 2285 presens
879 2225 941 2289 sit.)

163 2294 299 2357 [despondeo
312 2293 446 2354 dicendum,
461 2294 522 2357 quod
535 2294 651 2345 subtracto
664 2307 692 2344 ee
704 2295 765 2357 qnod
777 2295 816 2343 dat
835 2296 943 2359 speeiem

130 2364 174 2425 rei,
183 2366 303 2416 resolvitur
314 2366 445 2430 speeies-et
457 2378 552 2415 resnou
561 2369 637 2429 potest
647 2366 727 2418 eedem
735 2379 866 2427 remanere
879 2367 942 2418 sieut

129 2440 218 2487 remota
233 2436 305 2486 turma
319 2436 420 2500 eorporis
431 2435 555 2497 naturalis,
564 2449 610 2485 non
622 2439 724 2485 remanet
737 2434 799 2484 idem
809 2440 942 2487 seeundum

130 2508 238 2571 speeiem.
255 2506 313 2573 Spes
330 2514 405 2559 autem
420 2507 500 2571 recipit
512 2507 635 2569 speeiema
647 2519 688 2557 sno
702 2506 792 2571 objecto
805 2506 940 2573 principati,

126 2580 190 2649 ¹siout
200 2584 223 2651 et
232 2587 319 2633 eoterae
329 2580 437 2643 virtutae,
449 2584 475 2631 nt
487 2579 593 2643 ensuprd
607 2579 673 2629 dietis
680 2582 746 2643 patet
758 2579 803 2643 (a).
815 2579 941 2643 Objeetnm

165 2706 197 2771 (1)
212 2711 245 2755 lte
257 2709 293 2755 bis
307 2709 376 2755 etiarn
392 2707 419 2766 1,
432 2706 459 2766 2,
475 2720 515 2763 qn.
530 2706 575 2765 67,
591 2712 637 2751 art.
654 2704 704 2752 tet
715 2705 743 2758 53
759 2711 783 2751 et
798 2706 846 2765 ΙΙΙ,
858 2706 939 2756 Soet..

132 2770 197 2831 dist,
210 2771 255 2830 26,
267 2784 307 2829 qu.
319 2772 349 2830 Ξ,
365 2776 408 2816 nrt.
426 2769 453 2829 5,
472 2770 610 2827 quantiano.
629 2767 657 2821 1;
673 2775 697 2813 et
711 2769 764 2813 dist.
784 2768 829 2828 31,
842 2782 884 2827 qn.
906 2771 937 2830 Β,

126 2838 177 2881 nrt.
191 2834 218 2894 1,
233 2834 370 2892 questione.
381 2832 468 2889 2613,
484 2830 598 2892 etqu.·t,
609 2832 640 2877 de
646 2832 737 2890 virent„
752 2832 831 2877 ατη.

165 2904 198 2970 (a)
213 2906 271 2955 Puta
285 2905 312 2969 1,
323 2906 352 2968 ἢ,
367 2916 407 2963 qu.
425 2903 472 2966 tt,
487 2909 532 2951 nrt.
544 2903 572 2965 ἢ,
591 2904 635 2951 snb
652 2902 768 2950 communi
783 2904 880 2951 nomine
890 2906 937 2952 ba·
