1992 3317
378 115 408 150 DE
424 113 492 150 JUBE.
789 109 833 156 787

94 187 132 238 Sed
141 189 206 238 contra
222 190 268 250 εει,
283 187 344 250 quod
359 187 512 251 Philosophus
522 187 580 240 inll
596 190 692 251 liiiio,
706 192 835 255 specialiter

64 259 141 322 hjusto
158 257 237 321 politico
259 258 378 323 distinguit
395 259 582 312 dominativum
605 265 629 312 ει
648 269 797 327 pulmarum,
812 268 836 316 et

66 329 104 378 alia
117 327 235 392 hduunodi.

93 399 232 461 (cornuue.
246 426 278 438 -
298 399 465 452 convenienter
484 400 629 466 distinguitur
638 402 696 467 jus,
710 405 770 467 quod
787 417 834 455 non

59 471 144 520 alterum
158 469 341 534 duplicarent,
358 471 383 522 in
391 472 440 536 jus
452 477 589 536 potamum
602 473 679 538 etjuo
692 474 834 525 dominati-

58 556 125 598 vum,
133 555 214 604 quorun
227 546 345 606 paternum
360 543 419 594 inlcr
431 547 518 608 patrem
533 547 557 595 et
569 545 642 596 lilium
651 583 659 609 ‚
669 545 834 597 dominativum

56 612 110 662 inter
123 611 224 663 dominum
239 617 262 664 et
272 627 362 664 servum
378 617 422 668 est
433 616 441 676 l

83 683 203 746 despondeo
222 684 356 748 dicendum,
375 685 467 748 qudd'
450 701 499 750 pus
513 686 562 736 siue
573 688 679 750 jurium
699 687 781 739 dicitur
796 703 836 754 per

54 754 279 822 commensurationem
289 756 318 805 ad
332 757 435 806 alterum.
447 757 548 808 Alterum
559 760 635 808 aulem
645 761 722 822 potest
734 759 779 809 dici
792 762 835 810 du-

52 824 143 888 pliciter.
156 825 199 874 llno
210 825 285 888 modo,
300 826 360 890 qnod
378 827 512 892 simpliciter
523 829 559 878 est
571 827 681 888 alterum,
701 829 759 878 sicut
774 831 835 894 quod

51 903 83 948 cst
97 897 182 947 omniuo
198 864 349 950 distinctum:
365 899 425 950 sicut
447 900 560 964 apparet
554 913 579 950 ru
596 900 681 950 duobos
695 901 834 967 hominihus,

50 981 139 1032 pnorunr
149 980 254 1018 uousnon
268 973 304 1020 est
317 969 446 1033 enuntiem,
461 971 502 1022 sed
513 971 579 1021 ambo
590 974 643 1020 sunt
656 970 699 1021 suh
711 984 758 1035 uuo
770 973 834 1036 prin-

50 1041 95 1104 :ipe
114 1039 211 1090 civitatis.
234 1041 263 1090 Et
277 1039 336 1093 inter
354 1043 428 1102 tales,
447 1042 573 1094 secuudum
591 1042 755 1109 Philosophum
772 1043 835 1094 inv

50 1111 138 1169 didio,
154 1109 192 1174 (ul
203 1111 305 1175 supro),
323 1115 357 1164 εει
374 1113 507 1178 simpliciter
519 1113 633 1177 suctum.
649 1113 700 1164 lilio
719 1114 786 1164 modo
800 1115 834 1166 di·

50 1182 101 1231 itnr
112 1181 192 1244 aliquid
203 1182 314 1233 alterum
329 1197 375 1236 non
388 1184 537 1248 simpliciter,
550 1185 592 1235 sed
605 1185 670 1248 quasi
681 1184 768 1248 aliquid
786 1185 836 1249 ejus

50 1253 155 1315 tricicum
173 1256 196 1304 et
210 1255 254 1304 hoc
271 1255 338 1306 modo
354 1255 378 1305 in
400 1256 468 1310 relus
488 1255 594 1306 humanis
615 1255 673 1306 illius
695 1260 730 1306 est
748 1255 835 1319 alicuid

50 1324 125 1386 atris,
144 1323 193 1388 quia
205 1325 368 1388 quodammodo
385 1329 421 1378 est
441 1331 494 1390 pars
514 1327 582 1390 ejus,
596 1329 621 1376 ut
640 1325 723 1378 dicitur
740 1327 765 1377 iu
785 1327 837 1380 vlu

50 1395 132 1450 cruia,
148 1398 171 1444 et
184 1407 261 1448 seruus
276 1399 312 1446 εει
327 1395 410 1460 aliquid
428 1397 530 1458 domiui,
544 1397 598 1461 quia
609 1400 645 1447 est
660 1397 836 1448 instrumentum

50 1467 86 1530 jus
93 1502 103 1529 ,
116 1469 142 1520 ut
160 1463 240 1516 dicitnr
258 1467 284 1516 in
297 1467 307 1515 l
320 1467 398 1517 Polit.
416 1469 445 1518 llt
458 1467 510 1518 ideo
522 1467 594 1530 patris
607 1467 636 1516 ad
651 1467 724 1518 hliuni
739 1480 786 1518 nou
801 1470 837 1521 est

50 1537 187 1601 omnemne,
203 1537 261 1588 sicut
277 1539 305 1588 ad
324 1538 482 1603 simpliciter
500 1540 621 1588 atterum.
636 1539 665 1586 nt
681 1540 773 1602 propter
792 1538 837 1587 hoc

50 1623 79 1659 on
94 1612 130 1660 est
142 1607 185 1658 sihi
201 1607 333 1672 simpliciter
343 1609 444 1672 justum,
462 1609 504 1660 sed
519 1608 650 1672 quoddam
662 1609 778 1672 justum,
791 1607 836 1658 sci-

50 1685 85 1730 ret
94 1681 231 1744 potamum
242 1695 250 1729 .·
260 1683 283 1730 et
296 1679 375 1730 eadem
386 1681 480 1743 ratione,
491 1693 535 1730 nec
547 1679 606 1729 iuter
620 1679 736 1729 dominnm
746 1681 770 1729 et
784 1692 833 1729 ser-

50 1765 84 1801 rm
95 1789 103 1812 ,
115 1750 157 1802 sed
176 1754 211 1800 ast
228 1749 287 1801 inter
300 1763 340 1801 eos
353 1751 540 1801 deminutivum
549 1751 664 1814 justum.
676 1750 738 1800 Uxor
748 1753 835 1811 antem,

50 1823 137 1872 romnis
157 1821 188 1872 sit
208 1821 293 1885 aliquid
313 1821 367 1886 viri,
383 1821 436 1886 qnia
456 1824 599 1885 comparatur
612 1822 641 1871 ad
655 1835 708 1872 eum
726 1821 786 1873 sicut
806 1823 836 1872 ad

51 1893 146 1959 oprium
159 1905 259 1956 corpus,
272 1896 297 1942 ut
313 1896 376 1957 patet
392 1906 433 1957 per
444 1892 576 1956 Apostolum
590 1892 626 1941 od
639 1891 741 1955 Epiro,
755 1891 783 1953 V,
792 1895 833 1942 ta-

50 1981 75 2016 rn
91 1963 169 2028 magis
178 1963 325 2027 distinguitur
336 1964 409 2014 avire
423 1963 490 2027 quam
500 1963 562 2014 illius
576 1962 673 2027 ipatre,
683 1963 719 2013 rel
730 1963 834 2014 servunt

50 2037 132 2099 mino;
148 2035 276 2084 assumitur
297 2035 397 2084 enimin
412 2035 532 2098 quamdam
552 2033 658 2084 socialem
670 2032 741 2084 ritum
755 2036 834 2085 matri·

50 2108 102 2156 unii.
112 2107 145 2156 nt
156 2105 219 2168 ideo,
230 2109 256 2154 nt
267 2105 417 2170 Philosophus
426 2105 482 2156 dicit
490 2105 516 2154 in
524 2104 575 2153 Vlll
583 2103 677 2160 liiiio,
690 2104 726 2168 (nt
737 2105 826 2170 sopri),

51 2193 79 2228 er
95 2177 176 2228 vnum
196 2181 219 2226 et
236 2189 330 2228 uxorem
345 2177 397 2240 plus
411 2179 447 2227 εει
463 2176 491 2226 de
507 2173 595 2226 ratione
606 2175 672 2238 justi,
688 2174 757 2238 qnhm
774 2175 835 2226 inter

50 2263 107 2300 rem
122 2253 148 2300 ει
162 2247 254 2310 lilium,
268 2249 305 2298 uel
318 2247 434 2300 dominum
450 2249 474 2298 at
492 2259 602 2309 acruom3
620 2246 675 2309 quia
690 2245 745 2296 chm
757 2247 792 2298 uir
812 2250 837 2298 ot

50 2335 72 2371 rr
87 2320 200 2370 habeant
213 2317 368 2373 immediatam
381 2317 516 2369 relationem
527 2318 557 2369 ad
570 2317 717 2369 domesticam
733 2331 836 2368 commn-

50 2397 114 2444 rtem
134 2393 173 2454 (ut
199 2393 265 2454 patet
278 2390 303 2440 io
317 2389 427 2453 lPotc't.)
443 2387 494 2443 idco
515 2387 574 2441 inter
591 2400 630 2438 cos
650 2401 697 2440 rou
713 2391 749 2443 ast
766 2388 836 2439 etiam

50 2463 158 2527 upliciter
175 2461 317 2526 politicum
338 2461 457 2525 jucium,
478 2458 519 2514 sed
535 2458 723 2524 mapiajuotum
745 2474 836 2511 oecouo

50 2550 125 2585 ium.

50 2607 72 2655 d
93 2595 209 2670 primum
220 2617 276 2685 ergo
285 2603 415 2668 dicendum,
426 2601 486 2668 qndd
498 2604 527 2652 ad
540 2601 652 2666 justiliam
666 2601 764 2667 pertinet
777 2602 835 2652 red-

50 2677 118 2740 rjus
140 2688 219 2726 suum
236 2675 376 2756 unicuique,
394 2673 512 2738 supposita
525 2676 603 2724 tumen
617 2673 747 2723 diuersitate
762 2672 837 2722 unius

50 2748 177 2810 ulterum3
190 2746 215 2798 ei
228 2746 279 2810 quis
293 2745 355 2798 enim
369 2744 413 2796 sihi
426 2746 464 2796 dcl
475 2745 536 2809 quod
548 2743 592 2794 sihi
603 2745 714 2807 debetur,
725 2755 771 2794 nou
781 2754 834 2806 pro·

66 2784 181 2874 vocatu}
194 2817 367 2885 hoojurturu.
376 2803 425 2871 ut
415 2817 468 2884 quia
481 2816 543 2884 cuod
555 2819 592 2870 est
604 2815 661 2882 tulii,
671 2817 706 2870 εει
714 2813 794 2883 nauis,
808 2815 833 2866 et
