1992 3317
336 162 369 219 nr
384 174 448 220 nono
462 167 572 222 unorn'
806 176 853 227 trs

42 252 177 321 quaudoque
192 253 267 307 homo
281 261 377 322 propter
396 260 455 313 meta
467 274 519 325 une
535 260 612 324 ιιιιιει,
625 257 640 312 ι
652 257 700 315 deo
717 262 806 316 recedit
811 281 819 331 ;
830 268 856 319 et

42 331 81 382 iste
92 332 178 384 dicitur
192 332 264 384 timor
272 332 412 393 humanus,
424 337 460 386 vel
469 338 621 388 mundanus.
631 337 769 405 Quandoque
778 345 854 395 autem

43 403 107 454 horno
127 408 227 470 propter
246 406 308 455 mata
322 418 372 469 que
387 406 466 469 timet,
488 408 517 458 nd
535 409 607 460 deum
625 412 771 476 conuertitur,
791 418 815 465 ιι
830 415 854 467 ei

41 474 150 540 inhaerot;
164 477 228 541 qnod
250 476 345 541 quidem
364 478 448 528 malum
469 483 504 529 est
524 480 623 545 duplex,
644 484 731 535 sedicet
751 485 851 537 mulum

43 560 128 607 poenoe,
140 553 164 599 et
179 547 284 597 molum
296 548 386 613 culpe.
398 550 421 599 Si
432 562 485 615 ergo
498 551 732 615 aliquisoonuertutur
740 558 769 607 ad
781 558 854 609 Deum

9 636 10 645 ι
43 623 63 666 ιι
80 618 101 667 ei
117 619 236 671 inherent
243 656 255 683 ,
266 624 360 684 propter
378 621 481 672 timorem
498 636 589 688 piene,
602 626 646 675 erit
659 626 728 677 timor
740 628 851 680 senilis.

9 720 10 731 ι
45 689 67 736 Si
83 694 160 741 autern
175 695 275 756 propter
297 690 401 743 timorem
419 694 503 758 ccipe,
518 696 562 745 erit
578 696 647 746 timor
668 698 776 764 filiulr's;
798 714 853 752 nanu

9 800 10 817 ,
45 757 140 809 tiliorum
154 766 192 811 est
206 762 291 811 timere
306 762 417 812 offensum
431 764 509 826 petris.
524 766 548 813 Si
558 770 639 817 ,eutem
653 772 745 833 propter
757 774 851 821 utrum-

9 864 10 869 =
45 844 85 892 que
94 870 102 894 ,
110 836 150 881 est
164 832 234 883 timor
245 832 373 891 initialis,
384 833 424 897 qui
437 838 472 883 est
481 835 571 884 medius
584 835 643 885 inter
655 841 773 903 utrumque
785 841 852 894 tinu-

44 915 101 951 renr.
116 904 199 952 Utrum
209 907 287 954 antem
302 904 386 959 mulum
400 906 472 968 culpe
485 906 559 968 possit
569 907 652 967 timeri,
663 922 732 971 snpra
746 912 849 962 ιιιιιιιιιιιι

44 977 82 1021 est
93 973 133 1036 (t,
146 978 169 1035 ι,
187 988 224 1037 ιρι.
246 978 287 1037 ιι,
301 978 344 1024 ert.
357 980 369 1023 3
380 976 400 1037 ι,
415 974 466 1025 edm
480 977 509 1027 de
522 976 626 1040 passione
638 977 726 1028 timoris
738 987 850 1044 ageretur.

9 1056 10 1059 ¹
75 1044 112 1093 Ad
125 1042 220 1107 primum
234 1058 290 1108 ergo
304 1046 441 1108 dicendum,
453 1046 514 1110 quod
529 1048 681 1098 damascenus
693 1049 850 1103 diridittirno·

46 1128 92 1163 rem
110 1116 235 1166 secundum
256 1118 319 1179 quod
335 1122 371 1167 est
391 1118 467 1181 passio
487 1118 579 1169 animet.
596 1119 650 1169 Huc
670 1123 748 1169 autern
768 1121 851 1173 divisio

9 1186 10 1205 ³
45 1186 130 1236 timoris
144 1188 273 1237 attenditur
281 1187 306 1236 in
323 1186 402 1237 ordine
417 1188 544 1253 addeum,
560 1191 585 1239 ιιι
602 1189 746 1241 dictumest.

9 1248 10 1265 ¹
75 1259 108 1307 Ad
124 1259 254 1310 secundum
265 1259 396 1321 dicendum,
407 1258 467 1322 qnod
480 1261 565 1311 honum
575 1262 660 1313 murale
670 1262 786 1327 precipue
795 1276 850 1315 con-

47 1330 101 1379 sistit
114 1330 139 1380 in
154 1330 306 1381 conversione
322 1331 350 1380 ad
362 1332 453 1395 Deum,
465 1332 549 1381 malurn
561 1336 635 1383 ιιιιειιι
647 1336 732 1386 morule
745 1334 772 1385 in
785 1348 850 1387 aver·

47 1402 104 1451 sione
123 1401 200 1451 ddeo
221 1418 227 1450 :
244 1406 268 1451 ει
282 1401 333 1451 ideo
352 1414 431 1451 omnes
448 1402 548 1465 predicti
566 1403 659 1455 timores
671 1406 708 1455 uel
725 1406 849 1470 importent

47 1473 128 1521 uratum
139 1473 241 1533 morule,
253 1472 292 1521 vel
302 1472 397 1523 bunum.
410 1472 453 1523 Sed
464 1474 533 1522 timor
545 1474 653 1523 naturalis
666 1478 850 1541 presupponitur

46 1543 104 1593 buno
120 1547 145 1595 ει
160 1544 218 1593 malo
237 1542 320 1593 morati
336 1558 343 1591 ι
358 1546 382 1593 ει
394 1541 445 1593 ideo
459 1556 506 1593 nun
524 1548 696 1595 connumeratur
712 1546 772 1597 inter
790 1548 848 1598 istos

46 1614 149 1665 timores.

79 1686 114 1734 Ad
131 1685 219 1735 tertium
228 1686 349 1737 dicendum
359 1683 435 1749 ,quod
448 1686 557 1736 hebitudo
568 1686 629 1736 servi
641 1687 670 1736 ad
683 1688 801 1737 domiuum
813 1693 849 1739 est

45 1772 88 1823 per
100 1762 235 1823 potestatem
247 1758 335 1809 domini
352 1772 442 1807 servunt
457 1757 501 1807 sibi
513 1757 671 1823 subjicientis3
689 1760 729 1808 sed
741 1758 849 1809 habitudo

48 1830 85 1878 iiiii
99 1830 128 1880 ad
146 1834 248 1894 patrem,
261 1830 300 1880 vel
321 1828 400 1879 uxoris
419 1830 447 1879 nd
467 1828 556 1893 virum,
575 1835 611 1879 est
630 1828 643 1880 ι
666 1829 793 1893 converso,
809 1844 850 1894 per

47 1902 151 1951 affectum
171 1901 212 1950 filii
232 1915 257 1951 se
277 1900 396 1951 subdentis
412 1900 483 1963 putri,
502 1901 539 1950 vel
557 1901 633 1951 uxoris
646 1914 672 1951 se
690 1900 849 1965 conjungentis

46 1973 93 2022 uiro
106 1974 191 2024 unione
204 1972 297 2024 auroris.
314 1972 379 2021 Unde
393 1971 459 2023 timor
472 1971 547 2021 filialis
557 1977 580 2022 ει
594 1976 671 2023 custus
684 1974 712 2023 ud
725 1973 784 2023 idern
796 1987 848 2037 per-

47 2047 130 2109 tinent;
141 2046 194 2109 qnia
206 2058 246 2109 per
258 2044 377 2095 ciuitatis
387 2056 485 2095 amorem
495 2045 555 2093 Dens
564 2049 638 2108 puter
648 2050 731 2095 noster
739 2045 846 2109 efficitur,

49 2120 168 2167 secuudum
182 2117 238 2165 iilud
256 2118 340 2173 donn,
354 2114 404 2163 Vlll
419 2130 424 2163 ι
439 2131 452 2161 u
464 2116 589 2178 decepistis
600 2116 704 2179 spiritum
719 2116 847 2182 adoptionis

50 2188 153 2251 fitiorum,
167 2188 192 2237 in
206 2200 251 2250 quo
264 2188 404 2250 clamamus,
420 2186 490 2249 Abba,
504 2190 598 2251 pater.»
609 2188 636 2237 ut
650 2190 775 2239 secundun
786 2202 848 2239 ειιιιι·

51 2262 95 2309 dein
104 2260 239 2311 charitatem
255 2259 339 2309 dicitur
353 2258 421 2307 etiam
435 2266 640 2323 spernendorum
653 2262 776 2312 secundum
790 2262 846 2312 iliud

51 2332 74 2379 ll.
86 2333 119 2381 ud
139 2332 274 2387 Cor.,X1:
291 2330 433 2393 «despondi
452 2344 491 2381 vos
508 2330 547 2381 uni
566 2332 614 2382 uiro
628 2331 740 2395 virginem
761 2337 847 2383 castum

51 2404 151 2455 exhibere
166 2402 268 2453 Christo.
283 2418 298 2450 ιι
315 2401 392 2451 Timor
412 2406 487 2452 autem
502 2401 591 2468 servilis
604 2404 633 2453 ud
645 2403 707 2453 uliud
728 2403 845 2467 pertinet3

50 2477 97 2539 quis
108 2475 241 2525 charitatem
254 2474 278 2523 in
293 2473 329 2524 sui
342 2471 429 2523 ratione
443 2486 489 2523 non
500 2472 603 2524 includit.
747 2488 758 2498 ·

77 2547 110 2596 ιιι
127 2551 233 2611 quartum
251 2545 390 2607 dicendum,
409 2544 468 2607 qrrod
482 2545 584 2609 predicti
602 2549 650 2597 tres
667 2546 761 2597 timores
774 2544 848 2611 respi-

50 2617 109 2667 ciunt
125 2631 229 2682 poerrem,
249 2618 290 2667 sed
308 2604 467 2666 diversimode.
487 2616 544 2665 Num
563 2614 631 2667 timor
650 2619 779 2670 minuens
796 2619 845 2667 sive

49 2689 157 2738 humanus
167 2689 261 2753 respicit
274 2700 366 2751 poeueur
377 2686 390 2735 ιι
400 2687 445 2736 deo
460 2691 612 2750 avertentem,
626 2700 694 2751 quarn
709 2688 843 2751 quandoque

49 2759 133 2809 inimici
146 2762 186 2811 Dei
198 2761 326 2824 instigunt,
341 2759 378 2809 uel
396 2758 569 2809 comminentur.
582 2760 626 2809 Sed
640 2761 707 2809 timor
721 2759 810 2808 servitis
820 2761 844 2807 et

50 2831 139 2882 initiatis
156 2832 284 2897 respiciunt
301 2843 393 2895 poenuur
407 2842 448 2895 per
463 2844 532 2895 quam
545 2831 648 2881 homines
661 2831 805 2879 attrahuntur
817 2826 845 2873 ad

50 2902 129 2971 deum,
148 2904 258 2957 demtus
272 2904 399 2967 indictum,
413 2903 452 2953 uel
468 2902 627 2953 comminatum
644 2912 734 2964 :quam
756 2896 847 2960 qudem
