1992 3317
149 106 194 156 ‘188
265 117 372 158 secerni
388 115 515 166 emoneo,
532 115 623 160 onusr.
641 117 715 165 imur,
730 117 785 154 rrr.
803 117 821 154 u
965 94 967 141 Ι

147 195 207 258 quod
216 198 251 246 est
266 194 333 254 serni,
343 195 378 244 est
390 191 484 251 domiui,
498 190 549 241 iden
559 203 606 241 nou
617 195 654 241 cst
665 191 757 257 proprie
769 191 857 257 justitia
866 193 934 258 putris

97 317 102 326 ,
147 267 175 316 ad
193 265 276 327 filium,
289 265 326 314 sel
336 263 420 314 domini
431 264 459 312 ad
474 276 571 313 servum.

177 337 211 387 nd
226 335 347 386 secundnm
362 334 496 396 dicendum,
507 333 567 396 quod
580 332 640 396 iilius
654 332 680 383 in
696 337 810 397 qnantum
823 337 893 399 iilius,
905 341 939 386 est

147 407 229 472 ahquid
241 407 318 470 patris,
335 409 358 456 et
376 405 481 457 similiter
493 418 573 456 servm
584 403 609 454 in
622 408 733 468 quantum
746 419 842 470 servus,
854 409 937 458 escali-

147 479 201 544 quid
223 477 321 541 domiui;
335 481 430 541 uterque
449 480 540 540 tamen,
554 481 623 541 prout
638 476 794 528 consideratur
808 481 837 528 ut
855 480 937 543 quidam

146 551 229 611 homo,
239 551 273 600 est
286 549 371 612 aliquid
382 549 507 599 secuudum
516 558 541 597 se
551 549 680 598 misistens
688 548 718 596 ab
730 548 783 598 eliis
792 549 936 600 uminum:

147 625 171 670 et
182 621 233 670 ideo
247 620 391 683 inquantum
406 623 502 683 uterque
514 623 552 669 cst
565 619 729 683 horrentique
738 621 808 670 modo
820 622 850 670 ad
863 635 902 672 eos
912 629 938 671 cat
965 650 967 687 g

143 691 240 754 justitia.
251 693 280 741 Et
290 695 381 756 propter
395 694 439 742 hoc
452 690 519 742 eiiam
532 690 613 753 aliqua
628 690 691 751 leges
704 691 789 740 dantur
803 693 834 742 de
844 693 883 743 his
894 707 936 756 qna
965 690 967 745 Ι

146 766 199 813 sunt
218 763 289 827 patris
303 764 329 814 ad
345 763 426 826 fitium,
441 764 478 813 vel
489 762 575 812 domini
588 762 616 812 ad
627 773 727 812 sernum.
736 761 784 812 Sed
798 763 825 812 in
839 769 938 828 quarm
965 758 967 817 ξ

146 837 241 898 uterque
260 839 295 884 cst
308 833 391 897 aliquid
403 833 504 894 ulterius,
522 833 645 884 secuudum
653 833 698 882 hoc
711 831 791 883 deicit
804 833 840 884 stri
851 835 938 898 pennu
965 834 967 839 '

147 904 203 955 ratio
210 906 283 969 jacti
296 907 333 956 vsi
342 906 423 970 juris.
563 915 567 920 ’

178 979 212 1028 Ad
227 977 315 1029 tertium
333 976 464 1038 dicendum,
482 974 544 1039 qudd
560 985 640 1024 omnes
662 974 712 1024 aliar
725 973 878 1027 diversitates
897 990 938 1040 per·
965 1008 967 1065 p

147 1061 270 1111 sonarum,
285 1061 335 1112 qnae
352 1051 405 1098 suut
422 1048 447 1098 in
467 1045 571 1108 ciuitate,
585 1045 671 1096 habeut
685 1044 846 1096 immediatam
862 1047 938 1099 relatio
965 1070 967 1073 ·

146 1133 199 1170 uem
212 1122 240 1170 nd
261 1120 445 1170 communitatem
459 1117 556 1168 civitatis
573 1120 597 1167 ct
618 1118 645 1167 ad
663 1117 796 1180 prinoipem
811 1117 907 1182 ipsius:
922 1122 938 1166 ct

146 1191 196 1242 iden
206 1193 234 1241 od
245 1203 285 1241 eus
295 1195 330 1241 est
339 1191 442 1254 justum
452 1190 573 1240 secundnm
582 1189 708 1252 perfectam
718 1188 835 1240 rationem
843 1191 937 1254 J'ustitia.

146 1261 291 1324 distinguitur
308 1265 384 1311 tamen
403 1261 466 1310 istud
472 1260 578 1323 justum
592 1261 716 1310 secuudum
729 1260 824 1310 diversa
847 1262 936 1312 officia:

145 1331 204 1380 unde
214 1329 294 1380 dicitnr
302 1329 351 1393 jus
366 1330 497 1386 militare,
513 1331 604 1393 meljan
619 1331 828 1394 mnqietrntnum
837 1369 849 1391 ‚
860 1335 938 1382 neten

146 1399 292 1460 cerdonum,
301 1408 346 1450 nnn
360 1403 452 1464 propter
462 1401 574 1451 deiedum
592 1400 772 1464 dor'mplicr'ier
779 1401 798 1464 j
800 1405 877 1462 usto,
890 1402 937 1451 sirm

146 1469 228 1520 dicitur
240 1471 288 1534 jue
307 1474 442 1536 paternum
462 1474 486 1522 et
507 1471 712 1531 dominativum,
729 1472 772 1522 sed
789 1476 888 1536 propter
903 1474 937 1520 ior

146 1541 205 1604 quod
216 1541 337 1606 uuicuique
353 1540 476 1592 conditioni
489 1554 603 1606 persona,
618 1542 743 1592 secuudum
764 1542 885 1606 proprium
899 1540 938 1592 oii-

146 1611 206 1662 cinnr
221 1613 303 1678 aliquid
319 1610 435 1677 proprium
451 1613 553 1663 debetur.

400 1954 565 2024 eumenid
583 1954 691 2018 LVIII.

223 2103 226 2114 '
255 2099 290 2148 De
301 2101 416 2159 justitio,
427 2101 456 2146 in
470 2098 601 2147 duodecim
610 2100 729 2146 oreretur
742 2102 837 2151 diotae.

176 2254 264 2306 Deinde
277 2255 463 2307 considerandum
482 2258 519 2306 est
532 2255 561 2306 de
569 2253 668 2320 justitia.

104 2379 106 2384 ,
175 2327 239 2378 Circa
264 2341 332 2390 quam
354 2331 483 2391 quaeruutur
511 2327 638 2378 duodecim.
664 2329 692 2374 1⁰
715 2326 775 2386 Quid
797 2327 827 2376 sit
847 2326 935 2392 justitia.

145 2403 171 2448 e·
185 2397 263 2450 Utinm
272 2399 363 2464 justitia
379 2413 469 2462 semper
482 2399 514 2450 sit
524 2399 552 2448 ud
566 2399 671 2449 alterum.
685 2403 712 2447 e⁰
726 2397 808 2449 Utrim
822 2400 853 2449 sit
863 2399 935 2448 virtus.

146 2473 172 2520 te
194 2469 274 2520 Utrim
289 2469 319 2520 sit
339 2471 364 2520 in
383 2470 497 2521 voluntate
516 2471 577 2520 sicut
595 2469 621 2520 iu
643 2469 757 2533 subjecto.
774 2474 800 2518 5⁰
817 2469 895 2520 Uirium
912 2468 936 2516 sit

144 2541 215 2591 virtus
229 2541 348 2606 generalis.
365 2546 391 2590 6⁰
406 2541 485 2592 Utrdm
506 2541 633 2592 secuudum
648 2541 708 2604 quod
723 2543 759 2592 est
772 2540 899 2604 generalis,
910 2539 936 2588 sit

144 2611 205 2662 idem
220 2612 245 2662 iu
263 2613 426 2664 essentiarum
445 2612 508 2663 omni
527 2612 620 2663 virtute.
636 2617 663 2660 7⁰
677 2611 757 2662 Uirium
767 2612 798 2664 sit
814 2611 885 2675 unqua
902 2610 935 2672 jus

145 2684 195 2734 titia
211 2683 363 2749 particularis.
387 2689 413 2734 8⁰
431 2684 512 2736 Utrdm
524 2684 614 2747 justitia
636 2683 778 2749 particularis
793 2683 875 2734 unbem
889 2693 935 2744 pre

145 2755 217 2820 priam
231 2757 358 2806 mesenam.
373 2763 398 2807 9ο
410 2757 489 2810 Uirium
504 2756 535 2808 sit
548 2758 607 2809 circa
620 2756 753 2823 passiones,
771 2756 807 2806 rel
817 2755 874 2806 circa
885 2763 934 2815 ops·

145 2826 244 2879 rationes
254 2827 352 2883 mutim.
370 2833 412 2882 10ο
420 2829 502 2882 Utrum
517 2829 618 2883 medinm
630 2825 725 2894 justicia
743 2829 776 2881 sit
788 2826 883 2880 mentun
895 2823 932 2874 ret·
965 2882 967 2893 ¹
