1992 3317
132 149 182 204 218
276 153 384 200 mimi
399 134 528 207 dacum}
522 136 626 199 ollii!-
639 148 676 197 tx.
689 146 782 192 mil

134 251 212 299 mam,
222 239 258 289 est
266 235 365 303 ριιιιιιι
379 237 403 286 ιι
414 231 618 299 perfectissimum.
628 232 655 281 ln
664 230 702 281 his
715 232 801 291 autem,
815 224 843 277 in
856 226 952 293 quibus

135 308 219 373 aliquid
239 310 273 359 est
291 306 495 372 perfectissimum,
512 316 596 355 nomen
611 314 730 355 commune
743 300 837 365 generis
858 314 954 368 appro-

133 380 222 443 priatur
234 379 271 428 his
289 391 341 441 ιιι
361 376 468 427 ιιιιιιιι
481 376 494 427 ι
506 388 547 441 per
537 374 680 431 rlectissimo.
695 372 741 437 lpsi
759 375 836 423 autem
852 376 955 437 perfec-

135 450 226 501 tissimo
236 446 527 514 adaptaturalindspeciale
537 460 630 511 nomen,
640 449 665 495 ιι
674 444 755 509 patet
749 458 773 493 ιι
782 440 877 505 logicis.
887 448 956 501 Nam

136 524 164 574 in
174 535 257 587 genere
276 520 458 573 convertibilium
469 520 525 569 illud
540 520 598 585 quod
610 516 720 581 significat
733 512 802 581 quod
815 520 890 579 qaid
901 526 957 583 est,

137 594 232 661 speciali
241 595 332 646 nomine
344 593 473 657 diffinitio
483 594 584 655 vocatum
594 603 643 653 que
652 592 729 639 autem
740 588 768 637 ιι
776 588 821 639 hoc
831 590 961 646 deficiunt

134 666 309 717 convertibilia
326 663 464 726 existentia,
475 675 560 713 nomen
573 674 692 711 commune
704 659 747 710 sibi
760 658 880 724 retinent,
905 667 960 717 sci.

134 738 189 789 licet
207 738 266 802 quod
280 738 388 802 propriu
406 736 519 785 dicuutur.
536 732 592 792 Quia
604 743 659 795 engo
672 746 756 783 nomen
772 732 916 787 scientias
908 752 961 791 rm.

135 812 211 875 portat
224 810 344 872 quamdam
352 804 615 869 certitudinemjudicii‚
627 808 652 853 ιι
661 804 745 855 drotum
756 804 805 867 est,
818 816 841 853 ιι
851 808 964 869 qurdem

136 881 248 931 certitudo
261 878 342 943 judicii
351 880 377 929 ιι
390 892 431 943 ριι
443 876 577 929 altissimam
591 888 696 938 causam,
706 873 774 924 habet
788 877 899 939 speciale
913 896 964 935 no.

134 965 205 1015 mon,
218 951 279 1015 quod
292 948 459 1013 ιιιιιιριιιιιι.
475 946 568 999 Dicitur
581 947 644 997 enim
658 946 749 1011 sapiens
765 945 790 996 in
803 960 964 1019 unoquoque

136 1036 237 1087 genem,
251 1021 291 1086 qui
304 1021 368 1072 norit
378 1020 512 1070 altissimam
524 1030 616 1069 causam
629 1016 690 1067 illius
704 1018 807 1080 generis,
820 1032 966 1087 perquam

136 1099 215 1160 potest
228 1096 256 1145 ιι
268 1093 372 1145 omnibus
379 1092 491 1155 judicare.
507 1090 645 1155 Simpliciter
660 1092 736 1140 nutem
747 1090 842 1152 sapiens
853 1094 965 1164 dicitur,

137 1166 260 1229 quinovit
279 1162 411 1213 altissimam
432 1176 524 1213 oausam
546 1161 688 1225 simpliciter,
708 1160 796 1211 scilcet
817 1162 914 1219 Deum.
933 1139 968 1221 Εἰ

135 1235 191 1289 idco
206 1234 308 1298 cognitio
330 1232 455 1283 divinarum
474 1246 550 1284 rerum
572 1236 668 1285 vocatur
686 1234 829 1296 sementim·
845 1240 967 1301 cognitio

137 1306 193 1357 rerd
206 1320 281 1355 rerum
294 1306 444 1354 humanarum
457 1309 550 1356 vocatur
564 1306 684 1362 scicntia,
696 1304 762 1367 quasi
775 1312 905 1361 communi
918 1326 967 1365 no.

137 1378 200 1429 minc
211 1378 347 1441 importante
361 1377 519 1429 certitudinem
533 1376 614 1441 judicii
628 1374 772 1441 appropriato
786 1378 815 1426 ιι
831 1376 968 1442 judicium

139 1450 199 1517 quod
212 1448 238 1499 fit
250 1462 379 1513 percautus
393 1450 514 1501 secundas.
531 1450 559 1497 Et
568 1449 628 1510 ideo,
641 1448 676 1499 sic
690 1447 825 1511 accipiendo
841 1451 967 1511 scientiae

138 1534 238 1583 nomeu,
259 1522 351 1585 ponitur
368 1521 453 1570 donum
473 1519 605 1569 distinctum
623 1518 712 1571 idone
731 1518 867 1583 sapientiae
889 1526 968 1581 Unde

104 1585 115 1600 ‘
139 1591 224 1643 donum
237 1592 337 1643 scientiae
350 1594 385 1642 est
402 1591 477 1642 solum
489 1590 550 1640 cirea
563 1604 600 1641 res
610 1592 735 1651 humanus,
751 1589 796 1639 ιιι
799 1591 881 1643 solum
897 1597 970 1652 circa

138 1679 178 1719 res
191 1670 287 1717 creatas.

172 1738 207 1789 ιιι
223 1738 321 1802 primum
336 1750 390 1801 ergo
406 1735 530 1786 dicendum
541 1735 623 1799 ,quod
636 1735 691 1787 licet
711 1740 738 1786 ta
758 1734 786 1785 de
807 1736 904 1798 ouibus
927 1752 971 1795 est

140 1807 206 1871 tides,
221 1808 267 1857 siut
277 1820 315 1860 ros
325 1807 539 1857 divinuotaternee
548 1822 555 1869 ;
565 1810 641 1857 tamen
650 1806 702 1871 ipsa
716 1806 772 1857 tides
782 1812 820 1857 est
831 1814 971 1871 quoddam

142 1881 267 1944 temporale
283 1881 308 1929 in
322 1879 399 1931 animo
417 1879 538 1931 credentis.
554 1880 583 1929 lit
598 1878 648 1931 ideo
661 1879 717 1930 scire
735 1877 789 1941 quid
806 1881 971 1937 credendum

142 1952 174 2003 ιιι
183 1951 281 2015 pertinet
296 1952 324 2001 ιι
340 1953 426 2003 donum
439 1950 550 2003 scientie.
564 1951 626 2001 Scire
642 1955 717 2001 autem
726 1950 788 2014 ipsas
800 1964 840 2001 res
851 1956 972 2011 creditas

141 2022 267 2075 secundum
284 2022 384 2086 seipsas,
397 2035 439 2089 per
458 2024 577 2084 qnamdam
596 2022 704 2072 unionem
717 2022 745 2071 ιι
761 2022 838 2085 ipsas,
852 2029 974 2087 per-tinet

143 2091 172 2142 ιι
183 2092 265 2142 donum
282 2092 412 2157 sapientie.
427 2094 492 2143 Unde
505 2095 589 2146 donum
607 2092 725 2156 ιιριιιιιιι
739 2093 811 2157 magis
823 2103 973 2159 respondet

143 2161 262 2223 charitati,
280 2177 330 2225 quae
340 2161 391 2213 unit
406 2168 506 2213 mentem
520 2165 618 2215 hominis
633 2165 691 2214 Deo.

175 2234 211 2283 ιι
228 2233 354 2285 secundum
368 2235 503 2296 dicendum,
515 2236 576 2299 ριιι
590 2236 648 2287 ratio
660 2235 699 2287 ille
709 2236 811 2299 procedit
821 2244 973 2296 secundum

143 2305 205 2369 quod
218 2306 369 2356 communiter
379 2319 462 2357 nomen
477 2305 579 2357 scientie
589 2307 694 2358 sumitur.
710 2308 748 2357 Sic
763 2310 843 2359 autem
855 2312 974 2367 scientia

142 2388 189 2427 non
205 2376 297 2441 ponitur
309 2378 408 2441 speciale
422 2379 520 2441 donum,
532 2381 572 2429 sed
590 2380 713 2430 secundum
728 2378 789 2443 quod
803 2383 974 2449 restringitur

142 2450 170 2499 ad
183 2448 293 2513 judicium
307 2450 368 2513 quod
381 2450 407 2498 fit
418 2464 459 2513 por
472 2464 510 2499 res
527 2456 623 2503 creatas.

175 2518 210 2570 dd
226 2519 315 2569 tertium
328 2520 463 2580 dicendum,
477 2520 539 2583 quod
553 2522 613 2573 sicut
626 2522 694 2587 suprd
707 2523 839 2575 dictumest
853 2526 864 2591 (
871 2542 922 2591 qu.
944 2537 974 2596 ι,

142 2595 185 2641 ιιι.
201 2593 243 2656 l),
254 2588 349 2655 quilibet
362 2590 523 2654 coguiscitivus
536 2596 628 2659 habitus
644 2595 768 2645 formaliter
781 2597 882 2659 paridem
907 2616 975 2654 res-

140 2662 200 2727 picit
208 2665 317 2729 medium,
326 2676 367 2729 per
378 2664 439 2727 quod
446 2664 533 2729 aliquid
544 2666 693 2733 cognoscitur3
705 2668 856 2721 materialiter
866 2676 973 2737 autem

141 2812 268 2926 courtenitr
274 2814 333 2924 ιἓιιιι
350 2810 426 2871 prtum
440 2810 581 2863 dumtaxat
575 2826 600 2861 ιι
614 2816 691 2876 aliquo
705 2826 805 2879 penora,
821 2823 850 2867 ut
866 2832 901 2871 ex
927 2826 978 2873 ad-

141 2879 274 2935 nuncupa
