1992 3317
124 85 159 124 uu
174 83 357 129 munumina
374 85 399 132 ne
415 85 488 126 ntur.
502 86 533 124 nr
545 84 641 125 muru.
654 84 768 126 omme.
802 75 851 124 eet

35 163 123 229 ⁰sfi⁶·›
139 162 228 214 inducit
245 163 365 226 quemdem
384 162 521 214 dicentem:
538 162 625 222 «Quid
640 166 688 214 tem
711 163 847 228 abundum,

36 235 110 300 qu'am
121 234 144 284 si
156 233 242 284 domiui
252 235 319 299 jussu
331 235 364 286 ita
374 248 448 300 preco
459 235 583 299 praedicet:
598 235 694 285 Domum
702 236 850 300 pestilentem

35 307 129 356 vendo.
141 321 156 354 o
176 306 235 368 Ergo
250 305 354 358 venditor
365 319 414 358 ,nou
424 309 514 356 tenetur
527 305 601 357 disere
610 305 667 356 uitia
676 307 712 357 rei
722 307 831 358 tendito.

68 383 93 428 3.
111 379 244 439 Preterea,
259 379 332 441 magis
351 377 505 430 necessarium
524 381 559 428 est
574 377 662 428 bomini
679 381 705 428 ut
726 383 849 450 cognoseat

34 450 98 500 viam
110 449 220 511 virtutis,
234 448 302 513 quim
316 452 342 498 ut
355 453 476 512 eognoscat
492 449 633 500 vitiaremur
646 451 849 513 qumveuduutur.

35 522 80 572 Sed
96 523 173 571 bomo
186 533 232 572 nou
243 523 334 572 tenetur
347 521 566 572 cuilibetcousiiium
574 521 628 572 dare
646 526 670 572 et
682 522 800 578 ueritatem
813 523 850 572 di-

36 608 89 645 cere
104 595 138 644 de
155 592 193 644 bis
207 607 258 657 quae
268 595 424 657 pertineubad
442 593 566 656 uirtutem,
580 595 684 658 quamuis
696 595 753 645 uuiti
766 595 850 645 debeat

35 669 114 718 dicere
131 666 267 717 fatuitatem.
283 665 342 728 Ergo
357 665 427 716 muttb
438 663 514 714 minbs
524 668 615 716 tenetur
626 667 732 718 venditor
744 665 799 718 uitia
815 665 850 716 rei

35 739 143 790 uenditae
158 737 247 796 dicere,
262 735 329 800 quasi
341 736 461 788 consilium
470 737 544 787 dando
553 737 661 800 emptori.

72 814 98 860 t.
114 810 243 870 Preterea,
252 809 273 858 si
281 807 364 872 aliquis
372 812 476 859 teneatur
487 807 562 858 dicere
574 807 687 858 detectum
699 809 732 859 rei
741 810 848 872 uendite,

37 885 83 934 boc
95 894 146 932 uon
159 881 196 930 est
209 879 254 930 nisi
271 884 296 929 ut
306 880 420 930 minuatur
433 880 460 930 de
472 880 555 943 pretio.
575 879 621 930 Sed
634 880 769 944 quandoque
781 881 849 932 dimi-

37 958 154 1006 nueretur
174 952 202 1002 de
217 951 290 1016 pretio
307 953 392 1016 absque
410 951 466 1002 vitio
477 951 512 1002 rei
529 951 643 1014 venditae,
653 955 746 1016 prepter
766 952 850 1016 aliquid

37 1026 101 1076 aliud
124 1041 131 1074 ε
144 1022 201 1088 putt
211 1023 233 1074 si
245 1024 347 1074 venditor
361 1023 579 1086 dederenstriticum
589 1025 618 1074 ad
627 1023 702 1073 locum
713 1023 752 1074 ubi
765 1028 801 1075 est
812 1036 850 1073 ea-

37 1097 106 1148 ristia
117 1095 230 1146 frumenti
242 1133 249 1157 ,
260 1093 318 1144 sciat
327 1095 413 1146 multoe
427 1099 480 1158 post
489 1107 515 1145 se
523 1094 603 1145 uenire
611 1094 651 1158 qui
664 1093 780 1158 dederant,
789 1096 850 1159 quod

39 1169 59 1218 si
76 1168 182 1218 sciretur
206 1167 233 1218 ab
250 1165 392 1229 ementibue,
405 1166 483 1216 miuus
498 1166 600 1230 pretium
614 1167 703 1216 darent.
716 1166 851 1231 eujusmodi

38 1245 121 1292 eutem
136 1251 186 1289 nou
201 1240 290 1301 oportet
303 1238 378 1288 dicere
392 1237 550 1300 uenditorem,
564 1241 591 1287 ut
609 1235 709 1288 ridetur.
723 1237 782 1301 Ergo
801 1237 850 1302 pari

39 1312 135 1362 ratione
148 1322 192 1360 nec
205 1308 261 1360 uitia
273 1309 306 1358 rei
322 1309 429 1360 uendite.
680 1320 682 1322 ·

70 1383 122 1434 Sed
132 1385 214 1432 contre
227 1385 275 1441 est,
285 1383 345 1445 quod
356 1381 487 1432 Ambrosius
497 1381 553 1432 dicit
563 1381 589 1430 iu
598 1380 640 1430 lib.
651 1381 782 1445 Deosfic..·
798 1398 812 1430 ιι
822 1383 851 1432 iu

39 1453 203 1506 contractibus
225 1452 282 1502 uitia
302 1465 380 1504 eorum
397 1467 446 1516 quae
460 1455 585 1512 aeneum,
600 1453 665 1516 prodi
680 1452 802 1516 jubentur3
824 1466 851 1503 ao

40 1528 88 1577 uisi
111 1525 255 1576 intimaverit
276 1524 398 1586 venditor,
411 1524 515 1586 quamuis
527 1524 552 1572 iu
570 1525 609 1588 jue
629 1524 738 1588 emptoris
754 1526 851 1576 transie·

39 1599 88 1649 rint
95 1597 141 1662 (t),
162 1595 209 1647 deti
222 1596 312 1647 actione
324 1601 458 1646 vacuantur.
468 1612 482 1643 »

74 1671 235 1736 (concursio.
249 1693 280 1704 -
296 1668 374 1717 Potest
398 1679 560 1730 nonuunquam
579 1666 693 1728 uenditor,
708 1666 851 1718 indemnitati

40 1756 90 1793 sua
117 1739 274 1800 consulendo,
294 1737 328 1788 rei
348 1739 460 1790 occuitum
481 1737 562 1788 vitium
581 1742 671 1801 tacere,
689 1739 809 1788 dummodo
826 1739 851 1788 iu

42 1815 156 1864 damnum
176 1824 217 1862 eeu
232 1811 357 1874 periculum
378 1823 429 1871 uon
446 1813 548 1860 uertatur
563 1808 685 1873 emptoris,
702 1808 814 1873 precipue
831 1808 852 1860 si

42 1885 128 1935 uitium
144 1882 177 1932 sit
192 1882 327 1945 occultum.)

74 1954 217 2020 Respondeo
231 1953 364 2015 dicendum,
379 1952 438 2016 qudd
451 1955 505 2004 dare
524 1953 590 2004 alicui
602 1953 746 2004 occasionem
758 1953 852 2017 periculi

43 2028 83 2078 vel
95 2024 191 2085 damni,
202 2038 292 2089 semper
305 2029 339 2075 est
348 2024 461 2088 illicitum,
475 2025 580 2089 quemuis
595 2026 684 2076 nonsit
697 2024 851 2076 necessarium

41 2097 106 2166 qudd
115 2099 187 2148 homo
197 2095 263 2146 alteri
274 2107 362 2160 semper
373 2097 412 2146 det
422 2095 531 2146 auxilium
543 2095 581 2147 uel
592 2095 712 2146 considam
720 2133 727 2156 ,
736 2096 852 2161 pertinens

41 2171 71 2220 ud
87 2171 145 2234 ejus
160 2168 351 2231 qualemcumque
364 2167 544 2232 promotionem3
558 2169 598 2218 sed
615 2169 658 2219 boc
672 2169 744 2218 solum
757 2172 795 2218 est
805 2181 852 2218 ue-

44 2240 175 2292 cessarium
194 2239 220 2290 in
236 2239 311 2302 aliquo
329 2253 385 2290 casu
405 2240 568 2299 determinato,
582 2239 639 2303 pute
657 2239 710 2290 cbm
728 2239 786 2289 alius
801 2239 853 2303 ejus

44 2327 109 2364 curae
128 2310 246 2373 subditur,
260 2310 297 2360 uel
310 2310 361 2362 ebur
379 2325 425 2362 nou
447 2314 524 2374 potest
540 2310 563 2362 ei
578 2325 619 2375 per
640 2311 710 2361 atium
726 2311 850 2362 subueniri.

44 2384 163 2436 venditor
185 2387 260 2432 autem
278 2383 317 2446 qui
339 2396 388 2437 rem
403 2383 545 2434 vendendam
562 2383 684 2448 proponit,
698 2397 727 2434 er
739 2385 783 2434 boo
800 2383 852 2448 ipso

83 2500 117 2564 tt)
128 2502 202 2549 Paulo
213 2501 279 2548 aliter
291 2513 319 2547 ex
329 2503 448 2548 Ambrosii
459 2507 532 2562 textu,
540 2503 650 2560 quomode
660 2503 738 2560 iujos
748 2504 852 2560 emptori

45 2566 241 2624 transcripserit
256 2563 352 2627 (supple
366 2563 498 2626 venditor),
514 2571 539 2610 ut
552 2576 603 2622 oap.
620 2565 649 2610 10
662 2565 740 2610 ridere
752 2570 796 2610 est.
811 2565 850 2610 111-

43 2633 110 2675 citur
120 2633 199 2674 autem
214 2627 238 2672 iu
249 2629 288 2684 tus
297 2628 405 2684 emptoris
419 2628 571 2673 transcribere
581 2628 694 2687 uenditor,
709 2628 762 2673 edm
774 2632 849 2673 totum

41 2694 88 2749 ius
98 2692 163 2748 quod
174 2691 197 2736 ei
210 2692 357 2748 competebat
370 2692 394 2736 tu
404 2703 454 2736 rem
462 2691 577 2750 aliquam,
589 2703 631 2748 per
639 2696 783 2737 contractum
794 2703 850 2736 ven·

44 2755 158 2814 ditionis,
172 2754 299 2810 praesertim
312 2753 396 2812 scripto
410 2753 579 2815 confirmatum,
593 2755 693 2812 emptori
703 2755 766 2800 cedit
782 2765 809 2799 ec
825 2754 850 2798 tn

42 2819 110 2866 illius
122 2829 191 2864 usum
204 2822 228 2863 ct
241 2822 381 2877 potestatem
393 2817 514 2864 treuetert.
