1992 3317
106 73 152 122 bid
225 81 333 121 succum
349 83 477 135 sscmmns,
493 83 590 129 oum.
606 81 681 133 rm,
698 81 759 122 m.
777 85 797 120 r.

106 159 181 222 tama,
194 159 231 210 rei
243 160 379 211 detrimento
388 159 502 211 amicitie.
516 161 578 222 Ergo
596 158 682 210 dormio
693 172 743 210 non
753 162 791 210 est
799 161 913 224 peccatum

106 230 238 282 Mucium
253 229 266 280 d
279 230 410 296 premissis.

138 302 183 353 Sed
198 307 275 353 contra
289 305 338 364 est,
352 301 413 365 qnid
427 301 558 354 derisiotit
574 302 641 366 iudo;
655 303 721 352 unde
734 307 760 353 et
773 303 865 352 illusio
876 315 916 353 no·

106 373 215 424 minatur.
229 375 321 426 Nuiium
338 377 415 424 autem
435 374 604 438 promissorum
620 373 674 424 iudo
695 374 784 439 agitem,
797 377 840 426 sed
854 373 917 426 scrib.
966 398 968 447 Ι

107 445 167 509 Ergo
176 446 260 498 derisio
271 447 300 497 ab
309 445 414 497 omnibus
426 446 541 511 predictis
553 445 639 496 diflert.
966 452 968 509 t

140 517 302 582 (Cosmusro.
316 517 444 568 —berisio
456 516 618 568 diversaesta
632 518 722 568 catoris
736 518 829 582 lingna
848 519 917 580 vitiis,
966 514 968 553 Τ

107 589 167 653 quod
179 604 220 654 per
238 591 301 641 iiiam
318 588 448 640 intendatur
464 590 562 653 proximi
576 589 760 654 erubescentia.)
966 616 968 651 ι

140 661 275 726 liespondeu
287 660 406 710 dicendum
412 698 421 725 ,
434 660 493 725 qnbd
506 660 565 712 sicut
576 659 646 724 supra
659 661 747 711 dictum
759 665 797 712 est
806 663 864 727 (qu.
880 669 916 723 tn,
966 654 968 689 Ι

108 735 152 784 art.
163 733 205 796 ι),
220 736 313 798 peccata
328 731 448 785 verborum
462 730 577 797 praecipud
590 733 709 795 pensanda
723 736 781 783 sunt
795 735 919 786 secundior
966 728 968 789 i

108 801 259 854 intentionem
274 803 416 867 proterentis.
431 805 459 853 Et
473 803 540 862 idm,
555 802 682 853 secundinm
692 803 791 874 'diversa
805 820 859 870 que
872 807 921 870 quis
966 792 968 819 ¹

110 874 219 936 intendit,
233 878 311 925 contre
322 873 390 924 alium
402 875 512 939 loquens,
524 873 658 938 hujusmodi
669 878 768 938 manta
778 875 922 941 distinguam

110 951 155 996 tur.
169 945 233 996 Sicut
253 949 328 996 autem
346 944 428 1009 aliquis
449 945 596 996 convitiando
618 945 721 995 intendit
739 946 865 997 convitiati
882 950 922 998 bo

112 1029 190 1069 norem
205 1017 347 1082 deprimere,
364 1021 388 1068 et
399 1018 540 1068 detrahendo
553 1016 681 1068 diminuere
691 1017 797 1079 tamam,
811 1023 838 1068 et
847 1033 922 1070 susur-

111 1089 181 1140 rando
194 1089 274 1140 toliere
290 1088 430 1151 amicitiam,
448 1089 480 1138 ita
498 1087 569 1140 etiam
587 1088 716 1138 irridendo·
726 1088 814 1153 aliquis
827 1091 922 1142 intendit

112 1161 172 1226 qarbd
191 1161 229 1211 iiie
247 1161 286 1224 qni
299 1161 418 1222 irridetur,
433 1161 561 1215 crubescat.
579 1161 609 1210 nt
625 1161 680 1224 quia
697 1160 739 1210 bic
751 1161 808 1212 iinis
823 1169 863 1213 cst
877 1163 922 1213 dis

112 1234 196 1283 tinctus
208 1232 306 1295 abaiiis,
322 1232 374 1283 ideo
389 1233 457 1284 etiam
474 1236 591 1296 pennatum
607 1231 733 1282 derisionis
745 1232 921 1296 distinguitori

112 1301 355 1368 praemissispeccatis.
742 1297 755 1322 ⁰
966 1358 968 1361 ,

144 1373 286 1437 deprimam
301 1387 355 1438 ergo
365 1375 494 1440 dicendum,
505 1374 567 1438 qnid
575 1375 726 1426 subsannatio
739 1379 766 1426 ct
779 1375 859 1427 irrisio
872 1390 923 1428 con-
966 1406 968 1413 ι

113 1446 209 1497 veniunt
226 1445 251 1495 in
268 1447 328 1510 iine3
350 1448 388 1497 sed
410 1447 518 1498 dibemnt
535 1447 559 1497 in
573 1447 653 1510 modo,
669 1446 725 1509 quia
739 1446 819 1497 irrisio
832 1448 859 1496 iit
873 1460 920 1508 ore,
966 1418 968 1515 i

114 1517 138 1568 id
147 1521 183 1569 est
195 1516 265 1568 uerbo
279 1522 303 1568 et
316 1517 443 1580 cachinnis,
457 1518 606 1568 subsannatio
620 1522 698 1568 autem
711 1530 772 1568 naso
788 1521 887 1580 rugato,
898 1521 922 1567 nt
966 1518 968 1525 '

115 1589 171 1642 dicit
182 1589 262 1641 Glossa
272 1603 340 1654 super
348 1590 403 1640 iliud
415 1591 506 1641 Psulm.
518 1591 537 1642 11
549 1607 555 1640 :
568 1606 582 1638 o
591 1589 635 1648 om
648 1589 739 1640 habitat
750 1591 778 1640 in
787 1592 864 1654 coelis,
876 1591 923 1641 irri-

116 1663 177 1714 debit
196 1675 245 1712 eos.
258 1678 272 1710 »
286 1663 348 1712 'ralis
364 1665 439 1712 antem
457 1661 584 1713 diiierentia
599 1673 646 1710 non
658 1660 804 1712 diversificat
816 1662 920 1726 speeiem.
966 1724 968 1729 Ι

116 1733 240 1798 Utmmque
260 1737 337 1784 tamen
358 1733 435 1783 diiiert
448 1732 462 1783 d
475 1731 629 1793 contumelia,
647 1731 710 1782 sicut
731 1733 924 1785 erubescentiai
966 1790 968 1797 Ι

118 1803 309 1867 dehonoratione,
327 1807 363 1856 eat
380 1804 442 1854 enim
462 1803 620 1854 erubescentia
646 1801 745 1853 «timor
764 1804 924 1856 dehonoratio

118 1875 170 1938 nis,
190 1892 203 1924 n
223 1875 281 1926 sicut
305 1875 458 1926 damascenus
478 1875 534 1926 dicit
557 1874 615 1939 (iib.
639 1874 712 1923 iilic
734 1875 791 1938 fide
814 1876 923 1933 orthod,

118 1959 169 2012 cap.
183 1947 225 2008 3).
870 1953 877 1973 ·

151 2019 184 2068 id
195 2019 318 2068 secondum
327 2015 455 2082 dicendum,
465 2017 527 2082 qnod
540 2018 568 2068 de
578 2031 647 2080 opere
655 2017 761 2068 rinnoso
768 2019 860 2084 aliquis
870 2019 926 2084 apud

120 2090 176 2140 alius
189 2094 212 2140 et
222 2089 374 2140 reuerentiam
384 2094 482 2141 meretur
490 2094 515 2139 et
529 2089 623 2150 tamam,
633 2094 658 2139 et
668 2089 730 2152 apud
740 2089 854 2153 seipsum
866 2092 926 2142 boue

120 2161 264 2212 conscicntia
278 2160 379 2224 gloriam,
395 2159 522 2212 secordiam
534 2160 591 2210 iliud
609 2160 676 2210 [ioat
686 2160 757 2218 cor„
776 2162 787 2210 1
802 2177 810 2210 :
822 2179 839 2210 a
852 2162 926 2212 Gloria

120 2235 199 2284 nostra
212 2234 261 2284 bac
281 2236 332 2296 est,
349 2231 505 2282 testimoninm
516 2231 665 2282 conscicntia
686 2235 783 2282 nostro.
803 2249 820 2279 n
836 2232 928 2284 tinded

121 2317 231 2356 converso
241 2305 269 2354 de
286 2307 339 2354 actu
351 2303 425 2368 turpi,
439 2303 462 2353 id
475 2307 512 2354 est
525 2303 616 2365 vitioso,
632 2303 694 2368 apud
703 2302 763 2352 abus
775 2305 874 2368 quidem
888 2305 929 2355 toi·

121 2377 175 2427 iitnr
186 2375 285 2428 bominis
298 2377 370 2428 bonor
386 2380 410 2426 et
428 2375 505 2440 iama;
518 2375 582 2426 etad
594 2377 640 2427 hoc
654 2375 840 2427 contumeliosus
853 2382 878 2428 et
892 2378 931 2426 de

120 2451 206 2500 tractor
218 2447 293 2512 turpia
307 2447 335 2496 do
346 2446 391 2498 aiio
404 2446 493 2497 dicunt.
513 2448 579 2511 Apud
592 2447 695 2512 seipsum
706 2449 787 2496 autem
800 2461 844 2513 per
858 2448 928 2511 turpia

123 2519 203 2584 abonis
214 2519 289 2585 perdit
302 2519 447 2584 conscientiae
460 2519 568 2582 gloriam,
580 2533 621 2584 per
634 2518 757 2583 quamdam
767 2521 927 2572 contusionem

123 2594 147 2642 et
164 2589 361 2654 erubescentiam
376 2594 400 2641 ct
414 2592 441 2640 ad
452 2591 496 2641 boc
510 2591 587 2654 turpia
599 2591 657 2641 dicit
668 2588 765 2641 derisor.
780 2592 812 2642 Et
822 2591 857 2642 sic
868 2595 926 2656 patet

123 2662 183 2724 quon
204 2663 290 2713 derisor
308 2662 461 2712 communicat
478 2673 529 2713 urm
552 2663 670 2726 predictis
682 2661 746 2711 vitiis
766 2662 791 2712 in
816 2664 923 2725 materia,

123 2731 199 2780 diiiert
212 2737 289 2784 auteur
303 2731 391 2782 iniine.

155 2803 188 2852 nd
203 2804 296 2856 tertium
313 2802 448 2867 dicendum,
467 2803 530 2868 qabd
543 2805 656 2856 mmritas
670 2803 852 2859 mmciennmr
863 2804 925 2872 quin
