1992 3317
187 197 220 233 uu
237 196 343 232 ruccaro
358 196 516 231 susurronum
533 197 557 231 ua
574 196 698 232 arueram.
800 188 846 231 269

74 272 107 322 ad
120 271 216 336 primum
229 284 285 333 ergo
300 271 435 330 dicendum,
446 270 506 333 qudd
518 270 596 321 Glossa
610 271 649 320 illa
660 284 705 321 non
718 276 753 323 est
767 272 801 321 sic
811 271 846 321 iu-

45 343 174 407 telligeuda‚
185 341 250 405 qudd
260 342 337 391 omnia
351 356 403 404 qum
418 342 553 403 subduntur,
569 343 615 391 siut
628 346 721 406 peecata
737 343 844 405 venialia;

45 416 80 463 sed
97 413 149 477 quia
165 426 218 462 eum
237 424 308 475 supra
319 424 366 462 uon
375 412 524 475 expressisset
537 413 581 461 nisi
596 414 689 477 majora,
700 413 845 477 postmodum

10 491 11 534 i
46 486 111 533 etiam
129 484 236 547 quedam
257 482 348 533 minora
363 482 454 545 subdit,
468 482 528 533 iuter
546 497 596 547 quae
617 484 685 534 etiam
699 485 802 549 quedam
817 486 845 533 de

46 554 166 616 majoribus
178 553 254 618 ponit.

79 626 111 673 dd
129 626 253 674 secuudum
271 622 408 684 dicendum,
423 624 482 687 qudd
497 624 550 675 edm
565 625 705 688 blasphemia
718 628 846 689 opponatur

49 694 179 744 confessioni
197 696 267 753 ddet,
282 698 308 743 ut
326 692 411 743 dietum
425 698 472 754 ost,
486 697 537 761 ejas
552 696 674 759 prohibitio
686 695 802 747 reducitur
815 696 844 745 ad

48 764 219 827 prohibitionem
233 763 390 827 iulidelitatis,
401 778 451 827 quae
460 765 595 829 intelligitur
604 766 628 814 ln
639 778 666 815 eo
677 766 735 829 quod
746 764 826 814 dicitur
837 781 842 813 :

50 837 116 897 «Ego
125 849 176 884 sum
188 836 299 885 Dominus
309 839 363 884 tuus
373 835 408 898 (t)
422 840 467 884 ete.
478 852 492 882 o
502 836 544 885 Vel
553 836 683 898 prohibetur
696 850 739 899 per
750 836 774 886 id
784 836 844 899 quod

49 907 128 955 dieitur
146 923 153 955 :
169 910 240 957 «Nou
258 920 366 957 assumes
377 920 460 957 nomen
477 907 523 959 Dei
537 908 572 957 tui
593 907 617 955 iu
635 920 726 957 vanum.
750 908 845 971 »Magis

49 979 109 1025 enim
118 977 144 1025 iu
152 988 234 1027 ranam
243 976 344 1026 assumit
355 989 440 1027 nomeu
451 978 505 1041 liei,
517 978 556 1041 qui
565 975 656 1040 aliquod
667 976 749 1026 laisum
759 978 787 1027 de
799 978 845 1027 lieo

50 1048 144 1109 asserit,
159 1047 224 1111 quim
237 1048 279 1111 qui
294 1060 337 1111 pur
347 1060 432 1097 oomeu
445 1048 485 1099 liei
504 1048 593 1111 aliquod
606 1047 689 1097 laisum
703 1046 829 1097 oontlrmat.
897 1071 906 1089 ·

77 1118 111 1167 dd
120 1119 209 1169 tertium
224 1119 351 1169 dicendum
358 1155 365 1181 ,
380 1118 440 1183 qudd
452 1119 592 1183 blasphemia
608 1121 683 1183 potest
694 1118 780 1179 absque
793 1117 847 1166 deli-

49 1188 158 1239 beratione
166 1204 196 1239 ex
210 1189 359 1254 surreptione
366 1191 489 1253 procedere
503 1190 630 1255 dupliciter.
640 1190 691 1239 Uno
700 1188 777 1249 modo,
787 1188 848 1250 qudd

49 1262 124 1323 aliquis
136 1275 185 1311 uou
203 1262 309 1311 advertat
324 1262 370 1311 hoe
380 1261 441 1324 quod
455 1262 510 1310 dicit
523 1275 573 1312 esse
585 1261 751 1325 blasphemiam
769 1276 774 1309 :
788 1260 848 1323 quod

50 1336 118 1393 potest
128 1332 266 1394 contingere
274 1330 328 1379 edm
337 1330 420 1395 aliquis
427 1331 503 1383 subito
513 1344 541 1381 ex
549 1332 623 1396 aliqua
631 1332 737 1396 passione
745 1331 769 1380 in
779 1330 848 1381 veria

50 1401 311 1465 imaginatatprorumpit
316 1438 325 1464 ,
337 1414 434 1464 quorum
446 1401 633 1464 significationem
643 1416 689 1453 nou
702 1402 846 1464 considerat3

51 1479 71 1521 et
83 1479 135 1523 tune
148 1478 185 1524 est
194 1473 317 1538 peceatum
330 1472 435 1534 veniale,
449 1477 472 1522 et
482 1486 529 1523 nou
546 1474 614 1521 habet
632 1472 722 1537 proprie
737 1475 848 1524 rationem

50 1544 200 1606 blasphemie.
212 1543 263 1593 lllio
272 1544 351 1604 modo,
359 1543 450 1606 quaudo
459 1543 555 1593 advertit
564 1545 607 1593 hoe
617 1554 667 1593 esse
674 1543 846 1607 blasphemiam,

50 1614 191 1663 rouoderaus
214 1613 346 1676 significata
361 1614 495 1676 verborum3
513 1616 536 1663 et
555 1616 609 1662 tune
628 1626 674 1663 uou
696 1618 817 1663 excusatur
836 1614 849 1663 d

51 1688 143 1746 peccato
155 1686 253 1746 mortali,
269 1685 329 1734 sieut
341 1697 386 1734 uee
399 1684 437 1735 ille
449 1684 489 1748 qui
502 1698 530 1735 ex
541 1684 616 1735 subito
626 1688 688 1735 motu
700 1684 738 1735 ira
752 1684 849 1746 aliquem

50 1754 129 1805 occidit
138 1755 204 1819 juxta
219 1769 246 1806 se
260 1757 388 1807 sedeutm.

339 1925 502 1976 dllTlCULUS
517 1926 554 1975 lll.

96 2042 183 2086 Uirium
191 2044 317 2097 peccatum
327 2040 476 2096 blasphemio
484 2041 517 2085 eit
525 2040 658 2084 maximum
670 2044 800 2100 peceatum.

80 2159 110 2207 ld
121 2158 216 2208 tertium
230 2157 265 2207 sic
276 2156 408 2220 proceditur
422 2156 467 2219 (a).
481 2155 645 2219 videturque
665 2160 779 2221 peecatum
792 2157 850 2207 lilas-

53 2229 141 2289 ptemiae
160 2242 208 2279 nou
218 2228 251 2279 eit
264 2228 389 2278 maximum
399 2232 524 2291 peceatum.
537 2228 618 2277 Malum
629 2227 689 2277 enim
700 2229 784 2279 dieitur
794 2229 849 2291 quia

55 2305 126 2360 uocet,
145 2300 277 2351 secuudum
290 2297 442 2360 logostioum
458 2300 485 2347 io
506 2298 650 2356 Euclio-id„
665 2298 735 2363 (cap.
748 2303 761 2347 a
772 2298 790 2362 l.
805 2300 850 2349 Sed

56 2438 135 2485 lirion
156 2441 257 2486 ueritate
275 2443 404 2497 morotum
428 2440 597 2485 eoooeor'eutor
615 2438 746 2486 dividatur
765 2444 850 2485 contro

55 2504 212 2630 nol'l‘l‘lsaeupple
228 2591 234 2617 ι
251 2574 308 2619 Nori
323 2571 420 2616 dolebis
432 2572 491 2616 Deos
503 2572 594 2615 ulterior
609 2583 690 2616 coram
703 2576 787 2619 me‚ut
796 2582 850 2629 pro·

56 2631 168 2681 tritritionis
185 2636 246 2679 ratio
269 2640 378 2684 ceneten
396 2633 486 2682 Emori„
502 2634 555 2689 XX,
568 2646 628 2677 vers.
648 2632 675 2685 3;
692 2632 802 2680 Deuter„
818 2634 848 2689 V,

57 2706 111 2738 vrrs.
121 2698 146 2749 Ἲς
161 2704 185 2742 et
199 2696 289 2745 tevit„
303 2697 394 2752 xxvl,
410 2707 470 2739 vers.
485 2694 513 2754 l,
527 2695 703 2749 aequivalenter.

88 2763 116 2824 [ἢ
131 2770 160 2813 llo
169 2769 205 2814 tris
214 2768 286 2813 etiam
300 2770 343 2814 Ill.
357 2772 430 2823 part„
444 2779 484 2823 qu.
498 2765 541 2822 80,
554 2771 597 2811 art.
608 2764 634 2819 ³3
646 2772 670 2809 ut
682 2769 706 2808 et
716 2766 763 2821 IV,
774 2762 851 2808 Seot„

58 2824 146 2935 disnelto,
158 2839 201 2876 arr.
215 2830 246 2887 3,
261 2840 301 2889 qu.
319 2828 348 2883 3;
370 2833 395 2873 et
408 2828 432 2872 in
447 2833 528 2886 quaest.
541 2828 626 2889 disput.
642 2826 669 2869 de
684 2824 755 2881 mulo,
770 2836 810 2883 qu.
822 2822 849 2877 ἲ,

60 2900 97 2931 ar.
140 2924 145 2938 ,
