1992 3317
318 171 341 210 h!
354 169 466 210 insulula.
741 157 787 205 793

93 248 136 312 pull
147 259 203 298 uanus
212 247 300 312 penculi,
313 249 342 298 sul
358 249 424 298 humo
437 259 478 312 per
490 257 596 310 manum3
607 256 682 310 noque
696 243 792 311 proprii

91 319 151 368 licitur
160 319 202 381 cuod
215 319 257 368 calor
268 318 369 379 calefaciat,
387 317 498 384 salignis
513 331 555 382 per
572 317 678 368 calorem.
699 317 790 366 Secun-

87 391 126 438 lun
144 391 198 440 lanea
213 388 336 438 sinlilulinan
354 390 473 454 quamdam
495 391 543 440 haec
560 388 674 439 dicuntur.
697 386 790 436 lustitia

84 474 124 522 orgo
132 459 199 524 proprii
211 460 255 510 dieta
265 459 334 524 requirit
347 461 500 512 diversitatem
512 461 682 526 suppositorum
699 462 723 510 et
736 458 787 510 ideo

81 546 115 581 uou
126 536 153 582 est
162 531 195 582 uisi
205 531 255 582 unlus
265 531 339 582 houiuis
352 533 471 586 edulium.
487 533 531 584 Sed
544 533 669 584 secundum
679 530 790 582 similitu-

80 601 280 666 liuenacclpiuutuuiu
290 605 450 663 uuo,etcurlem
462 603 554 655 homine
570 603 660 654 diuersa
677 600 791 666 principia

80 675 173 735 alionum,
186 674 236 737 quasi
248 673 317 725 divana
327 675 429 738 agentia,
443 677 503 726 siout
516 677 601 731 cutio,
618 673 754 723 irascibilis
770 676 794 723 et

80 743 227 810 ‹aucupuu'bu'h's
237 761 244 795 .·
254 749 272 796 el
280 745 320 796 ilco
330 745 480 810 metaphorica
489 746 513 795 iu
523 760 568 796 uno
579 747 690 796 eteoclem
700 744 792 796 homine

80 819 131 866 'uitur
143 817 391 880 emiastitla,secuudum
408 817 467 881 qubd
482 821 549 867 ratio
566 818 665 882 imperet
687 815 795 867 irascibili

95 887 242 952 concupiscibili,
254 893 272 938 ut
280 889 389 938 senarium
402 889 461 952 qubd
474 890 526 938 haec
537 887 644 938 obediunt
655 885 753 949 rationi,
769 887 793 935 et

82 959 187 1009 luersaliter
202 961 303 1010 sacrandum
316 958 369 1024 qubul
389 960 511 1022 unicuique
528 958 587 1023 parti
603 957 703 1008 hominis
726 956 794 1006 attri-

80 1031 116 1078 u'luu
126 1031 177 1092 quod
191 1031 210 1081 ei
223 1030 318 1081 conuenit.
336 1031 396 1081 Unde
415 1035 438 1080 et
451 1029 603 1094 Philosophus
621 1027 677 1078 iull
695 1028 790 1085 hubac,

80 1115 97 1148 uu
105 1099 200 1163 justiliam
212 1100 306 1165 appelat,
315 1101 456 1151 'nuendum
469 1101 644 1162 metaphoram
658 1099 750 1148 dicun.

80 1174 97 1219 ul
111 1173 195 1236 primum
204 1185 251 1236 ergo
266 1172 387 1236 dicendum,
406 1173 466 1237 quod
474 1172 564 1237 justitia
576 1186 627 1236 qrrae
636 1171 662 1220 lit
673 1184 714 1235 per
725 1171 792 1221 fidem

81 1244 131 1306 obis,
140 1247 171 1294 esl
179 1258 213 1307 per
223 1257 282 1307 quam
292 1245 424 1308 justificatur
437 1244 534 1309 impius,
545 1257 596 1308 quae
608 1243 699 1306 quidem
711 1241 735 1293 iu
744 1241 795 1308 ipsa

80 1321 98 1364 la
112 1313 237 1366 ordinatione
248 1315 335 1378 partium
345 1316 424 1368 animae
439 1317 550 1376 consistit,
560 1315 618 1366 siunt
632 1313 699 1381 suprb
708 1313 794 1365 dictum

83 1390 99 1442 l,
111 1392 133 1447 2,
144 1400 178 1449 pu.
191 1390 239 1448 ll3,
250 1390 287 1436 aut.
299 1389 323 1450 l)
333 1401 383 1437 cum
394 1387 592 1450 dejustihcatione
604 1385 667 1450 impii
675 1390 793 1450 ageretur.

85 1462 154 1508 curtem
175 1459 267 1521 pertinet
283 1459 309 1508 ull
329 1459 439 1521 iustitiam
460 1458 613 1522 metaphorice
628 1458 723 1522 dictam,
742 1471 793 1523 quse

80 1536 85 1578 t
98 1529 190 1580 inveniri
202 1530 264 1580 eliam
273 1529 295 1580 in
304 1531 376 1593 aliquo
391 1529 514 1580 solitariam
527 1530 598 1580 ullam
609 1533 698 1594 egente.

80 1616 119 1664 cuer
133 1603 174 1651 hoo
185 1605 245 1666 palei
257 1601 370 1666 responsio
387 1602 415 1652 ad
430 1603 561 1652 seeundum.

80 1673 169 1722 tertium
191 1671 321 1734 dicendum,
337 1671 395 1736 quod
408 1673 497 1736 justitia
510 1673 551 1723 liei
568 1676 604 1723 est
617 1677 702 1723 aelerua
716 1684 798 1723 secun-

81 1745 208 1794 ‘oluntatem
222 1747 244 1793 et
257 1743 398 1806 propositum
410 1747 529 1794 aelernum.
545 1744 573 1794 ht
584 1744 609 1793 in
625 1745 668 1793 hou
682 1743 798 1808 precipue

99 1813 222 1877 corruistit;
246 1813 350 1878 quamuis
371 1815 496 1864 secuudum
518 1815 624 1866 ellectum
651 1827 698 1865 nou
719 1815 749 1864 sit
768 1814 797 1865 ab

81 1925 82 1934 ,
99 1887 155 1950 quia
174 1885 233 1936 nihil
246 1889 283 1935 est
296 1886 343 1936 lieo
359 1889 505 1936 coaeternum.

81 1961 172 2007 ararium
191 1957 326 2018 dicendum,
339 1956 401 2020 qubd
417 1955 517 2008 actiones
530 1970 580 2020 quae
594 1961 647 2007 sunt
659 1954 759 2007 hominis
768 1957 798 2007 ad

83 2069 90 2090 ,
109 2027 261 2078 sufficienler
278 2028 445 2090 certificantur,
454 2027 586 2078 rectificatis
598 2027 742 2092 passionibus
755 2041 798 2092 per

82 2104 146 2149 tutes
165 2099 280 2150 morales.
294 2099 342 2150 Sed
360 2098 523 2162 actionesque
537 2099 631 2150 suntad
644 2099 746 2160 alterurn,
760 2099 797 2148 in·
896 2103 899 2109 '

83 2170 166 2220 ›eciali
177 2170 367 2232 rectificatione,
376 2183 422 2220 non
432 2172 503 2221 solum
513 2184 554 2234 per
567 2171 757 2236 comparationem
770 2171 799 2220 aul

99 2243 144 2292 sed
160 2243 236 2292 etiarn
249 2255 295 2306 per
308 2243 502 2307 comparationem
513 2241 540 2292 ad
551 2243 640 2293 eumad
653 2255 721 2305 quem
735 2244 797 2293 suut.

81 2316 134 2364 luca
154 2326 199 2364 eus
216 2317 258 2364 est
273 2311 481 2378 specialissimus,
495 2325 546 2377 quaa
558 2316 594 2364 est
604 2312 703 2378 justitia.
