1992 3317
141 96 170 141 oa
261 103 352 142 -rrrrrt
368 102 496 154 arcuum,
514 103 607 149 onnon.
624 103 687 153 oxrr,
704 103 759 142 aar.
777 105 804 141 ιι.

140 184 231 233 secutur
243 182 280 230 ert
295 180 348 231 dum
362 182 423 231 esset
436 196 450 227 ιι
465 178 556 245 spirans
570 178 683 229 ruinarum
695 182 720 229 et
733 180 804 231 orodis
824 181 858 233 in
881 184 963 237 mori.

139 252 204 317 pulos
217 250 323 313 Domini,
334 254 383 301 out
396 249 478 301 dieitur
488 252 557 309 Act„
568 249 608 299 lx.
620 249 918 316 Ergonullapraepamtio
933 259 960 305 ao

139 324 234 387 gratiam
250 323 373 387 requiritur
387 326 492 387 exparte
506 321 613 373 hominis

172 400 194 444 3.
205 396 331 457 Fraterno,
346 406 414 457 agens
430 393 526 445 iuliuita
545 393 636 443 virtutis
648 407 693 443 uon
706 392 801 459 requirit
811 396 963 479 dispositio-

139 480 191 517 nem
211 466 235 517 in
251 466 358 526 materia,
373 478 424 515 curu
445 478 488 515 noo
499 465 573 528 ipsam
585 465 701 515 materiam
717 465 833 529 requirat,
851 468 943 521 aiant
936 487 961 521 ιιι

139 538 251 590 creatique
264 540 374 602 apparot,
387 536 424 587 cui
440 536 531 588 collatio
540 536 618 600 gratia
630 540 782 601 eomparatur,
792 552 852 601 quar
867 541 961 593 dicitur

141 628 154 657 ιι
165 623 225 661 nora
238 614 341 662 ereatura
353 608 526 665 reddatur..
542 609 584 659 ult.
601 608 851 671 Sedaolualleuaqui
867 614 932 663 ost
924 629 962 663 m-

139 682 208 733 lrnitae
220 680 321 743 virtutis,
343 680 438 743 gratiam
451 683 541 743 causat,
555 683 582 731 ut
593 679 678 729 dioturu
694 683 731 731 eat
748 682 806 744 (art.
821 681 872 745 1).
894 686 916 735 E
917 700 961 750 rgo

141 754 201 804 nulla
211 752 344 818 preparatio
358 751 480 816 requiritur
493 764 523 801 er
536 754 599 815 parte
609 749 706 803 huminis
714 752 743 801 ad
753 750 856 814 gratiam
868 768 961 807 nonsa-

139 826 259 889 quendam.
383 836 386 841 ·

170 896 215 947 Sed
232 900 310 947 eontra
330 900 379 956 est,
397 896 457 959 quod
472 895 556 945 dicitur
568 896 656 954 Anaua,
675 895 726 943 ll·
721 932 726 943 .
744 894 938 959 «Propon-m
932 914 958 949 ru

139 980 256 1019 occursum
269 968 367 1027 liuilni,
380 967 463 1031 lsrael3
476 982 489 1013 rr
503 970 526 1015 et
540 965 810 1030 1.Rep.‚v11,dioitur:
825 984 842 1013 u
851 970 957 1035 Pmpa.

138 1043 186 1091 rate
197 1040 264 1090 eorda
274 1044 350 1091 vestra
360 1038 464 1089 Domino.
480 1054 493 1083 o

172 1115 179 1173 ι
191 1112 336 1163 Coranusro.
349 1136 380 1149 ·-
391 1111 424 1159 ld
438 1108 532 1172 gratiam
543 1147 550 1169 ,
562 1113 588 1159 ιιι
597 1108 710 1172 quoddam
724 1108 841 1161 ualituale
858 1111 958 1163 donum

138 1183 220 1234 auimo
231 1187 280 1242 est,
292 1183 367 1245 aliqua
378 1194 407 1230 er
416 1182 481 1243 parta
496 1179 596 1230 hominis
606 1178 741 1243 praeparatio
750 1180 890 1231 ouantia
905 1188 955 1246 est3

140 1254 173 1305 siu
186 1254 246 1305 enim
261 1255 332 1305 torma
343 1252 448 1317 quadam
465 1253 514 1313 eat,
532 1264 584 1315 qua
596 1264 643 1301 nou
659 1250 707 1299 uisi
716 1249 742 1299 in
755 1250 851 1299 materia
868 1252 957 1317 dispo-

139 1324 182 1376 sita
195 1338 245 1375 esse
264 1325 347 1389 potest.
365 1322 416 1373 Non
432 1324 511 1385 autom
529 1326 556 1371 ut
572 1322 644 1385 gratia
657 1320 767 1372 auritium
780 1321 822 1370 liei
839 1322 954 1375 animam

139 1398 167 1447 ad
180 1397 263 1447 bonurn
276 1394 390 1447 moventia
400 1394 506 1457 deuotat3
522 1393 555 1445 sic
565 1395 627 1444 euim
640 1406 788 1457 quacumque
801 1398 953 1458 preparatio

139 1469 163 1518 in
178 1466 269 1518 homine
287 1479 337 1517 esse
351 1467 442 1529 potest,
457 1468 492 1513 est
508 1479 537 1515 er
554 1464 638 1515 auxilio
652 1464 692 1513 liei
705 1463 819 1515 mor-entis
837 1466 951 1519 animaru

123 1538 166 1589 'ad
180 1536 283 1601 bonum.)

170 1612 304 1675 Respondeo
315 1608 444 1668 dicendum,
457 1610 525 1672 quod,
535 1607 594 1658 siout
600 1621 668 1673 supra
675 1608 760 1659 diotruu
768 1611 804 1659 ost
812 1608 865 1673 (qu.
873 1616 950 1677 1⁰9),

137 1684 225 1747 pretio
242 1682 323 1733 dicitur
334 1680 454 1745 dupliciter
465 1696 470 1729 :
482 1682 616 1743 quandoque
628 1681 718 1743 quidem
733 1680 808 1743 ipsum
823 1681 951 1735 habitante

138 1756 221 1805 donum
235 1754 293 1816 Dei3
306 1754 441 1819 quandoque
453 1756 529 1801 autom
540 1751 649 1801 auxilium
662 1751 707 1801 Dei
714 1750 827 1803 moventis
838 1752 950 1807 animam

138 1826 166 1875 ad
176 1826 268 1875 bouum.
284 1826 359 1875 Primo
373 1825 442 1887 igilur
451 1823 518 1873 modo
529 1823 663 1887 accipiendo
677 1823 786 1887 gratiam
792 1825 950 1889 praeripitur

138 1896 166 1946 ad
181 1896 274 1960 gratiam
288 1897 363 1959 aliqua
377 1895 454 1958 gratiae
469 1896 619 1958 praeparatio,
631 1894 684 1958 quia
695 1894 756 1945 nulla
777 1894 849 1946 torma
861 1902 949 1961 potest

100 1974 105 1985 “
138 1980 189 2019 esse
202 1966 247 2017 uisi
260 1968 284 2017 in
297 1966 392 2016 materia
410 1966 524 2030 disposita.
540 1966 585 2015 Sed
603 1966 624 2016 si
639 1968 756 2031 loquamur
772 1968 799 2018 de
812 1968 885 2029 gratia
904 1985 947 2022 se-

138 2040 236 2089 eundum
250 2038 309 2101 quod
325 2036 436 2099 significat
448 2036 557 2086 auxilium
566 2036 606 2086 liei
621 2036 733 2087 moventis
747 2038 775 2087 ad
786 2038 889 2104 bouum,
906 2044 945 2095 sic

138 2110 198 2159 nulla
216 2108 349 2173 praeparatio
361 2108 482 2171 requiritur
493 2112 594 2172 exparte
605 2108 704 2158 hominis
715 2109 780 2172 quasi
789 2115 944 2173 praeveniens

138 2181 239 2231 diuinum
255 2180 380 2243 auxilium3
395 2182 433 2230 sed
453 2180 529 2244 potius
544 2194 694 2245 quecumque
707 2181 843 2245 preparatio
856 2182 881 2234 iu
896 2187 943 2237 lro-

138 2253 200 2305 miue
221 2266 272 2303 esso
292 2254 380 2316 potest,
396 2256 431 2301 ost
453 2262 481 2301 ex
498 2248 583 2300 auxilio
600 2250 645 2301 Dei
662 2251 774 2302 moventis
796 2254 897 2307 animam
911 2263 943 2310 au

139 2327 230 2375 tonum.
244 2324 272 2373 Et
289 2323 411 2373 secuudum
422 2322 466 2375 hoo
478 2323 527 2387 lpse
538 2324 611 2373 bouus
628 2328 703 2374 motus
716 2323 782 2375 liberi
792 2325 879 2379 arbitrii
893 2344 943 2395 quo

139 2395 190 2460 quis
203 2399 341 2460 preparatur
354 2395 383 2444 ιιι
399 2394 483 2446 donum
498 2394 577 2457 gratia
589 2395 772 2460 suscipiendum,
784 2400 820 2446 est
833 2401 898 2451 aetus
913 2403 944 2452 li-

138 2468 187 2519 beri
202 2467 287 2518 arbitrii
301 2467 356 2517 moti
369 2466 382 2517 i
394 2467 441 2517 lieo
459 2482 464 2517 ε
483 2469 507 2517 et
517 2468 626 2530 qnantum
638 2466 667 2516 ad
677 2467 722 2517 troo
734 2466 816 2517 dicitur
828 2470 900 2523 homo
913 2488 939 2525 se

138 2552 273 2603 preparare,
289 2538 411 2589 secundum
427 2538 483 2589 illud
498 2544 582 2593 Pron„
598 2538 665 2588 lllll:
680 2555 694 2585 u
705 2537 810 2589 Hominis
826 2545 863 2591 est
877 2557 941 2608 prae-

138 2623 217 2673 parare
231 2611 338 2661 animaru.
354 2625 367 2656 ι)
380 2608 409 2661 ιιι
425 2614 460 2659 est
471 2608 627 2675 principaliter
639 2608 652 2658 ι
663 2610 709 2661 lieo
720 2615 826 2662 mouente
841 2611 942 2668 liberum

139 2682 262 2733 arbitrium.
278 2682 306 2732 Et
319 2680 444 2733 secundluu
458 2682 502 2733 hoc
519 2679 601 2730 dieitur
612 2697 625 2727 u
636 2679 706 2732 ilteo
721 2682 827 2733 voluntas
836 2684 942 2740 hominis

138 2752 259 2818 preparari
273 2757 297 2805 et
309 2753 322 2803 l
334 2754 430 2805 Domino
443 2765 533 2817 gressus
546 2751 647 2803 hominis
659 2752 734 2817 dirigi.
749 2769 763 2801 n

170 2825 318 2889 ltprimum
337 2838 391 2891 ergo
411 2823 546 2887 dicentum,
561 2824 621 2887 quod
641 2824 776 2889 preparatio
790 2826 892 2881 hominis
912 2834 941 2886 au
