1992 3317
127 139 173 186 'tit
266 144 376 200 encnmna
391 145 519 192 suumne,
536 141 629 189 cumen.
647 141 674 192 n,
691 139 748 178 aar.
764 140 783 176 r.

126 223 186 288 qudd
199 240 213 272 e
224 221 343 287 prudentia
359 224 395 271 est
411 221 504 284 prppria
513 219 586 269 rirtm
599 215 719 283 principis.
736 231 750 263 u
770 215 829 279 Ergo
840 211 927 279 princi·

126 295 185 359 petis
202 291 322 358 prudentia
334 292 401 342 debet
411 303 462 342 esee
475 291 620 355 aspirativa.

161 368 320 428 (concepero.
332 388 361 399 -
370 361 428 412 Cium
443 363 472 412 ad
483 358 624 425 prudentiam
638 361 727 423 spectet
742 370 822 422 regere
836 369 863 408 ec
873 369 932 422 pre-

128 438 203 502 cipere
221 434 453 496 conuenienter,pers
471 431 597 496 prudentie
613 429 719 496 specidce
735 433 772 480 est
785 429 837 493 ipsa
851 441 935 491 regna·

128 509 187 568 tim,
199 520 251 571 que
263 509 299 556 est
311 508 363 568 ipsa
376 503 437 568 regis
449 503 582 568 prudentie,
598 515 645 566 qua
658 502 778 553 ciuitatem
792 501 829 551 rei
840 511 936 564 regnum

129 579 215 641 regit.)

159 648 293 712 Respondes
309 646 445 707 dicendum,
458 646 520 710 qudd
535 648 594 698 sicut
603 658 633 696 en
647 643 717 710 suprd
730 645 798 696 dictis
808 647 894 709 patet,
910 644 937 692 ad

129 717 271 784 prudentiam
283 718 382 783 pertinet
392 731 470 782 regere
477 721 502 769 et
510 717 650 782 preciper03
666 721 690 767 et
699 717 752 768 idec
766 715 807 768 ubi
819 715 937 766 invenitur

130 789 236 854 specialis
253 791 311 840 ratic
328 789 445 852 regiminis
457 792 482 840 et
496 789 607 854 precepti
620 787 644 838 in
661 787 767 838 humanis
779 787 890 848 cetibus,
905 786 938 836 ibi
978 783 979 844 i

130 863 197 912 etiam
212 861 328 912 invenitur
340 861 445 925 specialis
460 860 518 912 ratic
533 859 670 924 prudentie.
686 858 834 910 Manifestum
848 863 886 910 eet
897 871 937 908 an·

130 935 177 983 tem
187 933 247 996 qudd
259 933 283 982 in
292 946 319 983 ec
332 933 372 997 qui
385 944 431 982 nun
442 931 515 982 suidm
524 930 625 994 seipsum
635 930 704 980 habet
713 941 802 994 regere,
815 929 936 980 sedetiam

131 1004 317 1055 communitatem
330 1004 454 1068 perfectam
463 1001 564 1052 ciuitatis
574 1001 608 1052 uei
617 1001 692 1063 regni,
703 1000 824 1050 inuenitur
832 999 938 1064 specialis

133 1079 157 1127 et
165 1076 265 1140 perfectu
275 1067 332 1126 ratic
344 1073 470 1138 regiminis.
480 1073 553 1124 tanti
565 1073 626 1122 enim
635 1072 738 1134 regimen
754 1071 883 1135 periectius
890 1075 935 1131 est,

133 1146 219 1210 quanti)
234 1146 387 1196 universalius
407 1149 455 1209 est,
472 1145 501 1195 ad
518 1145 584 1208 plura
605 1156 631 1194 se
647 1142 790 1205 extendens,
805 1142 938 1194 antenorem

135 1218 201 1267 tinem
210 1217 333 1279 attingens3
344 1220 367 1267 et
378 1216 430 1267 ideo
437 1215 493 1279 regi,
503 1215 531 1265 ad
538 1227 607 1278 quem
616 1213 717 1277 pertinet
729 1227 812 1276 regere
823 1213 939 1264 mmmmm

135 1287 171 1336 uei
186 1299 293 1348 regnum,
309 1287 430 1349 pmdentia
444 1287 553 1350 competit
570 1283 695 1336 secundnm
711 1284 836 1348 specialem
851 1288 874 1335 et
887 1297 939 1348 per·

136 1359 283 1408 rectissimam
300 1358 337 1408 sui
348 1355 467 1410 mticneni.
483 1359 514 1408 Et
529 1360 621 1422 prepter
636 1357 680 1406 hcc
698 1358 835 1420 reparativo
848 1356 940 1422 punitur
978 1387 979 1418 p

136 1429 225 1493 species
243 1430 379 1494 prudentie⁴

168 1501 202 1551 tid
211 1499 308 1564 primum
322 1513 376 1564 erssu
385 1501 504 1551 dicendum
514 1535 521 1564 ,
533 1492 594 1562 qudi
608 1497 683 1550 omnia
697 1509 749 1561 quae
763 1501 818 1547 sunt
831 1495 939 1548 uirtutum

137 1572 270 1638 moralium,
279 1570 395 1636 pertinent
403 1572 431 1621 ad
442 1570 593 1634 prudentiam,
602 1569 663 1622 sicut
673 1569 701 1618 ud
710 1567 849 1632 dirigentem
861 1585 867 1619 ι
880 1570 939 1620 unde

139 1648 163 1696 et
175 1643 321 1695 uraticrecta
336 1642 483 1706 prudentie»
496 1641 589 1704 ponitur
601 1640 627 1690 in
640 1639 777 1690 difinitione
792 1639 942 1691 virtutismc

138 1719 201 1780 ralis,
215 1724 240 1768 ut
251 1717 318 1782 cupri
326 1717 412 1767 dictum
421 1718 456 1766 est
468 1716 521 1778 (qu.
533 1717 571 1775 tr,
583 1717 626 1764 ari.
637 1717 661 1776 5,
670 1713 700 1762 nd
711 1716 723 1762 1
735 1711 753 1776 i.
766 1713 797 1762 Et
809 1713 865 1765 idec
876 1714 941 1766 etiam

139 1790 246 1841 executio
257 1787 366 1852 justitae,
382 1790 450 1851 prcut
462 1786 578 1836 ordiuntur
591 1785 619 1834 ad
630 1785 715 1835 honum
729 1795 870 1848 commune,
883 1784 942 1848 quud

139 1862 239 1925 pertinet
251 1861 280 1910 ad
291 1860 391 1910 efficium
402 1858 461 1921 regie
468 1894 477 1920 ,
491 1857 580 1920 indiget
592 1853 715 1906 directione
725 1855 864 1917 prudentie.
880 1857 943 1906 Unde

142 1934 191 1984 iste
200 1934 250 1983 due
261 1932 359 1982 uirtutes
366 1934 421 1981 sunt
432 1927 530 1981 maxime
541 1927 637 1993 pmpriae
646 1926 708 1989 regi,
720 1926 810 1976 scilicet
819 1928 943 1992 prudentia

142 2008 165 2053 et
181 2002 286 2066 justitie,
302 2001 426 2052 secundum
439 2000 495 2050 iilud
508 2001 611 2056 ierem„
631 1998 718 2049 xxiii:
733 2014 747 2046 c
760 1998 879 2061 Regnandi
895 2013 943 2058 rex,

143 2077 166 2124 et
176 2073 268 2137 sapiens
284 2072 336 2134 erit,
348 2077 372 2124 et
386 2072 455 2123 faciet
464 2071 577 2136 judicium
590 2069 733 2135 eajmaittum
747 2068 773 2120 in
783 2073 856 2123 terra.
866 2072 944 2130 »Quia

142 2149 220 2195 tamen
229 2144 325 2207 dirigere
336 2157 409 2207 magra
418 2144 517 2208 pertinet
526 2145 554 2193 nd
568 2155 655 2206 regem,
665 2141 748 2204 exequi
757 2145 836 2192 numm
849 2144 880 2193 ed
891 2144 944 2194 snb-

143 2216 213 2277 ditue‚
235 2218 258 2265 et
275 2215 327 2266 iden
349 2216 482 2279 repuntiec
502 2213 574 2278 magis
588 2213 680 2277 punitur
696 2212 785 2276 species
801 2215 942 2278 pumentia,

144 2299 195 2349 quae
210 2289 246 2336 est
254 2284 377 2350 directim,
391 2284 458 2351 pun
470 2285 574 2350 Justitiae,
590 2298 640 2347 que
658 2287 693 2334 est
704 2285 834 2334 executiua.

175 2357 350 2408 sesecundum
370 2358 505 2419 dicendum,
517 2354 578 2420 qudd
599 2367 693 2417 regnum
709 2354 768 2404 inter
782 2354 840 2406 eiius
855 2356 946 2420 politius
977 2379 978 2424 p

145 2431 179 2478 est
191 2428 301 2493 optimum
316 2429 430 2494 regimen,
448 2433 474 2479 ut
487 2427 568 2479 dicitur
582 2427 606 2478 in
617 2427 667 2478 titi
681 2425 765 2476 dilue,
777 2425 807 2476 et
823 2427 878 2478 iden
889 2442 945 2491 spe-
977 2435 978 2496 i

145 2498 193 2549 cies
209 2501 334 2564 prudentie
350 2501 424 2564 magia
437 2499 515 2551 deicit
533 2496 675 2550 denominari
693 2496 707 2548 d
724 2509 809 2561 regnu,
824 2497 857 2548 ita
870 2503 947 2550 tannen
977 2507 978 2542 t

146 2569 205 2631 quudd
230 2571 421 2636 subrepentina
443 2571 660 2634 mmprchendunaur
675 2568 753 2620 emnia
774 2568 818 2620 alia
836 2569 946 2633 regimina

146 2646 223 2703 recta,
236 2655 283 2691 nun
299 2647 375 2693 autem
385 2654 505 2707 perversa,
513 2655 564 2705 quae
574 2639 653 2698 uirtuti
663 2643 818 2705 opponuntur,
831 2641 892 2693 uude
902 2654 945 2691 nun

146 2713 263 2775 pertinent
277 2714 304 2763 ad
321 2712 473 2777 prudentium.

180 2787 213 2836 tn
226 2784 318 2836 tertium
335 2782 466 2848 dicendum,
475 2782 537 2848 qudi
551 2783 703 2848 Philosophus
711 2783 843 2834 denominat
857 2797 945 2850 repun-

148 2857 229 2905 tiuum
241 2855 254 2905 i
266 2855 385 2922 principaii
393 2854 449 2908 ectu
459 2855 536 2920 regie,
548 2853 636 2920 quiesi
645 2855 707 2922 teges
720 2866 822 2922 punctu
835 2855 896 2922 quud
905 2855 947 2908 etai
