1992 3317
260 151 291 196 bn
307 157 456 196 rccarurosu
471 157 639 198 amomum
801 153 847 202 scs

68 237 111 288 alli.
124 236 150 286 lit
160 235 191 286 sic
209 232 271 288 liciti
286 238 361 300 potest
380 235 464 299 absque
479 245 628 298 personarum
645 239 777 302 acceptioue
790 252 847 292 con-

68 307 190 371 sanguineos
203 316 255 358 suos
274 307 391 370 praelerre3
409 306 462 369 quia
484 308 564 358 saltem
583 309 608 358 in
625 310 669 359 boc
681 311 844 374 proeminent,

66 379 119 443 qubd
128 378 213 442 deipsis
224 377 296 440 magis
305 377 418 442 confidere
429 381 519 441 potest,
529 382 554 428 ut
565 379 702 431 unanimiter
715 395 793 440 mum
806 397 846 435 ue-

66 451 121 514 gotia
133 448 233 500 linteola
247 450 350 500 metent.
361 449 427 500 Esset
441 453 519 500 tamen
529 451 574 502 bos
585 451 743 503 dimittendum
757 459 849 518 proptor

65 521 191 583 scandalum,
201 520 221 572 si
233 533 262 572 en
272 521 316 570 boo
328 519 396 584 aliqui
409 521 538 586 exemplmn
548 526 672 587 sumerent,
684 523 754 575 etiam
767 529 849 589 pretor

64 593 196 657 dignitatem,
211 592 271 642 bona
282 590 391 642 Ecclesiae
405 592 578 654 consanguineis
588 592 666 645 dandi.

92 665 124 714 dd
138 664 259 714 dcundum
270 663 405 725 dicendum,
419 663 480 726 qnod
489 663 629 727 dupenmtio
642 667 781 718 matrimonii
794 681 848 718 cou-

62 735 160 786 trabeudi
172 733 324 798 principaliter
334 733 384 784 deri
399 735 519 784 consueuit
535 737 716 811 propter‘ioedus
732 739 795 802 pacis
808 737 847 789 fur-

62 805 241 869 nraudumpquod
250 805 340 869 quidem
349 805 421 868 magis
428 808 464 856 est
471 807 625 858 necesarium
634 809 849 860 communiutilitali

39 891 43 900 ·
61 879 117 928 circa
125 889 227 942 personas
236 877 380 928 excellentes.
389 878 418 926 ot
429 877 480 928 ideo
491 877 544 928 cum
555 877 589 929 eis
597 878 687 930 bediis
695 880 846 945 dispensatur,

59 951 139 1013 absque
154 951 245 1011 peccabo
257 947 394 1012 acceptionis
406 961 561 1012 personarum.

88 1021 122 1072 dd
139 1020 227 1070 mnium
241 1018 375 1080 dicendum,
386 1020 445 1083 qubd
463 1025 572 1084 quantum
592 1023 621 1072 ud
633 1024 677 1073 boc
693 1023 754 1086 pubd
767 1024 847 1075 electio

58 1090 187 1156 impugnari·
198 1103 244 1141 non
265 1090 351 1154 possit,
365 1091 389 1140 in
408 1091 457 1142 loro
474 1091 577 1156 judiciali
599 1093 685 1142 sufficit
706 1094 791 1158 eligere
806 1094 848 1146 bo·

59 1177 111 1214 num
122 1163 171 1226 tl),
184 1175 227 1211 nec
239 1166 330 1224 oportet
345 1161 428 1226 sigere
438 1163 565 1228 meliorem,
575 1164 629 1229 quia
639 1165 673 1214 sic
684 1165 759 1216 omnis
767 1166 848 1217 electio

57 1237 132 1298 posset
143 1233 224 1284 babere
237 1233 380 1283 calumniam.
399 1233 444 1284 Sed
461 1238 571 1298 qumwur
585 1236 615 1286 ad
627 1236 792 1287 conscientiam
805 1237 847 1286 eli-

57 1305 144 1369 gentis,
158 1315 250 1354 necesse
265 1308 302 1355 est
314 1304 400 1368 eligere
417 1305 550 1369 meliorem,
564 1308 602 1357 vel
615 1307 761 1370 simpliciter,
775 1308 813 1360 uel
823 1308 848 1359 iu

55 1374 218 1440 comparatione
230 1375 259 1424 ad
273 1375 358 1426 bonum
372 1389 504 1441 commune3
521 1378 609 1443 quiesi
623 1384 700 1443 potest
712 1379 792 1431 haberi
805 1380 848 1430 ali-

56 1447 105 1511 quis
117 1446 188 1510 magis
200 1446 294 1496 idoneus
306 1459 360 1510 erga
369 1445 467 1510 aliquam
481 1448 627 1512 dignitatem,
640 1455 664 1500 et
678 1450 735 1501 alius
745 1451 850 1515 protera-

54 1525 103 1580 tur,
112 1515 268 1582 oportetqudd
278 1518 322 1568 boc
331 1518 361 1568 sit
369 1522 461 1582 propter
470 1519 569 1582 aliquam
578 1533 669 1571 cansam
679 1530 686 1571 ¹:
698 1535 749 1585 quae
756 1521 849 1585 quidem

54 1591 74 1640 si
85 1590 197 1655 pertinent
206 1591 233 1642 nd
241 1589 484 1653 negotium„quantum
495 1591 524 1640 ad
534 1592 578 1641 boe
590 1590 633 1640 erit
645 1591 684 1642 ille
694 1593 734 1656 qni
748 1592 848 1656 eligitur,

54 1662 125 1725 magis
137 1660 246 1722 idoneus3
263 1659 283 1710 si
299 1660 353 1711 verb
371 1673 418 1710 nou
431 1661 546 1724 pertineat
561 1661 589 1711 ad
605 1663 737 1725 negotium,
752 1662 776 1713 id
790 1665 850 1726 quod

51 1733 208 1784 consideratur
223 1735 249 1781 ut
265 1745 349 1794 causa,
363 1731 405 1782 erit
419 1732 540 1782 manifesti
553 1735 656 1796 acceptio
665 1747 776 1798 persouae.

82 1804 116 1854 nd
135 1806 241 1868 quartum
259 1803 392 1866 dcundum,
406 1803 465 1867 qubd
484 1803 523 1854 illo
536 1802 576 1868 qui
591 1805 619 1854 de
637 1806 723 1868 premio
743 1805 849 1857 Ecclesia

50 1875 190 1936 assumitur,
204 1877 231 1926 ut
240 1873 264 1924 iu
280 1875 380 1941 pluribus
400 1875 519 1926 consueuit
540 1890 591 1927 esse
604 1877 679 1928 utilior
695 1881 805 1940 quantum
820 1878 849 1928 ad

49 1948 136 1998 bonum
148 1958 285 2006 commuue,
297 1946 350 2008 quin
360 1947 431 2009 magis
443 1946 517 2010 diligit
528 1948 650 1998 Ecclesiam
659 1948 684 1998 in
696 1960 742 2010 qua
754 1952 791 1999 est
806 1963 849 1998 nu-

47 2019 125 2069 tritus.
145 2019 173 2068 Et
186 2021 278 2082 propter
288 2018 332 2068 boo
346 2018 415 2068 etiam
431 2019 550 2070 mandatur
560 2019 760 2079 Denter.,llllll:
773 2020 847 2070 ullou

46 2090 136 2152 poteris
155 2089 250 2140 alterius
270 2088 346 2153 gentis
364 2089 479 2140 homiuem
496 2090 572 2142 lacere
590 2091 734 2154 regemunt
750 2104 797 2142 non
816 2091 847 2141 sit

45 2161 119 2211 stater
132 2163 200 2212 tuus·-
214 2177 228 2208 ))

344 2243 505 2328 bauconus
520 2274 559 2327 ur.

71 2404 166 2447 Uti-im
175 2402 205 2447 in
213 2401 354 2446 exhibitione
364 2401 459 2447 bonorto
467 2401 490 2446 ed
500 2402 637 2446 amentio
651 2402 729 2447 locum
743 2401 826 2447 babent

224 2468 346 2520 motum
359 2465 502 2522 acceptionis
516 2475 681 2521 peremturum.

70 2591 107 2641 Ad
125 2590 227 2642 tertium
239 2589 275 2642 sic
286 2591 423 2654 proceditur.
437 2591 532 2641 Videtur
544 2591 605 2654 quod
617 2590 643 2640 iu
653 2590 792 2641 exhibitione
808 2592 851 2641 bo·

35 2662 105 2712 noris
124 2665 152 2714 et
166 2661 303 2713 reuerentiae
317 2674 362 2712 uon
379 2662 461 2713 habeat
481 2663 559 2712 locum
576 2665 692 2726 peecatum
713 2661 854 2725 acceptionis

71 2805 105 2868 (1)
120 2808 238 2861 Quamvis
251 2807 389 2864 postliminio
400 2807 423 2852 in
435 2807 538 2854 Concilio
549 2806 692 2863 Tridentino,
703 2819 762 2852 sess.
772 2809 854 2861 XXIV,

33 2872 70 2914 lle
87 2871 286 2930 reformatione,
300 2882 351 2928 cup.
364 2870 392 2916 18
400 2905 405 2930 ,
421 2883 451 2916 em
466 2871 549 2928 clipeis
566 2870 684 2927 eligendus
696 2867 799 2927 (lipoior
813 2869 855 2912 dea

143 2980 182 3016 rv.
731 2970 760 3013 ii
