1992 3317
126 176 174 241 ece
244 182 353 227 sucorum
369 181 498 235 suumne,
515 179 609 232 ponor.
625 181 690 235 xrn,
707 182 762 224 nur.
780 186 805 227 ε.

127 267 236 328 cientem,
251 264 398 327 inquantum
414 262 464 326 ejus
488 260 572 311 auxilio
584 260 701 324 innititur,
715 264 739 313 ot
752 262 811 315 siout
822 264 941 319 ultimam

126 350 217 387 causam
233 336 336 396 finalem,
351 334 375 383 in
395 334 506 397 quantum
524 330 551 383 in
570 334 622 398 ejus
635 332 743 384 fruitione
765 334 942 391 beatitudinem

127 410 238 474 expectat.
252 409 281 458 Et
292 407 325 457 sic
334 408 397 470 patet
408 406 468 469 qnod
481 404 545 469 spei,
557 405 582 455 in
591 407 702 469 quarum
712 408 748 456 εει
761 405 851 470 εἰειεε,
866 410 942 473 prin-

127 481 200 545 cipale
220 479 334 545 objiciam
352 477 544 532 erimantium
560 489 614 541 ergo
632 478 658 527 in
677 478 721 527 troc
740 479 853 530 consistat
872 484 942 535 ratio

126 552 216 604 ειειειίε
236 550 382 614 theologice,
401 548 461 614 quod
480 550 558 599 Deum
578 548 661 600 habeat
680 548 849 613 ptochicae,
872 552 943 604 sicut

126 622 195 689 supra
204 622 291 675 dictum
299 620 352 687 εει(
359 624 373 671 t
383 660 389 683 ,
401 625 430 685 ι,
446 634 484 685 qu.
497 624 543 684 82,
553 619 595 671 art.
610 619 652 683 3),
664 620 811 673 manifestum
822 624 943 689 estquod

128 710 181 763 spes
194 698 229 745 εει
240 694 314 744 uirtus
326 692 462 757 theologica.
648 745 653 754 ‚
821 752 825 759 .

159 768 193 817 td
203 765 302 831 primum
319 778 373 831 ergo
382 763 512 829 dicendum,
522 764 580 829 quod
597 776 746 829 quecumque
757 764 801 815 alia
815 778 870 829 spes
881 767 942 818 adi-

127 838 186 905 pisci
196 839 315 903 expectat,
327 838 403 901 sperat
413 836 438 886 in
448 836 528 888 ordine
542 837 570 886 ad
578 836 649 890 ceum
660 834 704 900 (1),
715 836 774 887 sicut
785 837 816 887 ad
822 837 945 891 uitiorum

127 910 208 973 finem,
222 912 247 960 et
255 908 314 959 sicut
328 908 356 959 an
365 906 461 973 primam
474 918 566 958 oaumm
580 905 733 970 efficientem,
746 908 771 960 ut
783 908 871 959 dictum
887 914 941 961 εει.

159 982 194 1033 Ad
206 980 329 1033 secundum
342 979 476 1042 dicendum,
490 978 550 1042 quid
563 978 679 1028 medium
693 979 803 1044 accipitur
819 982 847 1031 in
861 995 940 1045 regu-

128 1053 182 1104 latis
193 1055 216 1103 et
230 1050 513 1113 percunctationem
526 1050 587 1115 quod
599 1051 679 1114 regula
688 1049 725 1101 rel
738 1064 847 1103 mensura
857 1052 943 1104 attin-

81 1186 84 1189 ·
129 1124 205 1189 gitur3
228 1122 352 1174 secundnm
376 1122 452 1171 autem
469 1120 531 1184 quod
545 1120 662 1171 exceditur
680 1120 771 1186 regula,
788 1125 825 1173 εει
844 1138 943 1187 coper-

129 1196 226 1259 fluam,
240 1193 365 1244 secundum
375 1195 451 1242 autem
462 1191 576 1242 deiectum
587 1190 703 1255 tragula,
714 1196 750 1243 εει
760 1193 940 1246 morientum.

129 1268 155 1316 in
165 1267 216 1329 ipsa
230 1266 305 1313 autem
315 1260 392 1325 regula
402 1262 440 1313 rel
450 1274 557 1313 mensura
569 1274 617 1312 non
630 1266 665 1313 εει
678 1264 781 1328 accipere
794 1265 901 1316 medium
913 1270 943 1319 et

128 1340 238 1387 extrema.
254 1333 332 1383 Virtus
355 1334 431 1384 auem
449 1333 543 1385 moralis
555 1337 591 1385 εει
608 1332 668 1387 orca
684 1348 712 1387 ee
730 1350 782 1399 qna
801 1337 943 1401 reputantur

128 1407 231 1468 tatione,
251 1404 310 1455 sicut
329 1404 388 1456 circa
402 1404 517 1467 objectum
533 1405 666 1472 proprium
681 1411 705 1458 ει
716 1406 769 1458 ideo
782 1421 824 1471 pcr
834 1422 861 1460 se
879 1421 943 1461 oon-

129 1478 191 1529 venit
211 1475 234 1528 ei
254 1489 305 1528 csso
319 1476 344 1527 in
362 1475 435 1529 medio
451 1490 481 1527 cr
494 1479 558 1541 parte
571 1478 659 1543 proprii
681 1479 773 1544 objecti.
796 1479 840 1531 Sed
860 1480 942 1533 virtus

128 1548 255 1613 theologica
268 1552 304 1601 εει
322 1548 381 1599 circa
399 1548 473 1613 ipram
487 1548 588 1611 reguiam
610 1548 721 1614 primam,
739 1562 787 1601 non
804 1550 942 1613 regulatam

129 1620 173 1671 alia
190 1622 281 1687 regula,
296 1618 354 1671 sicut
366 1620 425 1671 circa
438 1617 555 1684 proprium
568 1618 697 1688 obiectum3
712 1624 736 1673 et
749 1622 801 1674 ideo
812 1634 855 1687 pen
869 1635 895 1673 εε
911 1626 941 1673 ει

130 1694 255 1744 secundnm
269 1690 385 1759 proprium
399 1689 515 1755 objectum
527 1694 574 1741 nori
587 1690 695 1743 conuenit
708 1692 789 1743 iirtuti
798 1693 942 1757 theologicae

131 1776 181 1815 esse
191 1765 216 1817 iu
232 1764 315 1816 medio.
327 1764 371 1815 Sed
382 1767 459 1829 potest
469 1763 513 1814 sibi
523 1766 654 1827 competere
663 1777 705 1829 per
719 1765 835 1829 accidens,
848 1764 940 1818 ratione

131 1836 182 1900 ejus
196 1836 256 1899 qnod
269 1834 386 1884 ordinatur
402 1834 430 1883 ad
446 1834 570 1899 principale
583 1833 699 1897 objectum
712 1849 718 1885 :
732 1836 793 1885 sicut
810 1835 871 1886 fides
888 1849 942 1888 nou

132 1910 207 1970 potest
219 1906 301 1955 habere
312 1904 412 1955 medium
423 1908 447 1955 et
460 1907 563 1954 extrema
570 1903 596 1953 in
606 1906 651 1956 hoc
664 1905 724 1970 quod
735 1903 848 1955 innitatur
856 1907 940 1971 primro

131 1975 238 2042 veritati,
251 1974 288 2025 cui
306 1976 382 2027 nutius
403 1978 478 2043 potest
490 1973 559 2025 nimis
572 1974 656 2040 inuiti;
674 1976 714 2027 sed
728 1988 759 2026 ex
771 1979 838 2041 parte
855 1990 941 2029 corum

133 2060 183 2113 quae
203 2044 287 2110 eredit,
300 2050 375 2111 potest
397 2048 480 2097 hahere
501 2045 601 2097 medinm
620 2048 644 2097 ει
657 2049 770 2111 extrema,
785 2048 846 2099 sicut
863 2063 940 2099 unum

132 2132 211 2171 rerum
221 2121 256 2169 εει
268 2117 367 2169 medinm
379 2119 440 2171 inter
451 2120 494 2172 duo
505 2120 571 2170 feisa.
582 2119 612 2169 Et
623 2118 727 2169 similiter
738 2130 792 2184 spes
804 2133 855 2173 non
866 2120 940 2173 umet

132 2188 233 2240 medinm
243 2192 266 2239 et
282 2192 382 2240 extrema
400 2202 429 2241 ex
444 2192 509 2254 parte
520 2188 654 2255 principalis
668 2189 768 2253 objecti;
788 2191 845 2254 qnia
857 2190 940 2243 diuino

132 2260 217 2313 auxilio
234 2260 310 2311 nutus
332 2264 408 2326 potest
420 2260 488 2313 nimis
504 2260 581 2312 inniti.
597 2261 642 2312 Sed
661 2263 771 2325 quantum
789 2262 817 2312 ad
838 2275 867 2313 oa
885 2275 938 2327 quac

134 2332 348 2397 confiditaliquisse
358 2331 812 2399 adepturumpotestiiieosomedinmct
821 2335 937 2397 extrema,

133 2404 157 2455 in
171 2407 280 2469 quantum
291 2405 330 2457 rel
342 2406 458 2471 presumit
470 2419 498 2457 ca
509 2419 560 2471 que
578 2407 631 2457 ount
646 2403 715 2469 sopri
725 2417 790 2455 snam
808 2404 940 2471 proportio-

134 2489 201 2540 nem,
212 2476 249 2527 vel
261 2476 365 2541 desperat
379 2478 406 2528 de
422 2476 458 2529 hir
472 2490 523 2541 que
537 2480 592 2528 runt
605 2475 649 2527 sibi
658 2475 845 2540 'proportionata'

166 2547 202 2598 no
211 2547 303 2599 tertium
314 2548 521 2613 dicendum,un
534 2546 664 2613 expectatio
677 2559 727 2610 que
738 2546 833 2610 ponitur
841 2548 868 2597 iu
878 2548 941 2599 ‹iiiii-

134 2618 221 2671 nitioue
241 2620 305 2685 spei,
320 2630 367 2673 non
385 2620 493 2686 importat
509 2618 654 2685 dilationem,
669 2618 728 2672 sicut
741 2618 870 2684 expectatio
887 2632 940 2683 qun

169 2780 201 2845 (1)
215 2786 276 2833 iiiuc
289 2784 518 2844 Pertimmvm,
530 2797 555 2831 r.
566 2784 708 2843 sszouoeet
716 2785 853 2843 expectatio
866 2786 939 2831 reno?

134 2860 215 2965 effi
228 2847 368 2897 Dumium
376 2847 464 2909 Nempe
473 2848 515 2907 qun
522 2854 561 2960 ort
570 2847 749 2956 repromitto,
756 2850 782 2897 nt
791 2847 940 2909 nugmcum
