1992 3317
109 85 154 135 lln
217 92 327 133 racnuou
341 90 469 136 sunnon.
486 90 581 141 onnon.
598 89 669 140 xxm,
686 90 743 129 aar.
761 91 796 130 rr.

106 174 168 227 runt.
183 170 291 223 suornm
306 168 410 221 ommino
425 168 533 233 prodesse
544 180 591 219 uon
601 168 691 232 punt,
705 168 744 220 nir
756 169 917 233 potissimam

108 242 272 295 consulendum
285 244 332 303 erl,
344 240 384 305 qni
395 253 436 303 pro
446 240 547 299 locorum
561 243 585 289 et
597 242 742 303 temporum
753 241 791 292 nel
804 254 918 305 quaram·

107 315 163 367 limo
176 328 251 367 rurum
271 312 489 378 opportunitatibus,
505 309 649 363 oonslriciiirs
664 311 705 361 tilri
725 312 792 376 qnasi
813 312 918 377 quadam

108 390 168 437 sorta
179 387 315 451 junguntur.
331 400 344 431 o
359 384 417 446 llrgo
434 382 588 447 proximorum
601 395 663 438 nnus
678 395 725 433 non
738 387 773 433 cst
788 384 863 447 magis
877 384 918 436 ni-

107 458 223 523 ligonduS,
239 456 305 521 quim
321 454 388 505 alius.

139 533 163 579 Ξ.
180 530 306 589 Paaeteroa,
317 526 357 577 ulti
371 539 416 579 una
429 530 452 579 ot
467 526 546 577 eadem
560 529 595 580 est
605 524 663 577 ratio
674 525 784 589 diligendi
798 526 914 593 diversos,

108 614 154 651 nom
172 600 239 651 dubet
261 612 312 649 esse
337 598 456 663 inaequalis
478 596 581 650 dilectio.
601 596 645 648 Stil
668 609 715 649 una
731 600 755 648 et
774 598 856 648 caulem
876 603 917 651 eoi

108 671 165 724 ratio
184 668 293 735 diligendi
306 682 385 721 omues
397 668 527 735 proximos,
544 667 633 718 scilicet
653 668 725 731 Dauo,
744 671 770 718 ul
790 672 856 732 paret
871 684 916 734 por

109 740 261 806 tugusrirum
279 740 396 794 inille
418 740 485 791 doct.
509 739 598 792 clrior.
620 739 679 804 Ergo
696 752 775 791 omnes
795 741 916 805 proximos

109 812 328 878 aquatilerdiligere
348 812 464 863 dolemus.

141 888 164 937 ll.
180 887 307 952 Pronior,
320 897 395 937 amaro
414 887 450 935 cot
469 883 528 940 rolin
547 883 633 937 bonum
645 882 730 947 alicui,
747 885 772 933 ul
792 888 857 947 patet
871 899 915 949 por

110 957 274 1021 Philosophum
285 956 307 1007 iu
320 958 347 1007 ll.
359 959 427 1009 Rati.
438 957 482 1009 Scd
496 955 601 1008 omnibns
609 955 722 1019 proximis
731 956 816 1021 anano
825 957 915 1014 bonam

109 1030 226 1091 volumus,
248 1028 336 1079 scilcet
359 1029 428 1079 uitam
452 1032 570 1081 annuam.
599 1028 659 1091 nrpo
688 1042 770 1082 omuor
794 1029 915 1092 proximor

110 1101 228 1166 aqualiter
241 1100 350 1151 debemus
360 1100 460 1163 diligero.
618 1158 621 1163 ,

141 1174 185 1224 Sed
199 1176 276 1223 contra
287 1175 338 1232 est,
352 1170 411 1233 quon
422 1173 489 1221 lauto
501 1171 657 1235 musuuispuu
667 1171 740 1235 magio
752 1170 820 1221 dolat
834 1170 912 1235 diligi,

110 1247 193 1309 quanto
202 1241 293 1307 parvino
300 1245 381 1307 peccat
388 1242 428 1304 qui
435 1244 513 1293 contra
524 1242 576 1306 ejus
587 1243 733 1295 ultoniouom
742 1246 858 1306 oporatur.
864 1244 914 1294 sed

110 1313 201 1379 graciis
213 1316 295 1379 peccat
306 1313 344 1376 qui
357 1313 405 1375 agit
416 1316 493 1363 contra
507 1312 651 1365 orimnorum
660 1314 787 1377 aliquorum
794 1314 913 1377 proximo-

109 1400 173 1447 rum,
188 1398 256 1448 quam
274 1384 314 1448 qui
336 1384 382 1449 agit
398 1388 476 1435 contra
496 1384 641 1438 dilectionum
658 1385 784 1449 aliquorum
804 1384 909 1441 aliorum.

109 1456 173 1510 Unde
185 1458 273 1515 Louit,
288 1457 342 1521 llll,
362 1456 507 1521 proripitur,
520 1456 581 1521 quon
597 1457 664 1521 oqui
681 1455 821 1516 maledixerit
834 1455 910 1517 patri,

109 1538 148 1579 aut
159 1528 316 1593 matrimonio
327 1528 437 1580 moriatur
454 1544 459 1577 :
476 1545 490 1575 u
505 1530 565 1591 quod
579 1541 625 1579 non
636 1526 764 1592 proripitur
778 1527 806 1578 clo
818 1525 911 1595 hirqui

110 1599 166 1653 alios
177 1598 282 1651 hominos
292 1598 437 1651 maledicunt.
450 1600 509 1665 Ergo
519 1600 629 1663 quosdam
636 1598 790 1664 proximorum
801 1598 913 1655 deornm

109 1672 181 1737 magis
196 1671 303 1735 diligere,
317 1674 385 1734 quom
399 1671 463 1721 alios.

141 1744 300 1808 (Concunsro.
308 1770 340 1781 -
349 1743 400 1793 Non
409 1742 527 1805 aeqiralitor
538 1741 636 1806 proximi
645 1743 698 1791 snut
709 1740 723 1791 i
735 1740 800 1791 nolis
813 1753 843 1790 ex
856 1742 913 1791 cna-

109 1814 177 1864 ritale
190 1814 309 1878 diligendi,
329 1814 368 1864 sed
385 1812 456 1876 magis
473 1813 512 1864 rol
537 1812 629 1872 minus,
643 1812 767 1862 moundum
783 1812 843 1875 quod
859 1811 913 1864 illos

111 1884 222 1947 contingit
239 1884 320 1943 nobis,
336 1897 377 1934 seu
388 1884 434 1934 lieo
449 1884 622 1951 propinquiores
635 1882 714 1947 essa.)

141 1956 275 2019 Respondeo
296 1954 505 2019 ntoounum,qunr1
525 1956 609 2019 duplex
628 1954 706 2019 opinio
720 1953 781 2005 circa
798 1956 843 2005 lroc
858 1956 910 2007 fuit.

110 2025 205 2087 Quinam
224 2026 286 2075 euim
300 2026 419 2089 dixerunt,
434 2026 493 2089 quid
512 2038 593 2078 omncs
604 2024 704 2090 proximi
723 2037 778 2075 sont
795 2026 913 2091 aqualiter

109 2108 139 2147 ex
152 2092 261 2145 charitate
278 2092 386 2159 diligendi
398 2098 509 2160 quantum
522 2096 550 2147 od
566 2095 682 2159 ananiam,
692 2095 733 2148 uad
743 2108 789 2145 non
800 2098 912 2159 quautam

110 2168 138 2219 ad
152 2164 286 2218 exteriorem
300 2164 418 2231 effectum,
438 2170 550 2233 ponentes
563 2166 666 2220 ordinum
678 2166 805 2220 dilectionis
812 2179 863 2217 osso
875 2165 911 2217 in·

109 2236 255 2300 tclligondum
265 2238 389 2287 secundum
398 2239 510 2289 exteriora
522 2238 647 2302 beneficia,
656 2251 708 2302 quae
719 2238 790 2301 magis
802 2238 910 2289 debemus

110 2307 240 2375 impendere
259 2307 369 2371 proximis
386 2308 455 2373 quim
472 2310 569 2371 alionis,
582 2322 630 2361 non
645 2313 722 2360 autom
738 2309 863 2360 monrium
875 2309 911 2360 iu-

110 2376 216 2429 toriorem
235 2380 357 2443 affectum,
373 2394 441 2445 quom
454 2380 573 2443 aepuannr
591 2382 700 2434 mirmur
712 2380 845 2445 imponunto
858 2394 912 2434 ona-

110 2449 190 2515 uinus,
210 2449 278 2501 etlam
294 2450 401 2503 inimicis.
423 2451 467 2501 Sed
484 2449 529 2512 hoo
541 2451 724 2504 irrationabiliter
746 2451 852 2513 linitura
862 2453 912 2506 Nou

110 2520 172 2572 eninr
186 2520 263 2571 minus
274 2525 310 2572 ost
324 2522 440 2573 ordinatus
451 2523 548 2575 affectus
558 2523 688 2588 charitalis,
697 2523 737 2589 qui
747 2527 783 2573 est
795 2523 911 2577 inclinatio

111 2592 202 2657 gratian,
216 2592 285 2659 quam
302 2594 553 2661 appatitnsmaiuralis,
568 2598 608 2661 qul
626 2600 662 2647 est
679 2594 797 2647 inclinatio
812 2600 909 2649 natura.

111 2664 209 2729 Utraque
222 2665 285 2716 euim
298 2664 413 2718 inclinatio
423 2680 452 2717 ox
464 2664 541 2725 divina
554 2667 666 2732 rapientia
679 2666 789 2731 prouenit.
801 2668 909 2726 Videmus

111 2739 186 2789 artem
200 2738 225 2791 in
237 2736 391 2801 naturalibus,
402 2738 463 2804 quon
477 2738 596 2798 inclinatio
605 2740 714 2796 oatmalia
728 2738 911 2808 proportionatur

111 2808 173 2864 actui
181 2809 219 2866 vol
229 2809 300 2866 motui
311 2808 350 2876 uui
362 2810 467 2868 conuenit
477 2813 562 2871 natura
573 2810 752 2881 uniunujurpno
763 2811 840 2875 trioni
849 2814 908 2876 tarn
