1992 3317
138 140 184 192 did
272 145 379 193 sscnsus
397 154 526 201 sucum,
544 154 635 200 oussr.
655 157 675 203 r,
691 156 746 195 nur.
766 154 799 193 rr.

171 232 214 284 Sed
227 236 305 284 contra
318 233 368 292 est,
382 232 441 295 quod
454 230 578 296 Apostolus
588 231 659 295 dicit,
670 232 706 283 od
718 232 805 293 Hedr„
815 233 863 295 xi,
878 234 946 299 qndd

139 322 153 352 n
166 305 223 355 fides
235 307 271 355 εει
282 307 438 368 argumentum
454 316 500 353 nnn
514 304 673 368 apparentium
690 302 734 369 (ι).
747 320 761 351 u

169 377 329 439 (donauero.
349 374 448 424 -cnm
461 375 534 439 fides,
549 376 656 440 dpostoio
669 378 743 441 ιεειε,
758 377 847 428 sitnon
864 391 948 445 uppa-

137 449 250 509 rentium,
261 453 288 499 ut
301 448 354 500 [idei
367 447 480 511 objectum
491 448 522 499 sit
535 446 621 512 aliquid
629 447 703 497 visum
716 446 764 497 fieri
778 456 824 498 nnn
834 452 943 515 potest.)

167 519 301 583 Respondes
317 519 452 580 dicendum,
467 518 529 582 qrrdd
544 518 599 571 fides
615 520 721 583 importat
732 530 852 571 assensum
867 520 947 573 intei-

135 589 209 641 iectris
227 592 253 641 ed
271 589 294 639 id
309 590 368 653 qnod
385 591 490 643 creditur.
507 591 607 641 desentit
626 592 701 643 autem
718 591 848 643 intellectus
871 593 947 645 diioui
984 578 985 673 i

135 661 264 725 dupliciter.
283 663 333 712 Uno
346 662 425 725 ruodo,
437 660 489 725 quia
503 662 530 713 ud
543 664 588 713 hon
604 665 707 713 moretur
725 660 752 712 oh
766 661 818 725 ipso
832 662 943 727 objecto,
984 676 985 687 ¹

137 732 197 797 quod
214 736 249 783 est
265 733 301 782 rel
313 747 354 797 per
370 730 469 797 seipsum
482 732 598 797 cognitum
612 733 684 799 (sicut
700 735 762 797 putet
779 732 804 783 in
819 732 947 803 principiis

137 803 230 867 primis,
243 817 338 869 quorum
347 809 381 855 est
390 803 519 859 intellectus
528 806 549 869 ),
561 806 595 856 rei
610 818 651 869 por
662 802 725 855 uliud
737 805 868 871 cognitum,
877 806 945 859 sicut

137 879 199 939 potet
211 876 239 925 de
253 876 436 927 conclusionibus
450 890 546 939 quarum
559 879 595 927 est
608 875 712 929 scientia.
727 875 776 927 dlio
787 876 855 927 modo
870 876 947 928 intei-

137 947 210 997 iectus
217 946 313 999 assentit
322 946 403 1009 alicui,
412 961 458 998 uon
467 945 519 1011 quin
531 946 670 999 sufficienter
680 949 797 998 moveatur
808 946 836 995 ab
846 946 946 1013 obiecto
984 990 985 1023 p

137 1017 241 1081 proptio,
262 1020 300 1070 sed
317 1032 358 1083 per
370 1020 490 1084 quemdam
509 1017 657 1081 electionem,
671 1016 798 1068 voluntarie
821 1018 946 1071 declinans
984 1026 985 1085 t

135 1089 159 1137 in
173 1101 241 1139 uuam
254 1093 342 1153 partein
357 1089 429 1154 magis
443 1089 511 1153 quim
525 1088 550 1140 in
565 1089 640 1141 client.
653 1089 681 1139 Et
697 1088 717 1139 si
734 1087 825 1155 quidem
839 1089 893 1139 haeo
909 1091 946 1141 sit
984 1092 985 1153 ι

138 1174 188 1211 cunr
207 1160 347 1213 dubitatione
366 1166 390 1212 et
407 1162 527 1213 formidine
543 1162 637 1213 alterius
656 1160 737 1226 pertis,
752 1160 796 1211 crit
815 1158 904 1225 opinio.
919 1164 948 1213 Si
984 1156 985 1247 i

138 1235 213 1282 eutero
225 1232 254 1281 sit
263 1246 314 1281 curn
329 1232 464 1283 certitudine
473 1235 558 1297 ubsque
572 1234 611 1284 tuli
626 1232 755 1293 formidine,
766 1230 808 1282 erit
823 1231 890 1282 fides.
900 1234 947 1283 Ilia
984 1252 985 1293 t

137 1307 213 1353 antem
229 1304 302 1353 rideri
320 1302 438 1363 dicuntur,
460 1318 510 1369 quur
530 1319 572 1369 per
591 1304 664 1369 seipso
684 1306 776 1355 mouent
794 1301 945 1355 intellectum
984 1294 985 1351 i

137 1378 240 1425 nostrum
254 1375 291 1425 rei
302 1388 393 1427 sensum
407 1376 434 1425 ud
443 1377 480 1425 sni
491 1376 653 1439 coguitionem.
667 1374 732 1425 Unde
743 1374 891 1424 menifestum
904 1382 949 1427 εει
984 1384 985 1437 t

137 1444 195 1508 qudd
214 1458 257 1495 nec
274 1446 329 1497 fidos
345 1460 387 1497 nec
400 1447 477 1512 opinio
493 1450 633 1512 potestesse
650 1447 678 1498 de
696 1444 752 1511 ipsis
766 1446 836 1507 risis,
852 1450 892 1496 aut
904 1462 948 1498 se·

137 1514 236 1565 cundum
250 1530 358 1579 sensum,
373 1521 412 1567 sut
426 1512 551 1569 sccunddrn
566 1518 715 1569 intellectum.
984 1580 985 1585 ἵ

170 1587 204 1637 dd
214 1588 312 1652 priunum
326 1602 380 1653 ergo
393 1589 528 1651 dicendum,
543 1590 602 1654 qudd
615 1590 714 1641 Thornns
730 1606 744 1637 n
754 1589 814 1640 atiud
827 1589 900 1653 vidit,
917 1598 947 1641 ει
984 1608 985 1647 3

138 1658 199 1708 aliud
214 1658 310 1711 credidit
326 1661 358 1726 (n)
375 1678 381 1712 :
396 1677 411 1710 u
427 1661 542 1713 hominem
559 1662 630 1725 vidit,
645 1666 668 1713 et
685 1662 758 1713 Deum
770 1662 866 1715 credens
885 1674 947 1713 con·
984 1656 985 1675 ¹

138 1728 213 1781 fossus
224 1734 273 1793 ost,
288 1732 341 1782 cdrn
355 1733 431 1784 dixit:
447 1751 461 1779 n
478 1733 587 1784 Dominus
601 1746 665 1785 meus
679 1737 702 1783 ct
715 1734 775 1783 Deus
790 1745 864 1783 meus.
878 1748 893 1779 u

169 1802 203 1851 un
222 1804 495 1869 consuescendum,
513 1803 573 1867 quun
593 1817 620 1854 ea
635 1818 686 1868 quo
705 1804 801 1856 sursunt
814 1802 881 1866 ndei,
899 1805 947 1855 nu·
984 1788 985 1851 ι

114 1873 119 1881 ”
139 1870 230 1935 pliciter
245 1874 380 1925 conddorari
393 1880 498 1939 possunt.
505 1875 556 1927 Uno
570 1876 637 1927 modo
649 1876 675 1926 in
687 1871 796 1941 speciali3
809 1877 832 1925 et
845 1874 880 1925 sic
894 1888 946 1929 uon
984 1860 985 1921 i

138 1948 236 2007 possum
247 1960 297 1997 osso
310 1946 377 1997 sionni
389 1947 439 1997 nise
448 1951 471 1997 ot
480 1946 574 2008 credito,
586 1948 646 1999 sicut
655 1946 740 1998 dictum
751 1949 795 1997 est.
811 1946 861 1998 dlio
874 1950 946 1999 modo
984 1926 985 2005 i

140 2016 163 2066 in
182 2017 293 2080 generali,
312 2018 399 2068 scilicet
417 2020 459 2068 snb
474 2018 589 2071 wmmuui
610 2018 697 2070 ratione
716 2018 845 2081 credibilis3
860 2022 885 2069 et
909 2020 946 2070 sio
984 2006 985 2089 i

139 2091 193 2137 suut
205 2087 254 2138 risu
265 2089 294 2137 ab
307 2101 336 2139 oo
348 2088 388 2151 qni
397 2089 478 2139 credit.
491 2090 543 2139 Nou
557 2088 617 2139 eninr
632 2090 732 2141 cederet
745 2088 791 2139 nisi
810 2091 902 2141 videret
914 2104 946 2141 en
984 2094 985 2161 ι

139 2172 190 2209 osse
200 2159 325 2222 dedendo,
341 2160 379 2209 rei
391 2165 483 2224 propter
500 2160 637 2212 evidentiam
655 2160 786 2223 signorum,
798 2160 835 2211 vel
848 2164 948 2226 propter

139 2228 224 2291 aliquid
240 2229 378 2293 huiusmodi.
984 2260 985 2289 ι

172 2299 306 2350 ddtertiurn
320 2300 449 2366 dicendum,
462 2303 522 2366 qudd
532 2304 609 2356 iumen
622 2304 676 2358 tidei
690 2302 744 2355 iacit
757 2303 834 2354 videre
850 2316 878 2353 ee
888 2320 944 2369 quse
984 2296 985 2345 3

140 2371 270 2422 ceduntur.
288 2372 352 2422 Sicut
367 2374 429 2423 eninr
448 2387 489 2437 per
506 2375 561 2427 ulios
570 2374 662 2426 habitus
676 2375 784 2425 uirtutum
795 2376 865 2427 homo
877 2375 946 2427 ridet

126 2442 194 2502 'diod
210 2443 270 2506 qnod
291 2446 326 2493 est
342 2442 384 2495 sibi
401 2445 540 2498 conveniens
557 2446 681 2499 noudum
697 2446 799 2497 habiturn
819 2446 900 2511 iilum,
915 2448 949 2498 ita

175 2544 206 2607 (i)
222 2549 266 2595 seu
279 2548 399 2595 convictio
412 2561 498 2596 rernm
511 2563 565 2609 quon
583 2564 633 2597 non
646 2551 774 2601 uidentur,
786 2554 811 2595 ut
824 2561 855 2595 ox
867 2564 948 2609 graeco
984 2550 985 2611 ζ

141 2610 234 2679 disus<
249 2609 274 2660 cri
287 2610 442 2681 βλεπομειων.
767 2666 768 2669 ,
984 2614 985 2629 ’

176 2676 210 2742 (Ξ)
225 2683 256 2727 Ut
267 2682 353 2730 dictum
366 2697 395 2729 ex
406 2684 516 2741 Gregorio
527 2688 610 2743 Magno
619 2718 624 2744 ‚
633 2687 673 2741 qui
683 2686 770 2731 Homii.
782 2686 858 2734 XXVI
873 2698 947 2744 super

139 2742 248 2801 Edono„
266 2745 299 2791 sic
315 2746 384 2794 utinm
398 2746 536 2804 subjungit:
557 2748 663 2797 videndo
672 2760 730 2806 erpo
746 2747 947 2807 condidimusc

141 2806 317 2853 considerando
333 2817 420 2853 neruos
434 2808 571 2861 dominnm,
586 2810 651 2857 dnus
665 2811 761 2860 Deum,
773 2822 842 2869 possm
859 2810 948 2857 vidore

143 2879 193 2912 nnn
203 2872 311 2927 poterut,
322 2871 475 2917 acromonte.
