1992 3317
124 150 170 194 ιιι
242 159 350 196 sentuno
365 159 492 204 secusne,
508 157 603 201 oum.
618 160 691 208 uu,
709 160 766 197 aar.
785 161 806 194 ι.

124 234 234 284 mentitur
246 239 272 283 nt
281 235 350 284 elium
361 234 464 284 'amorte
470 233 567 296 ldieret,
580 233 614 282 ita
634 235 783 284 mendacium
802 233 927 286 officiosum

124 319 175 356 esse
191 305 294 367 riletnr,
307 306 397 369 qnando
410 305 493 368 aliquis
507 305 617 355 mentitur
631 309 657 352 ut
669 318 697 354 se
710 305 795 356 liberet
816 305 929 362 'amorte;

127 376 180 439 quie
195 378 247 441 plus
262 378 305 426 sibi
317 381 405 426 tendor
418 376 486 439 quam
496 377 570 426 alteri.
584 376 730 434 blendaeium
745 381 828 426 ιιιιιιιι
846 377 931 428 olbuio·

129 462 179 496 snm
198 461 244 498 non
261 449 351 512 ponitur
366 461 419 498 esse
436 452 557 510 peecatum
572 448 683 508 mortale,
698 447 739 496 sed
759 447 863 499 veniale.
877 450 930 511 llego

129 519 149 568 si
162 525 278 569 aoeusatns
291 519 411 569 veritatem
424 518 449 568 in
460 518 548 582 jndicio
558 523 641 582 neget,
654 523 681 567 ιιι
692 531 719 568 se
731 515 745 566 d
757 523 835 568 morte
844 519 930 578 liberet,

131 603 176 652 non
185 595 265 654 peceat
275 591 409 639 mortaliter.

164 667 187 711 3.
209 663 335 722 Proterea,
356 673 424 710 omne
439 665 560 724 peceatum
577 659 674 710 mortale
686 663 723 709 est
734 663 820 710 eontra
838 663 932 712 charita

132 737 186 794 tem,
200 731 301 796 utsupra
315 732 399 781 dictum
409 737 445 782 est
460 735 510 796 (qu.
520 736 560 789 st,
570 736 615 780 art.
625 731 730 794 12).Sed
740 731 805 794 qnod
817 740 933 783 aoeumtns

132 803 266 862 mentiatur,
278 803 407 854 excusando
424 817 449 853 se
460 802 473 852 a
484 807 578 866 poooeto
591 801 635 852 sibi
646 802 765 865 imposito,
784 817 836 853 non
850 813 933 855 eontra-

132 873 202 924 riatnr
214 875 335 938 charitati,
356 887 429 939 neque
448 879 559 938 quantum
578 874 606 922 ad
624 873 773 924 ddoetionem
785 875 848 938 Dei,
865 890 933 940 neque

131 950 241 1008 qnantum
257 947 285 996 ad
295 947 437 998 dilectionem
451 945 559 1009 proximi.
574 946 634 1008 Ergo
646 945 781 1008 bujusmodi
793 948 933 997 mendacium
973 988 974 995 ,

132 1023 228 1069 nonest
243 1023 363 1082 peceatum
377 1019 480 1068 mortale.
973 1036 974 1041 ¹

163 1091 206 1140 Sed
219 1095 298 1141 eontra
304 1106 317 1150 ,’
335 1103 402 1140 omne
415 1090 476 1153 qnod
495 1091 532 1138 est
550 1085 689 1137 eontrarium
706 1083 793 1137 divine
806 1087 889 1150 glorie
903 1093 934 1137 eo

133 1166 253 1224 peceatum
264 1161 367 1221 mortale,
379 1161 432 1224 qnia
444 1173 474 1210 ex
484 1163 600 1223 pmoepto
611 1161 717 1207 tenemur
731 1175 745 1203 ι
757 1157 840 1207 omnia
851 1157 878 1210 in
893 1160 935 1223 glo
973 1180 974 1191 2

133 1233 189 1282 n'am
202 1232 242 1282 bei
255 1233 344 1294 lacere,
358 1249 372 1280 ιι
387 1237 413 1281 ut
425 1233 509 1296 patetl
520 1231 591 1285 Cor„
599 1229 630 1278 x.
644 1229 689 1278 Sed
697 1227 760 1292 qndd
773 1243 830 1279 rens
843 1230 869 1280 id
880 1232 934 1294 qnnl

134 1307 212 1352 eontra
226 1317 251 1352 se
268 1307 304 1353 est
320 1305 470 1366 confiteatur,
484 1302 586 1366 pertinet
603 1301 633 1349 ad
651 1301 745 1363 gloriam
765 1301 824 1359 liei,
838 1305 866 1354 ut
878 1306 935 1366 patet

135 1389 176 1439 per
192 1375 247 1425 illud
259 1375 320 1438 qnod
333 1375 402 1426 losne
414 1373 471 1424 dixit
484 1375 514 1423 ad
528 1374 605 1422 luban
621 1387 627 1421 :
644 1389 658 1418 ι
669 1371 716 1421 Fili
729 1371 779 1433 mi,
798 1373 829 1422 da
846 1373 934 1436 monim

135 1446 230 1497 Domino
250 1447 297 1497 lleo
310 1447 395 1510 lsrael,
410 1451 434 1496 et
446 1445 554 1495 confitere
573 1447 642 1506 atqrm
663 1441 739 1492 indiua
755 1442 817 1492 mibi
836 1444 891 1508 qnid
907 1446 936 1492 le

135 1518 210 1580 ceris,
222 1531 252 1570 ne
266 1518 400 1579 abscondas,
412 1534 427 1564 ιι
440 1519 465 1566 ιιι
474 1517 572 1594 babetur
581 1515 663 1570 loono,
673 1515 724 1564 Vll.
738 1515 801 1578 Ergo
809 1516 903 1569 mentiri
910 1515 935 1564 ad

136 1591 290 1642 excusandum
303 1593 437 1655 peceatum,
451 1593 486 1639 est
499 1591 617 1652 peoiutnm
629 1587 731 1636 mortale.

168 1663 328 1726 (cormesio.
336 1688 367 1699 -
376 1663 428 1712 Non
440 1663 519 1724 potest
531 1662 652 1708 neomutus
664 1658 689 1707 in
700 1656 808 1722 judicio,
821 1660 935 1710 ueritatem

136 1734 288 1797 interrogatus
297 1734 310 1783 a
318 1732 411 1796 Jndiee,
421 1731 513 1782 mentiri
524 1730 562 1780 rel
575 1742 671 1793 negare,
687 1730 775 1792 absone
784 1731 889 1780 mortalis
898 1731 935 1779 cri·

138 1803 207 1854 minis
219 1805 324 1867 lnonrsn;
334 1807 410 1867 potest
423 1807 555 1852 tamennon
566 1801 704 1865 respondere
716 1800 793 1863 judici
805 1800 832 1850 in
840 1801 879 1851 bis
889 1814 935 1863 qne

136 1876 289 1939 interrogatur
310 1887 356 1924 non
375 1871 502 1924 seenndbm
518 1871 576 1936 juris
597 1871 716 1931 ordinem,
736 1884 764 1920 ae
781 1873 935 1935 subtemgere

137 1960 179 2010 per
193 1947 368 2011 appellationem
383 1945 412 1994 ad
429 1943 569 2007 superiorem
580 1942 703 2007 jndioem.)

169 2019 304 2082 Respondeo
318 2016 451 2078 dicendum,
460 2013 521 2078 qndd
534 2014 672 2078 quicumque
684 2014 741 2064 lacit
752 2015 936 2066 contradendum

134 2089 233 2152 justitie
251 2087 377 2140 mortaliter
392 2090 492 2152 peceat,
509 2087 572 2137 sicut
591 2085 662 2150 supra
677 2086 763 2136 dietum
778 2091 819 2136 est
832 2087 885 2152 (qn.
901 2088 936 2139 59,

139 2163 182 2208 art.
193 2158 232 2223 t).
248 2159 351 2214 Pertinet
360 2163 437 2208 antem
447 2158 476 2207 ad
492 2156 596 2208 debitum
603 2157 711 2221 justitia,
720 2155 784 2219 quon
796 2157 882 2222 aliquis
890 2157 937 2206 obe·

136 2231 187 2284 tint
202 2244 245 2281 suo
261 2230 372 2296 superiori
385 2229 409 2280 in
420 2227 457 2279 bis
473 2229 502 2278 ad
519 2242 570 2292 qne
580 2228 621 2291 jus
634 2226 773 2292 prelationis
788 2242 816 2278 se
829 2228 936 2278 extendit.

139 2303 211 2353 ludex
229 2305 321 2362 autem,
341 2305 366 2352 nt
383 2300 453 2365 snpra
469 2301 557 2350 dictum
570 2306 605 2350 est
616 2304 667 2365 (qu.
678 2303 717 2360 ot,
730 2302 774 2347 art.
787 2299 826 2362 l),
841 2299 937 2363 superior

140 2379 175 2426 est
192 2377 296 2438 respectu
313 2373 364 2437 ejus
381 2374 421 2436 qni
438 2371 609 2436 judicaturi]
626 2370 695 2433 ideo,
710 2384 740 2420 ex
756 2369 838 2421 debito
856 2374 938 2421 tenetur

141 2449 258 2502 accusatus
272 2445 345 2510 judici
360 2445 482 2496 veritatem
502 2456 631 2508 exponere,
645 2455 714 2506 qnam
727 2441 757 2491 ab
775 2453 805 2492 eo
820 2439 937 2492 semodium

140 2519 236 2568 formam
249 2517 308 2580 juris
329 2516 407 2581 erigit.
428 2518 456 2566 Et
468 2516 534 2576 ideo,
550 2516 570 2566 si
586 2514 690 2566 eonfiteri
704 2513 804 2564 noluerit
825 2514 939 2564 ueritatem

141 2603 208 2654 quam
221 2589 295 2640 dieere
305 2593 413 2650 tenetur,
426 2589 462 2638 vel
476 2587 496 2636 si
512 2602 564 2638 eam
576 2586 715 2637 mendaciter
728 2586 868 2648 negaverit,
886 2596 939 2632 mor·

141 2661 217 2710 taliter
233 2665 319 2724 peceat,
332 2660 357 2708 Si
374 2659 429 2709 verb
440 2660 512 2722 judex
529 2661 574 2709 hoo
592 2660 711 2722 exquirat,
727 2659 791 2721 qnod
808 2672 857 2709 non
870 2659 939 2720 potest

140 2731 263 2782 secundum
272 2730 374 2780 ordinem
382 2729 452 2794 juris,
463 2743 510 2780 nun
522 2734 614 2781 tenetur
621 2730 644 2780 ei
655 2733 778 2778 accusatus
796 2728 935 2793 respondere.

141 2801 180 2848 sed
195 2804 272 2862 potest
286 2801 322 2851 vel
333 2813 375 2862 per
389 2801 567 2863 appellationem
578 2801 615 2850 vel
624 2800 690 2852 aliter
703 2798 768 2850 lleitd
777 2799 936 2860 subterfugere

140 2872 283 2919 mendacium
302 2876 377 2921 tamen
393 2873 468 2921 dicero
480 2887 527 2922 non
541 2873 606 2928 lieet.
