1992 3317
93 756 553 822 *wfflmm

177 169 222 218 itt
311 179 417 217 sconsum
434 176 562 229 euoenon,
581 178 673 224 consu.
692 178 722 226 u,
740 178 794 216 nnn.
814 179 837 217 r.
985 146 986 209 i

177 257 291 319 gerimus.
311 273 325 303 o
340 257 385 307 sed
398 255 427 305 od
440 254 549 307 uirtutem
563 254 698 307 incussus
713 268 759 305 non
773 252 903 319 mumius
922 240 986 315 quod

176 330 244 379 nomo
257 327 332 391 atiquo
345 327 496 379 determinata
509 329 624 392 precepta
636 326 758 391 observem
772 326 812 378 sed
821 322 915 376 rurum
923 322 986 387 quod

118 438 120 441 .
176 400 260 451 lrabeat
277 403 407 465 promptum
430 400 530 451 worn
547 400 576 450 ad
593 396 759 460 obediendum,
773 399 908 451 seminudum
928 393 981 443 illul

175 469 300 523 Psalmiste
316 472 431 537 (nocem.
453 470 558 534 cxviii)
578 486 584 521 ι
606 472 730 523 «Paratus
748 481 800 520 sum
817 473 842 521 et
864 482 917 521 nou
934 474 986 517 sum

176 544 292 609 imbutus,
302 543 461 595 utcustodium
470 542 633 593 mandamina.
646 542 729 607 »Eupo
736 541 906 606 uideturqnod
914 538 986 591 ctiam

176 616 204 665 ad
218 615 287 665 diem
303 614 415 677 sufficiat,
429 614 490 679 quod
504 616 572 665 homo
589 614 672 664 habeat
686 616 822 678 promptum-
832 614 944 664 animum
959 610 981 657 ot

176 686 314 737 credendum
324 700 352 737 cu
364 699 417 749 qun
433 686 459 738 ei
469 685 584 737 diuinitus
594 684 692 749 proponi
703 688 815 749 possunt,
827 684 925 750 absone
944 685 984 733 inor

206 826 252 878 Sed
265 831 342 879 contra
358 831 406 892 est,
424 828 484 893 qudd
497 828 578 879 dicitur
589 828 618 879 ad
629 827 713 889 fleon,
725 828 757 879 xi
774 844 780 877 ι
799 844 815 876 n
827 830 986 883 accedentem

176 899 205 949 ad
215 901 291 951 Deum
304 903 392 965 oportet
408 900 501 951 credere
516 900 569 965 quia
584 904 631 963 est3
650 903 673 951 et
691 900 752 964 quod
768 898 947 965 inquirentibus
965 912 986 947 so

176 976 330 1024 remunerator
341 976 386 1023 est.
403 988 418 1019 n
985 994 986 1013 r

208 1046 367 1107 (commosin.
379 1045 517 1097 -Tenetur
532 1048 600 1097 nomo
611 1042 717 1110 explicite
731 1044 823 1096 credere
833 1057 926 1099 omnes
936 1038 986 1099 uret

176 1116 291 1185 articulos,
302 1118 417 1185 impliciti
425 1131 481 1169 uero
493 1129 642 1183 quocumquo
656 1117 679 1167 in
692 1128 756 1169 sacra
767 1117 898 1171 tradentur
911 1118 986 1180 Scrip

175 1188 253 1251 turra)
985 1236 986 1239 ,

205 1260 343 1326 Respondes
361 1262 496 1327 dicendum,
510 1262 571 1327 qudd
589 1266 702 1327 precepta
719 1260 776 1325 legis
788 1271 841 1325 <rum
857 1264 938 1319 homo
954 1270 986 1341 tn¹

159 1374 163 1377 .
180 1336 248 1383 netur
258 1332 368 1397 impiere,
382 1334 464 1385 dantur
478 1336 507 1385 de
521 1332 606 1385 actions
624 1332 746 1398 uirtutum,
762 1333 800 1399 qui
812 1337 927 1402 sunt-via
939 1344 986 1407 pop

176 1404 282 1456 veniendi
294 1406 323 1456 ad
335 1406 439 1457 satutem
449 1408 519 1475 nctus
529 1410 606 1457 antem
621 1404 723 1469 uirtutis,
737 1405 796 1456 sicut
812 1410 986 1475 supradictum

176 1480 210 1527 est
219 1475 269 1541 (i),
286 1476 382 1528 sumitur
395 1479 519 1529 secundum
532 1476 689 1528 habitudinem
704 1476 795 1529 nocitus
809 1477 836 1528 ad
851 1479 986 1547 objectum}

176 1548 259 1599 sedin
273 1549 363 1614 objecto
373 1548 494 1615 cujustibet
503 1548 592 1600 virtmis
601 1549 646 1601 duo
656 1553 752 1614 possunt
764 1549 934 1605 considerari:
948 1550 986 1627 sci}

175 1620 228 1672 iicet
238 1620 261 1673 id
273 1622 333 1686 quod
344 1622 435 1687 proprie
446 1626 469 1673 et
483 1634 524 1689 per
534 1634 559 1673 se
573 1623 608 1672 est
621 1620 738 1686 objectum
750 1620 853 1687 uirtutis,
869 1627 940 1691 quod
953 1628 986 1679 net

175 1694 298 1745 cessarium
310 1694 379 1746 estin
389 1694 452 1745 omni
463 1697 515 1744 actu
527 1692 631 1758 uirtrntis3
641 1696 665 1743 et
676 1693 774 1758 iterum,
785 1692 808 1744 id
817 1697 886 1757 quod
895 1703 936 1750 cst
950 1696 986 1763 pei

174 1765 299 1827 aceidem,
313 1764 367 1817 sive
380 1768 544 1829 consequenter
556 1776 581 1815 se
594 1766 681 1817 habens
694 1764 721 1815 ad
733 1764 849 1829 propriam
868 1770 986 1839 rationfflp

175 1836 259 1901 objecti
273 1854 279 1889 :
296 1838 354 1889 siem
365 1840 395 1901 ad
407 1839 522 1903 objectum
535 1836 676 1887 fortitudinis
693 1834 785 1901 proprie
799 1840 822 1887 et
833 1850 882 1901 per
898 1856 928 1895 se
940 1846 986 1910 pest

175 1906 233 1959 tinet
246 1908 357 1960 sustinere
369 1909 470 1974 pericula
482 1908 562 1959 mortis
575 1910 598 1959 et
612 1904 703 1973 aggredi
720 1908 799 1959 hostes
811 1916 870 1976 uum}
881 1916 979 1982 pepios]

175 1984 269 2044 propter
279 1980 363 2031 ionum
379 1992 513 2044 commune3
530 1980 570 2031 sed
584 1979 644 2043 quod
655 1980 723 2031 homo
739 1982 854 2043 armetur,
873 1986 915 2036 vei
936 2002 986 2043 cusp

175 2051 286 2115 percutiat
306 2050 330 2101 in
346 2050 407 2103 bello
419 2052 497 2118 justo,
513 2055 551 2101 aut
568 2050 652 2113 aliquid
673 2050 803 2115 hujusmodi
823 2047 902 2107 iaciat
924 2046 986 2115 recisi

175 2122 234 2173 eitun
247 2123 338 2188 quidem
355 2124 382 2174 ad
397 2124 513 2189 objectum
526 2122 679 2183 tortitudine,
694 2120 735 2175 scu
748 2134 790 2187 per
803 2123 931 2180 accidens,
950 2120 986 2211 Dcp

174 2195 304 2246 terminatio
321 2209 375 2260 crgo
384 2194 478 2247 virtuosi
492 2198 556 2246 actus
568 2194 596 2245 ad
606 2192 723 2259 pmprium
735 2198 758 2244 ct
768 2206 809 2258 pen
822 2206 847 2244 se
865 2199 986 2263 objectum

174 2265 330 2330 virtutisne
351 2267 394 2317 sub
410 2266 544 2319 necessitate
560 2265 683 2331 precepti,
703 2265 762 2317 sicut
779 2264 870 2330 etipse
891 2262 986 2341 uirtuti

174 2340 252 2402 actus,
269 2338 309 2388 sed
322 2338 480 2389 determinatio
492 2340 557 2389 aetus
576 2337 671 2390 monost
689 2338 718 2389 nd
735 2338 830 2402 ea'uuae
846 2341 986 2401 accidente

172 2410 225 2462 liter
235 2410 273 2461 uei
289 2410 422 2461 secundario
433 2422 458 2461 se
475 2412 562 2463 habent
576 2412 605 2463 ad
618 2410 735 2476 proprium
750 2412 774 2463 ct
786 2422 828 2475 per
842 2424 871 2463 se
890 2416 986 2475 virtuti

173 2482 300 2547 objectum,
317 2496 364 2534 non
382 2482 442 2533 cadit
454 2482 497 2534 sub
509 2482 644 2547 necessitate
664 2482 846 2547 preceptioni
868 2500 917 2549 pro
944 2480 986 2545 loo*

174 2557 196 2605 et
214 2558 325 2619 tempore.
337 2554 463 2613 Dicendum
475 2561 512 2607 est
525 2567 593 2619 ergo,
613 2553 676 2619 quid
687 2553 876 2617 idei-objectum
894 2572 948 2622 per
974 2574 986 2619 p

172 2631 208 2678 est
222 2627 244 2678 id
253 2628 361 2692 perquod
370 2629 439 2678 horno
451 2627 531 2680 henim
542 2626 647 2690 sincicum
658 2629 684 2677 m
693 2625 761 2690 sopri
773 2626 864 2678 dictum
878 2637 939 2697 estg
956 2650 986 2701 pp

205 2783 237 2847 (s)
252 2786 425 2843 omnesones
437 2785 523 2830 ursos
534 2783 562 2844 ι,
573 2784 602 2843 u,
614 2796 653 2841 qu.
667 2783 707 2843 oo,
720 2788 765 2831 arc.
776 2783 854 2844 mcor
868 2780 986 2851 suarim

172 2860 203 2894 an
217 2850 317 2895 virtutes
327 2859 399 2904 penes
412 2846 505 2902 objecta
519 2846 653 2905 passionum
664 2846 677 2891 d
689 2848 823 2894 seinvicem
833 2848 986 2911 distinguat

172 2919 220 2966 turc
231 2918 253 2957 at
266 2910 397 2957 ostomitnr
406 2908 466 2964 quod
481 2910 515 2957 sic
525 2915 596 2966 prone
603 2910 803 2959 pronuntiabunt
815 2908 842 2956 rid
851 2915 986 2967 nationvm
