1992 3317
144 182 174 233 at
283 193 355 235 rnna
372 194 497 245 sncnnnn,
514 193 608 240 onnon.
629 193 797 247 cx,ann.1n.

143 275 245 321 naturam
259 273 440 336 praeenisteutcnn
447 310 456 336 ,
473 273 565 337 quando
576 272 662 323 scilicet
675 275 850 338 unumquodque
860 269 899 323 'sic
907 278 949 324 cst

143 341 286 407 dispositum,
299 344 421 394 secundior
435 345 494 409 quod
511 345 615 408 congruit
626 359 673 395 suae
685 349 780 395 natura.
798 344 949 395 Manifestum

85 416 87 421 '
144 416 179 463 est
196 418 288 479 autem,
307 415 367 479 qudd
385 415 481 466 uirtutes
499 416 616 479 acquisita
631 430 672 481 per
685 420 749 466 actus
765 418 893 480 humanos,
917 418 950 468 de

143 486 226 548 quibus
238 488 306 551 supra
318 487 409 542 ¹dictum
424 490 458 538 cst
472 489 523 551 (qu.
542 492 581 552 55,
594 491 637 551 tt,
654 493 693 551 60,
710 488 763 551 63),
775 490 829 538 snut
846 488 950 553 disposi-

144 556 219 608 tiones
236 558 319 622 quibus
331 561 399 610 homo
416 559 578 611 convenienter
591 558 718 624 disponitur
732 560 757 609 in
771 559 851 609 ordine
865 559 893 609 ad
904 572 950 609 na-

144 633 218 679 turam
231 644 276 693 qua
288 632 357 681 homo
375 634 418 681 est.
432 631 532 681 Virtutes
545 634 619 681 autem
636 630 718 681 inlusae
733 631 857 695 disponunt
870 632 951 681 homi-

144 712 197 750 nem
211 700 285 751 altiori
298 702 378 763 modo,
396 705 420 751 et
436 702 464 751 ad
481 702 584 753 altiorem
599 703 666 752 linem
681 718 687 751 :
700 702 760 752 unde
773 700 841 751 etiarn
856 706 951 765 oportet

144 770 205 835 quta
216 772 240 821 in
251 772 331 823 ordinm
346 773 373 822 ad
384 772 483 835 aliquam
495 772 597 823 altiorem
606 777 718 836 naturam,
728 774 773 824 hoo
787 776 822 823 ost
831 771 856 821 in
864 773 948 823 ordine

144 841 173 891 ad
186 846 291 893 naturam
301 844 402 894 divinam
410 844 582 908 participatam,
592 858 642 908 quae
651 844 734 893 dicitur
744 844 829 894 tarmen
836 846 944 909 protioe,

143 914 269 965 secundini
277 916 336 978 quod
348 914 431 965 dicitur
440 916 468 965 ll.
480 916 560 972 Patr„
571 916 581 966 Ι
593 932 599 966 :
610 934 624 963 «
635 915 731 965 llanirna
738 918 761 967 et
770 914 869 979 pretiosa
878 916 949 966 vobis

144 984 255 1049 promissa
268 985 372 1047 donarit,
383 990 408 1035 ut
417 998 458 1049 per
468 986 518 1035 lnaec
532 985 663 1046 efficiamini
676 986 758 1037 divina
772 990 891 1036 consortes
905 1001 949 1037 na-

144 1060 213 1118 tnrte3
225 1073 239 1105 n
254 1059 277 1107 et
295 1056 417 1107 secundiani
433 1057 589 1122 acceptionem
603 1056 733 1122 hujusmodi
746 1060 833 1109 naturae
846 1057 949 1108 dicimur

144 1128 274 1189 regenerari
287 1128 312 1178 in
324 1128 381 1180 tilios
390 1128 440 1179 Dei.
452 1128 516 1177 Sicut
525 1128 596 1191 igitur
603 1129 681 1179 lumen
690 1127 793 1179 naturale
802 1128 901 1179 rationis
912 1135 949 1179 est

144 1198 229 1261 aliquid
239 1204 321 1262 prater
333 1200 429 1249 uirtutes
446 1199 582 1262 acquisitas,
595 1214 646 1263 qnae
663 1200 767 1249 dicuntur
782 1199 901 1249 inordina
917 1202 947 1249 ad

144 1270 218 1333 ipsum
234 1271 312 1321 lumen
331 1271 446 1332 naturale,
461 1269 494 1319 ita
508 1270 577 1319 etiam
595 1270 671 1333 ipsum
688 1270 765 1321 lumen
778 1270 869 1333 gratiae,
884 1273 949 1334 quod

144 1344 179 1391 est
191 1340 333 1405 participatio
350 1339 432 1392 divine
443 1345 546 1405 nature,
559 1346 594 1392 est
607 1341 694 1405 aliquid
708 1346 790 1405 preter
800 1342 898 1392 virtutes
913 1343 950 1393 in-

144 1414 219 1475 fusas,
239 1424 288 1475 quae
302 1411 412 1461 alumine
429 1411 468 1462 illo
481 1412 625 1475 derivantur,
641 1415 665 1462 et
678 1414 706 1463 ad
719 1413 772 1462 illud
787 1413 865 1463 lumen
881 1416 949 1465 ordi-

144 1488 236 1534 nantur.
251 1483 314 1534 Unde
333 1484 454 1547 Apostolus
472 1483 540 1546 dicit,
559 1484 595 1533 od
608 1482 740 1547 aptam
761 1500 766 1533 :
784 1502 798 1531 (ι
815 1484 892 1535 Eratis
906 1488 950 1537 ali·-

146 1555 235 1618 qnando
254 1553 369 1615 tenebm,
383 1568 443 1604 nuuc
466 1560 542 1605 autem
556 1555 596 1605 lox
616 1554 641 1603 in
660 1554 768 1619 Domino3
786 1558 811 1605 ut
828 1555 870 1605 dlii
887 1555 951 1607 lucis

146 1626 291 1676 ambulate.»
305 1626 369 1676 Sicut
381 1627 443 1677 enim
460 1627 556 1677 uirtutes
568 1626 683 1691 acquisita
697 1626 816 1690 perficiunt
827 1627 949 1680 nominem

146 1697 173 1746 ad
187 1695 346 1757 ambulandum
359 1697 484 1749 secunddm
497 1700 557 1762 quod
575 1698 679 1761 congruit
695 1698 776 1747 lumini
795 1698 893 1748 naturali
911 1715 951 1750 ra-

145 1766 226 1831 tionis,
240 1769 272 1818 ita
284 1768 380 1819 uictuma
392 1770 474 1822 inlusae
487 1768 608 1833 perficiunt
616 1770 731 1819 hominem
741 1770 769 1819 ad
783 1770 949 1821 ambulandum

145 1838 269 1890 secundum
279 1842 339 1904 quod
352 1843 456 1905 congruit
466 1840 549 1890 lumini
558 1840 644 1904 gratia.

176 1912 211 1961 Ad
219 1911 316 1975 primum
325 1926 378 1976 ergo
390 1913 509 1963 dicendum
512 1911 588 1975 qudd
594 1911 735 1974 Augustinus
744 1912 846 1962 nominat
856 1928 871 1959 u
877 1911 948 1965 iden

145 1996 186 2047 per
202 1982 344 2034 dilectionem
358 1986 488 2047 operantem
502 1979 607 2064 qratiam,
617 1999 632 2030 »
644 1984 698 2065 qoia
716 1987 780 2033 actus
793 1982 843 2033 fidei
858 1997 900 2047 par
911 1986 949 2037 di-

145 2054 267 2106 lectionem
285 2058 414 2121 operantis,
432 2056 466 2104 est
481 2054 569 2119 primus
585 2054 670 2106 actns'
663 2070 687 2107 ro
702 2070 746 2120 quo
762 2056 833 2119 gratia
856 2061 948 2119 gratum

145 2128 231 2178 iaciens
245 2127 412 2179 manifestatur.

177 2198 211 2248 nd
227 2198 352 2249 secundum
369 2197 490 2248 dicendum
496 2198 579 2264 ,quod
600 2200 691 2250 bonum
704 2156 825 2264 positum
819 2214 843 2250 tn
860 2202 949 2254 diffini-

145 2269 206 2321 tione
225 2271 331 2331 uirtutis,
351 2268 434 2319 dicitur
451 2271 577 2322 secunddm
595 2272 774 2323 convenientiam
797 2272 826 2321 ad
847 2271 949 2337 aliquam

145 2346 247 2393 naturam
270 2341 468 2406 praeexistentem,
483 2343 520 2392 rel
540 2342 701 2407 essentialem,
721 2343 758 2393 vel
776 2343 946 2407 participatam.

145 2412 183 2463 Sic
193 2418 269 2463 auteur
278 2412 368 2463 docum
378 2426 425 2464 non
434 2413 566 2465 attribuitur
577 2414 665 2477 gratiae,
678 2415 718 2465 sed
729 2414 788 2464 sicut
802 2414 872 2465 radici
881 2416 948 2466 boni-

145 2485 198 2535 tatis
212 2485 236 2534 in
247 2485 355 2549 nomine,
370 2488 395 2535 ut
407 2486 490 2537 dictum
502 2494 547 2538 est.

177 2556 211 2607 td
232 2556 324 2607 tertium
346 2557 478 2622 dicendum,
494 2560 555 2623 quod
573 2560 645 2623 gratia
666 2555 782 2610 inducitur
799 2559 827 2609 ad
848 2560 948 2622 primam

147 2628 246 2693 speciem
259 2629 387 2694 qualitatis;
400 2645 443 2682 nec
458 2636 536 2684 tamen
548 2636 584 2682 est
600 2632 661 2683 idem
674 2632 735 2696 quod
748 2631 834 2693 virtus,
852 2632 895 2681 sed
907 2634 949 2684 lra-

145 2698 224 2751 lnitudo
239 2704 342 2765 quedam
360 2718 410 2769 quaa
429 2704 612 2769 presupponitnr
628 2703 748 2756 virtutibus
770 2703 871 2768 inlusis,
886 2705 948 2755 sicut

145 2782 224 2827 eamn
237 2773 372 2842 principium
384 2779 407 2827 et
416 2775 489 2829 radix.
