1992 3317
167 119 213 172 itt
283 131 389 172 mennon
404 129 531 182 mennon,
546 93 639 175 enisa.
655 128 729 180 nun,
745 127 800 168 aar.
818 129 845 167 n.

167 208 227 272 qnod
244 209 356 273 «justitia
375 207 415 258 [tei
428 211 464 257 εει
480 220 522 271 per
535 206 601 257 fldem
618 207 675 256 taso
694 205 829 256 Gnarum.»
844 204 887 255 Sed
904 202 950 251 ides

167 293 213 330 non
226 278 308 330 dieitur
317 289 356 342 per
364 279 554 341 comparationem
564 277 634 327 unios
643 276 744 326 hominis
753 277 782 326 ad
793 277 894 328 atterum.
901 274 949 334 Ergo

167 363 240 413 neque
253 347 350 412 justitia.

199 425 222 469 a.
238 421 365 480 preterea,
377 419 502 470 seeundum
518 419 669 482 augustinum
688 417 713 468 in
727 418 786 469 lituo
801 419 839 469 De
856 416 950 468 moritus

168 491 282 541 Eeclertoe
295 489 360 554 (cap.
379 490 434 554 ts),
456 507 470 537 u
487 491 643 554 adjustitiam
661 489 777 553 pertinet,
795 491 825 540 ob
846 492 889 540 hoe
905 489 949 553 quoi

167 561 239 612 servit
249 562 308 619 Deo,
317 559 376 613 bene
384 562 495 626 imperare
506 561 595 612 noteris
606 575 656 625 quae
667 560 755 611 homini
765 565 821 611 suut
832 561 948 625 subiecta.»

167 631 212 680 Sed
228 633 343 696 appetitus
360 632 484 684 sensitivus
496 632 631 684 estnomini
646 632 771 696 subjectos.
785 636 811 681 ut
821 637 884 696 patet
895 631 947 686 δεε-

167 701 214 762 tv,
229 701 268 751 ubi
282 702 364 753 dieitur
375 719 381 754 :
394 721 408 751 u
419 703 502 754 subter
511 707 534 754 ιε
545 703 588 754 erit
600 701 718 766 appetitus
730 702 791 766 ejus,
806 702 900 763 (aeitioet
910 713 949 764 ρει-

167 773 238 836 eati),
252 777 275 824 et
291 779 316 824 tu
329 775 480 826 dominaberis
494 775 564 825 itlius.
585 791 599 821 ε
616 774 675 838 Ergo
688 773 717 824 ad
737 774 851 837 justitiam
871 773 950 838 pertinet

168 843 278 894 dominari
293 847 385 911 proprio
403 846 535 910 appetitui:
552 849 577 897 ει
597 847 632 896 sio
647 844 691 895 erit
707 844 800 906 jnstitia
816 847 844 896 ad
857 845 948 909 seipsum.
973 888 974 899 ,

201 919 224 965 3.
237 917 362 980 Praeterea,
374 917 465 982 justitia
482 917 523 967 liei
539 920 576 967 εει
592 919 685 967 aterna.
708 916 755 966 Sed
769 915 829 966 nihil
849 915 907 966 aliud
922 918 947 961 εει
973 924 974 985 g

170 987 215 1038 neo
232 992 377 1040 maemruuu.
393 989 452 1051 Ergo
466 989 494 1038 de
508 988 597 1039 ratione
607 987 702 1052 justitia
717 999 764 1040 non
780 982 949 1052 eoquorum
973 1014 974 1033 ι

169 1059 272 1110 atterum.
285 1105 297 1123 ,

196 1133 225 1182 t.
241 1133 366 1196 Ρεειεεεε,
384 1131 443 1182 sieut
456 1131 599 1195 operationes
612 1143 663 1194 qua
679 1131 733 1181 sont
746 1128 893 1192 adulterum,
907 1123 951 1175 iudi·

170 1206 224 1264 gent
242 1203 374 1265 reetttteari,
389 1206 420 1254 ita
435 1203 506 1254 etiam
519 1202 663 1267 operationes
677 1215 728 1266 qun
741 1203 796 1252 sunt
810 1203 840 1252 nd
859 1201 951 1264 seipsm

170 1273 214 1323 Sed
234 1287 275 1336 per
292 1273 405 1338 justitiam
423 1275 575 1325 reetifieantar
588 1273 748 1338 operationes,
770 1273 891 1324 modum
909 1269 953 1318 ittui
973 1296 975 1315 ι

170 1345 298 1405 oravero,
314 1346 344 1396 ur
360 1361 366 1397 ι
382 1364 396 1396 ι
414 1347 505 1398 susum
515 1347 624 1411 srupuus
641 1346 724 1410 unipes
734 1344 795 1396 uam
808 1346 867 1409 ιρι.
880 1360 893 1391 ε
906 1343 953 1402 εει
973 1320 975 1385 ι

166 1412 257 1476 justitia
277 1429 322 1466 uon
344 1420 379 1466 εει
399 1418 473 1468 sotum
490 1418 549 1467 cirea
573 1429 601 1468 ea
619 1429 668 1481 qum
689 1418 743 1466 snat
760 1417 789 1466 ad
806 1417 908 1474 numu,
922 1410 953 1461 soi

169 1485 238 1535 ettam
252 1487 310 1538 eirea
323 1500 351 1538 ea
364 1501 414 1550 que
426 1491 479 1538 sunt
493 1489 521 1538 ad
532 1488 643 1551 seipsum.

201 1559 244 1610 Sed
261 1561 338 1610 oontra
357 1561 404 1618 εει,
426 1559 486 1622 quod
501 1559 586 1609 'tullios
603 1558 658 1609 dicit
676 1557 702 1608 in
719 1558 729 1607 Ι
745 1557 783 1608 De
804 1558 890 1623 offic„
906 1554 953 1618 quoi

172 1630 289 1695 «justitie
312 1643 339 1682 ea
354 1631 410 1680 ratio
426 1634 463 1682 εει
473 1669 480 1692 ,
492 1644 536 1695 qua
547 1629 644 1680 societas
658 1628 777 1680 hominum
795 1629 857 1681 inter
869 1628 926 1693 ipsos
938 1632 954 1673 et

171 1702 223 1754 vitae
244 1701 393 1754 communitas
408 1703 575 1752 continetur.»
596 1701 640 1751 sed
660 1701 704 1751 tuoe
716 1699 826 1765 importat
842 1703 954 1764 respectum

172 1774 199 1823 ad
218 1774 321 1825 atterum.
338 1773 396 1836 Ergo
409 1773 501 1836 justitia
524 1776 560 1823 εει
578 1772 652 1823 sotum
670 1772 730 1822 eirea
749 1785 778 1823 ea
794 1786 847 1837 que
870 1775 920 1823 nunt
937 1768 956 1816 ει

172 1845 276 1896 aiterum.
972 1868 973 1903 ρ

205 1915 359 1981 (Coroneam.
368 1915 463 1966 -Cum
476 1915 568 1979 justitia
582 1914 733 1976 equalitatem
747 1914 869 1978 importet,
881 1925 957 1975 semper
972 1916 973 1923 ’

173 1990 202 2039 ad
222 1989 316 2037 atterum
336 1991 383 2051 est3
400 2001 429 2038 er
443 1985 589 2038 translatione
604 1989 680 2036 autem
698 1985 797 2050 alicujus
810 1987 841 2036 ad
859 1986 955 2051 seipsum.

171 2059 260 2122 justitia
276 2071 327 2108 esse
346 2061 450 2122 potest.)

205 2129 337 2192 Respondeo
347 2129 482 2191 dicendum,
492 2128 553 2192 qnod
565 2128 623 2178 sieut
631 2127 700 2191 supr-i
710 2127 797 2178 dietum
809 2133 846 2180 est
860 2129 909 2194 (t),
919 2137 958 2176 rum

173 2212 257 2250 nomen
270 2199 365 2262 justitio
382 2200 531 2264 moralitatem
546 2199 667 2264 importet,
680 2212 710 2250 ex
729 2212 771 2249 sua
784 2199 875 2252 ratione
884 2200 959 2264 justini

174 2271 243 2322 habet
256 2270 316 2334 quod
329 2271 359 2320 sit
372 2271 401 2320 ad
419 2271 532 2334 alterum3
548 2271 604 2320 nituit
617 2270 679 2321 enim
700 2273 738 2320 eat
753 2270 799 2321 sibi
819 2273 905 2336 uquute
914 2307 920 2329 ,
930 2264 959 2315 :ui

174 2341 248 2392 alteri.
257 2343 285 2392 Et
296 2341 350 2406 quia
360 2342 388 2391 ad
398 2341 515 2406 justitiam
523 2342 625 2405 pertinet
637 2343 701 2391 actos
712 2342 826 2392 humanos
839 2342 958 2393 amnicum.

174 2417 200 2464 ut
212 2413 297 2463 dictum
310 2417 361 2476 est,
376 2425 469 2464 neeesse
486 2415 594 2478 estquod
609 2413 726 2477 equalitas
738 2411 784 2462 ista
796 2426 867 2477 quam
881 2412 958 2475 requur
972 2408 974 2443 ἑ

172 2484 273 2548 justitia,
288 2485 318 2534 sit
334 2485 477 2552 diversorum
492 2497 559 2548 agere
566 2485 700 2549 potentium.
713 2483 820 2535 Actiones
834 2489 910 2535 autern
921 2486 959 2530 suu

175 2556 343 2620 suppositorum
355 2559 379 2606 et
392 2559 504 2620 ιειοερεε,
519 2569 566 2607 non
580 2560 670 2618 autem,
685 2553 776 2619 proprie
787 2555 910 2619 loquendo,
922 2563 960 2615 pfl·

174 2626 231 2678 tium
243 2630 266 2678 et
278 2628 400 2678 formarum
412 2640 453 2678 seu
466 2628 632 2691 potentiarum
646 2639 692 2677 non
705 2625 769 2678 enim
784 2626 878 2690 proprie
893 2624 960 2675 dium

208 2778 319 2846 (titum
339 2783 435 2829 artiemo
464 2781 596 2828 immediato
622 2781 774 2840 ρειεεεεεειις
793 2783 842 2826 tum
864 2793 903 2841 qu.
922 2773 959 2823 ιι,

175 2853 220 2894 ert.
237 2845 297 2908 ιβ
316 2845 382 2902 otte
398 2851 446 2891 tuni
462 2844 572 2907 etiami,
587 2843 801 2907 2,qu.118,ut.
816 2841 842 2890 i.
