1992 3317
131 141 176 185 tto
258 143 511 192 sustinuissemus,
529 140 622 188 onnes.
639 144 677 193 ιι,
694 142 749 181 ιιι.
768 142 803 180 ιιι.

425 301 583 351 runcones
599 302 638 350 lii.

333 418 419 463 Utrnim
428 417 533 463 deretini
541 416 590 461 rint
600 416 727 461 tolerandi.

168 538 201 589 itd
214 538 305 588 tertium
326 536 360 585 sic
372 534 501 599 proceditur
516 532 560 597 (t).
575 532 668 583 Videtur
681 532 741 596 qudd
761 528 868 583 heretici
887 538 946 585 sunt

138 608 256 659 tolerandi.
268 607 395 658 Diciteuim
410 605 532 669 Apostolus
545 606 575 655 11.
589 604 752 662 adsimila,
765 604 784 654 ii
799 620 804 653 :
816 607 947 657 usserium

136 679 176 730 bei
189 682 279 743 oportet
298 680 443 727 mansuetum
458 690 525 737 esse,
537 688 588 725 cum
602 674 713 725 modestia
725 674 892 739 corripientem
904 690 946 727 eos
991 676 992 713 t

137 751 177 814 qui
193 748 301 800 resistunt
314 748 420 811 ueritati3
435 748 569 810 nequando
586 747 625 796 det
636 741 681 795 iltis
700 742 858 809 poeniteutiam
873 748 945 799 Deus

138 822 167 871 ad
178 820 358 883 cognoscendum
369 818 497 881 vannum,
509 821 532 869 ct
544 816 676 881 resipiscant
692 816 705 867 d
718 812 806 879 laqueis
820 817 919 868 diaboii.
929 834 944 865 ιι

138 892 182 944 sed
195 892 215 942 si
228 890 329 942 heretici
342 903 386 940 non
401 890 534 953 tolerantur,
550 888 590 939 sed
606 888 672 939 morti
689 889 817 951 traduntur,
835 888 946 940 aufertur
992 894 993 931 t

139 963 172 1015 ets
185 963 279 1015 iaouttss
292 961 425 1027 penitendi.
438 962 498 1024 Ergo
510 962 553 1011 hoc
570 958 659 1010 uidetur
672 972 722 1011 esse
739 962 819 1010 contra
831 974 944 1025 praeoep-
992 970 993 997 ³

139 1041 188 1087 tum
202 1035 311 1099 dprstoti.

171 1112 195 1157 2.
210 1110 335 1165 Praeterea,
349 1104 406 1153 illud
427 1104 487 1166 quod
505 1102 539 1154 est
555 1102 708 1154 necessarium
723 1102 747 1153 in
765 1098 884 1167 Ecclesia,
909 1108 947 1156 est

140 1179 290 1229 tolerandum.
306 1176 351 1225 Sed
365 1177 465 1225 hareses
482 1179 536 1225 suut
553 1173 685 1225 necessario
704 1174 728 1223 in
747 1171 867 1237 Ecclesia3
886 1172 947 1227 dicit
993 1204 994 1211 ι

140 1250 202 1300 enim
212 1248 332 1312 Apostolus
344 1246 361 1296 1.
376 1246 412 1295 ud
423 1254 489 1309 oon,
505 1247 525 1295 11
536 1262 541 1295 :
552 1247 665 1310 «Oportet
676 1247 776 1297 haereses
787 1258 845 1309 esse,
861 1251 893 1297 ut
906 1244 949 1311 qni

141 1321 229 1385 probati
247 1322 313 1381 sunt,
328 1318 442 1368 manifesti
459 1318 516 1368 dunt
529 1318 554 1367 in
576 1318 649 1369 uobis.
664 1334 678 1365 ιι
696 1318 754 1381 Ergo
767 1316 858 1367 uidetur
879 1314 945 1383 quod

142 1389 241 1441 baeretici
256 1394 308 1439 suut
322 1389 441 1439 tolerandi.

175 1462 326 1523 &Praetereo
335 1459 444 1510 Dominus
458 1458 575 1509 mandavit
588 1458 758 1522 Morta..x111‚
771 1459 844 1509 seruis
855 1462 910 1512 suis
923 1466 950 1511 ut
994 1476 995 1501 t

146 1531 231 1583 zizania
249 1531 349 1582 sinerent
358 1545 460 1583 crescere
475 1544 545 1594 nsque
559 1530 587 1581 ad
598 1543 709 1592 messem,
720 1544 771 1595 qun
785 1530 889 1581 ostonis
903 1546 950 1583 sre-

53 1636 56 1641 -
145 1603 208 1666 coti,
221 1606 248 1653 ut
264 1603 349 1654 ibidem
361 1603 489 1667 exponitur.
507 1602 550 1651 Sed
566 1614 607 1666 per
625 1602 711 1651 nnania
726 1600 884 1664 significantur
900 1604 952 1655 bae-

145 1675 220 1736 retici,
234 1676 358 1727 secundum
370 1674 535 1739 expositionem
546 1676 683 1724 sanctmum.
698 1674 757 1736 Ergo
769 1670 878 1725 heretici
893 1680 950 1725 sunt

146 1745 265 1798 tolerandi.

136 1854 141 1861 .
178 1818 223 1869 Sed
237 1821 313 1869 contra
326 1814 442 1880 est‚q‘udd
451 1810 572 1880 Apostolus
586 1814 641 1867 dicit
650 1810 685 1865 od
699 1816 795 1871 Titum,
806 1813 858 1865 111:
873 1834 889 1865 u
898 1814 950 1868 Ha·

147 1888 242 1939 reticum
254 1887 368 1939 bominem
381 1891 433 1951 post
447 1887 544 1951 primam
555 1891 578 1937 et
588 1888 708 1938 secundam
724 1886 897 1951 eorreptionem
911 1888 944 1952 (ι)

149 1958 240 2021 devita,
255 1957 331 2009 sciens
343 1955 397 2023 quia
409 1959 532 2008 subversus
542 1963 577 2009 est
590 1957 629 2021 qui
642 1957 772 2021 huiusmodi
782 1961 825 2009 est.
837 1974 853 2004 ιι

182 2029 523 2092 (duumuiro-Quanquam
534 2028 635 2079 baeretici
650 2028 760 2078 tolerandi
772 2042 818 2079 non
833 2028 886 2077 sint
901 2029 954 2093 ipso

149 2098 238 2149 iliorum
259 2100 382 2162 demerito,
399 2113 471 2163 usque
493 2104 571 2151 tamen
593 2100 622 2149 ad
640 2100 761 2165 secundam
779 2099 953 2163 correptionem

150 2170 284 2232 expectandi
302 2173 369 2231 sunt,
380 2174 406 2220 ut
423 2171 451 2220 ad
469 2183 548 2219 sanam
566 2170 658 2219 redeant
676 2166 782 2217 sunosio
802 2167 889 2231 fidem3
908 2171 950 2234 qui

151 2239 205 2291 verd
219 2247 272 2303 post
282 2241 405 2291 secundam
417 2238 581 2305 coneptionem
592 2239 615 2287 in
629 2251 671 2289 suo
683 2250 756 2289 errore
773 2238 886 2291 obstinati
898 2256 950 2305 per-

186 2390 216 2453 it)
233 2394 266 2438 oe
285 2394 321 2438 his
341 2392 634 2452 otiam1V‚Sant.,dist.
655 2391 693 2450 1³,
707 2403 747 2449 qu.
767 2392 791 2451 2,
805 2398 850 2441 art.
876 2394 908 2449 13
926 2401 949 2439 et

153 2455 278 2512 Quodir'b„
289 2457 323 2515 Χ,
335 2460 379 2501 art.
395 2454 434 2500 15.

185 2521 219 2587 (ἢ)
235 2528 279 2571 seu
293 2525 496 2577 admonitionem,
511 2540 539 2572 ex
551 2539 625 2585 greco
638 2529 763 2593 uniretur,
777 2525 840 2582 quod
853 2539 958 2573 conmo-

153 2599 271 2644 nr'tn'onenr
285 2601 306 2641 et
324 2596 462 2643 doctrinarum
473 2599 527 2643 eine
540 2599 708 2657 increpatione
722 2597 852 2657 siginificat,
869 2599 955 2644 Hiero-

154 2670 236 2718 nymus
248 2664 314 2704 notat
327 2660 359 2704 ibi
370 2693 375 2718 ,
388 2667 414 2705 et
428 2660 490 2705 idom
503 2666 585 2721 sonat,
601 2673 631 2706 ac,
647 2661 666 2705 st
680 2659 743 2705 dicas
760 2672 847 2717 ponere
866 2660 892 2705 in
907 2662 953 2706 aii-

152 2725 314 2779 esturmenta
338 2723 400 2779 qnod
422 2723 556 2781 persuades.
581 2726 616 2770 Ex
639 2734 686 2779 qno
709 2722 845 2779 intelligitur
864 2722 952 2769 biunde

155 2783 251 2839 primum
270 2797 297 2831 ac
316 2786 428 2841 patienter
444 2798 495 2831 esse
516 2786 689 2842 admonendos,
706 2790 830 2841 antequam
845 2786 953 2830 severius

154 2848 190 2892 ael
204 2847 416 2894 dconuincentibus
429 2854 562 2907 arguantur,
578 2848 613 2893 vet
628 2848 641 2891 d
654 2846 752 2903 praetatis
766 2845 904 2904 puniuntur.
