<?xml version="1.0" encoding="UTF-8"?>
<!DOCTYPE html PUBLIC "-//W3C//DTD XHTML 1.0 Transitional//EN"
    "http://www.w3.org/TR/xhtml1/DTD/xhtml1-transitional.dtd">
<html xmlns="http://www.w3.org/1999/xhtml" xml:lang="en" lang="en">
 <head>
  <title>
</title>
<meta http-equiv="Content-Type" content="text/html;charset=utf-8" />
  <meta name='ocr-system' content='tesseract 3.04.00' />
  <meta name='ocr-capabilities' content='ocr_page ocr_carea ocr_par ocr_line ocrx_word'/>
</head>
<body>
  <div class='ocr_page' id='page_1' title='image "./summatheologica03nicogoog_0082.png"; bbox 0 0 1992 3317; ppageno 0'>
   <div class='ocr_carea' id='block_1_1' title="bbox 323 208 879 256">
    <p class='ocr_par' dir='ltr' id='par_1_1' title="bbox 323 208 879 256">
     <span class='ocr_line' id='line_1_1' title="bbox 323 208 879 256; baseline 0.014 -9"><span class='ocrx_word' id='word_1_1' title='bbox 323 210 355 247; x_wconf 81' lang='lat' dir='ltr'><strong>ua</strong></span> <span class='ocrx_word' id='word_1_2' title='bbox 369 211 515 251; x_wconf 76' lang='lat' dir='ltr'><strong>nurucrrnus</strong></span> <span class='ocrx_word' id='word_1_3' title='bbox 529 214 632 253; x_wconf 75' lang='lat' dir='ltr'><strong>cutura,</strong></span> <span class='ocrx_word' id='word_1_4' title='bbox 849 208 879 256; x_wconf 75' lang='lat'><strong>⁷7</strong></span> 
     </span>
    </p>
   </div>
   <div class='ocr_carea' id='block_1_2' title="bbox 73 282 937 571">
    <p class='ocr_par' dir='ltr' id='par_1_2' title="bbox 73 282 937 571">
     <span class='ocr_line' id='line_1_2' title="bbox 76 282 878 357; baseline 0.019 -25"><span class='ocrx_word' id='word_1_5' title='bbox 76 282 115 334; x_wconf 87' lang='lat' dir='ltr'><strong>troc</strong></span> <span class='ocrx_word' id='word_1_6' title='bbox 125 282 226 337; x_wconf 77' lang='lat' dir='ltr'><strong>ddcmus</strong></span> <span class='ocrx_word' id='word_1_7' title='bbox 239 288 303 352; x_wconf 85' lang='lat' dir='ltr'><strong>quod</strong></span> <span class='ocrx_word' id='word_1_8' title='bbox 319 292 406 351; x_wconf 82' lang='lat' dir='ltr'><strong>quanto</strong></span> <span class='ocrx_word' id='word_1_9' title='bbox 420 289 492 340; x_wconf 83' lang='lat' dir='ltr'><strong>virtus</strong></span> <span class='ocrx_word' id='word_1_10' title='bbox 511 292 599 353; x_wconf 80' lang='lat' dir='ltr'><strong>agentis</strong></span> <span class='ocrx_word' id='word_1_11' title='bbox 616 292 796 357; x_wconf 72' lang='lat' dir='ltr'><strong>introfertur,</strong></span> <span class='ocrx_word' id='word_1_12' title='bbox 812 297 878 347; x_wconf 90' lang='lat' dir='ltr'><strong>tauto</strong></span> 
     </span>
     <span class='ocr_line' id='line_1_3' title="bbox 75 358 879 430; baseline 0.014 -25"><span class='ocrx_word' id='word_1_13' title='bbox 75 358 161 407; x_wconf 83' lang='lat' dir='ltr'><strong>materia</strong></span> <span class='ocrx_word' id='word_1_14' title='bbox 172 359 240 410; x_wconf 86' lang='lat' dir='ltr'><strong>citius</strong></span> <span class='ocrx_word' id='word_1_15' title='bbox 252 358 394 424; x_wconf 78' lang='lat' dir='ltr'>disponitur.</span> <span class='ocrx_word' id='word_1_16' title='bbox 409 362 466 411; x_wconf 87' lang='lat' dir='ltr'><strong>Cum</strong></span> <span class='ocrx_word' id='word_1_17' title='bbox 481 361 548 425; x_wconf 77' lang='lat' dir='ltr'><strong>igitur</strong></span> <span class='ocrx_word' id='word_1_18' title='bbox 562 364 634 413; x_wconf 85' lang='lat' dir='ltr'><strong>virtus</strong></span> <span class='ocrx_word' id='word_1_19' title='bbox 645 364 722 414; x_wconf 85' lang='lat' dir='ltr'><strong>diviua</strong></span> <span class='ocrx_word' id='word_1_20' title='bbox 734 364 765 415; x_wconf 87' lang='lat' dir='ltr'><strong>sit</strong></span> <span class='ocrx_word' id='word_1_21' title='bbox 776 366 879 430; x_wconf 81' lang='lat' dir='ltr'><strong>intuita,</strong></span> 
     </span>
     <span class='ocr_line' id='line_1_4' title="bbox 73 430 880 499; baseline 0.011 -23"><span class='ocrx_word' id='word_1_22' title='bbox 73 430 141 488; x_wconf 85' lang='lat' dir='ltr'><strong>potest</strong></span> <span class='ocrx_word' id='word_1_23' title='bbox 151 443 320 495; x_wconf 82' lang='lat' dir='ltr'><strong>quamcumque</strong></span> <span class='ocrx_word' id='word_1_24' title='bbox 333 431 457 481; x_wconf 78' lang='lat' dir='ltr'>materiam</span> <span class='ocrx_word' id='word_1_25' title='bbox 469 436 567 483; x_wconf 64' lang='lat' dir='ltr'><strong>erenum</strong></span> <span class='ocrx_word' id='word_1_26' title='bbox 577 434 654 484; x_wconf 84' lang='lat' dir='ltr'><strong>subito</strong></span> <span class='ocrx_word' id='word_1_27' title='bbox 663 436 784 499; x_wconf 82' lang='lat' dir='ltr'>disponere</span> <span class='ocrx_word' id='word_1_28' title='bbox 796 438 823 487; x_wconf 91' lang='lat' dir='ltr'><strong>ad</strong></span> <span class='ocrx_word' id='word_1_29' title='bbox 832 437 880 487; x_wconf 82' lang='lat' dir='ltr'><strong>tur-</strong></span> 
     </span>
     <span class='ocr_line' id='line_1_5' title="bbox 73 489 937 571; baseline 0.015 -25"><span class='ocrx_word' id='word_1_30' title='bbox 73 511 136 562; x_wconf 88' lang='lat' dir='ltr'><strong>mam,</strong></span> <span class='ocrx_word' id='word_1_31' title='bbox 150 504 173 551; x_wconf 85' lang='lat' dir='ltr'><strong>et</strong></span> <span class='ocrx_word' id='word_1_32' title='bbox 187 502 258 553; x_wconf 88' lang='lat' dir='ltr'><strong>mutto</strong></span> <span class='ocrx_word' id='word_1_33' title='bbox 269 503 345 566; x_wconf 80' lang='lat' dir='ltr'><strong>magis</strong></span> <span class='ocrx_word' id='word_1_34' title='bbox 356 502 455 553; x_wconf 83' lang='lat' dir='ltr'><strong>libcrurn</strong></span> <span class='ocrx_word' id='word_1_35' title='bbox 469 504 584 554; x_wconf 73' lang='lat' dir='ltr'><strong>arbitrium</strong></span> <span class='ocrx_word' id='word_1_36' title='bbox 597 506 710 567; x_wconf 87' lang='lat' dir='ltr'><strong>bominis,</strong></span> <span class='ocrx_word' id='word_1_37' title='bbox 723 507 791 571; x_wconf 82' lang='lat' dir='ltr'><strong>cujus</strong></span> <span class='ocrx_word' id='word_1_38' title='bbox 802 511 878 559; x_wconf 82' lang='lat' dir='ltr'><strong>mutue</strong></span> <span class='ocrx_word' id='word_1_39' title='bbox 903 489 937 523; x_wconf 53' lang='lat' dir='ltr'><em>s</em></span> 
     </span>
    </p>
   </div>
   <div class='ocr_carea' id='block_1_3' title="bbox 69 573 879 997">
    <p class='ocr_par' dir='ltr' id='par_1_3' title="bbox 69 573 879 709">
     <span class='ocr_line' id='line_1_6' title="bbox 72 573 879 642; baseline 0.012 -23"><span class='ocrx_word' id='word_1_40' title='bbox 72 574 140 631; x_wconf 84' lang='lat' dir='ltr'><strong>potest</strong></span> <span class='ocrx_word' id='word_1_41' title='bbox 155 585 206 623; x_wconf 79' lang='lat' dir='ltr'><strong>esse</strong></span> <span class='ocrx_word' id='word_1_42' title='bbox 219 574 384 624; x_wconf 77' lang='lat' dir='ltr'><strong>instantaneus</strong></span> <span class='ocrx_word' id='word_1_43' title='bbox 402 574 528 623; x_wconf 86' lang='lat' dir='ltr'><strong>secundum</strong></span> <span class='ocrx_word' id='word_1_44' title='bbox 543 579 648 626; x_wconf 86' lang='lat' dir='ltr'><strong>naturam</strong></span> <span class='ocrx_word' id='word_1_45' title='bbox 668 590 741 629; x_wconf 78' lang='lat' dir='ltr'><strong>suain.</strong></span> <span class='ocrx_word' id='word_1_46' title='bbox 757 578 794 628; x_wconf 87' lang='lat' dir='ltr'><strong>Sic</strong></span> <span class='ocrx_word' id='word_1_47' title='bbox 810 573 879 642; x_wconf 80' lang='lat' dir='ltr'><strong>igitur</strong></span> 
     </span>
     <span class='ocr_line' id='line_1_7' title="bbox 69 640 562 709; baseline 0.012 -20"><span class='ocrx_word' id='word_1_48' title='bbox 69 640 194 702; x_wconf 77' lang='lat' dir='ltr'><strong>justificatio</strong></span> <span class='ocrx_word' id='word_1_49' title='bbox 207 645 276 709; x_wconf 88' lang='lat' dir='ltr'><strong>impii</strong></span> <span class='ocrx_word' id='word_1_50' title='bbox 291 646 317 695; x_wconf 87' lang='lat' dir='ltr'><strong>dt</strong></span> <span class='ocrx_word' id='word_1_51' title='bbox 331 644 347 694; x_wconf 75' lang='lat' dir='ltr'><strong>a</strong></span> <span class='ocrx_word' id='word_1_52' title='bbox 361 646 409 695; x_wconf 83' lang='lat' dir='ltr'><strong>Deo</strong></span> <span class='ocrx_word' id='word_1_53' title='bbox 422 646 447 693; x_wconf 90' lang='lat' dir='ltr'><strong>in</strong></span> <span class='ocrx_word' id='word_1_54' title='bbox 460 644 562 695; x_wconf 85' lang='lat' dir='ltr'><strong>instanti.</strong></span> 
     </span>
    </p>

    <p class='ocr_par' dir='ltr' id='par_1_4' title="bbox 71 714 879 997">
     <span class='ocr_line' id='line_1_8' title="bbox 99 714 878 786; baseline 0.009 -23"><span class='ocrx_word' id='word_1_55' title='bbox 99 714 129 763; x_wconf 83' lang='lat' dir='ltr'><strong>to</strong></span> <span class='ocrx_word' id='word_1_56' title='bbox 143 716 241 779; x_wconf 88' lang='lat' dir='ltr'><strong>primum</strong></span> <span class='ocrx_word' id='word_1_57' title='bbox 258 730 315 781; x_wconf 81' lang='lat' dir='ltr'><strong>ergo</strong></span> <span class='ocrx_word' id='word_1_58' title='bbox 332 714 469 779; x_wconf 87' lang='lat' dir='ltr'><strong>dicendum,</strong></span> <span class='ocrx_word' id='word_1_59' title='bbox 487 716 547 779; x_wconf 88' lang='lat' dir='ltr'><strong>qobd</strong></span> <span class='ocrx_word' id='word_1_60' title='bbox 564 721 638 768; x_wconf 91' lang='lat' dir='ltr'><strong>mutus</strong></span> <span class='ocrx_word' id='word_1_61' title='bbox 652 718 718 769; x_wconf 89' lang='lat' dir='ltr'><strong>liberi</strong></span> <span class='ocrx_word' id='word_1_62' title='bbox 735 720 824 771; x_wconf 82' lang='lat' dir='ltr'><strong>arbitrii</strong></span> <span class='ocrx_word' id='word_1_63' title='bbox 838 721 878 786; x_wconf 88' lang='lat' dir='ltr'><strong>qui</strong></span> 
     </span>
     <span class='ocr_line' id='line_1_9' title="bbox 72 788 879 852; baseline 0.012 -18"><span class='ocrx_word' id='word_1_64' title='bbox 72 788 176 837; x_wconf 77' lang='lat' dir='ltr'><strong>concurrit</strong></span> <span class='ocrx_word' id='word_1_65' title='bbox 187 790 216 839; x_wconf 88' lang='lat' dir='ltr'><strong>ad</strong></span> <span class='ocrx_word' id='word_1_66' title='bbox 231 788 425 852; x_wconf 79' lang='lat' dir='ltr'><strong>justificationem</strong></span> <span class='ocrx_word' id='word_1_67' title='bbox 440 788 504 851; x_wconf 89' lang='lat' dir='ltr'><strong>impii</strong></span> <span class='ocrx_word' id='word_1_68' title='bbox 525 793 561 839; x_wconf 88' lang='lat' dir='ltr'><strong>est</strong></span> <span class='ocrx_word' id='word_1_69' title='bbox 577 804 703 841; x_wconf 84' lang='lat' dir='ltr'><strong>cousensus</strong></span> <span class='ocrx_word' id='word_1_70' title='bbox 717 793 744 842; x_wconf 91' lang='lat' dir='ltr'><strong>ad</strong></span> <span class='ocrx_word' id='word_1_71' title='bbox 762 794 879 844; x_wconf 86' lang='lat' dir='ltr'><strong>detestan-</strong></span> 
     </span>
     <span class='ocr_line' id='line_1_10' title="bbox 71 859 879 925; baseline 0.011 -20"><span class='ocrx_word' id='word_1_72' title='bbox 71 859 117 907; x_wconf 89' lang='lat' dir='ltr'><strong>dum</strong></span> <span class='ocrx_word' id='word_1_73' title='bbox 130 864 249 923; x_wconf 85' lang='lat' dir='ltr'><strong>peccatum</strong></span> <span class='ocrx_word' id='word_1_74' title='bbox 265 862 290 909; x_wconf 87' lang='lat' dir='ltr'><strong>et</strong></span> <span class='ocrx_word' id='word_1_75' title='bbox 310 860 339 909; x_wconf 89' lang='lat' dir='ltr'><strong>ad</strong></span> <span class='ocrx_word' id='word_1_76' title='bbox 350 860 506 909; x_wconf 84' lang='lat' dir='ltr'><strong>accedendum</strong></span> <span class='ocrx_word' id='word_1_77' title='bbox 519 863 547 911; x_wconf 87' lang='lat' dir='ltr'><strong>ad</strong></span> <span class='ocrx_word' id='word_1_78' title='bbox 559 862 647 921; x_wconf 81' lang='lat' dir='ltr'><strong>Deum,</strong></span> <span class='ocrx_word' id='word_1_79' title='bbox 659 861 699 925; x_wconf 80' lang='lat' dir='ltr'><strong>qui</strong></span> <span class='ocrx_word' id='word_1_80' title='bbox 716 860 808 925; x_wconf 76' lang='lat' dir='ltr'><strong>uiridem</strong></span> <span class='ocrx_word' id='word_1_81' title='bbox 822 878 879 915; x_wconf 87' lang='lat' dir='ltr'><strong>cou-</strong></span> 
     </span>
     <span class='ocr_line' id='line_1_11' title="bbox 72 929 879 997; baseline 0.009 -21"><span class='ocrx_word' id='word_1_82' title='bbox 72 942 145 978; x_wconf 74' lang='lat' dir='ltr'><strong>scmus</strong></span> <span class='ocrx_word' id='word_1_83' title='bbox 158 931 234 981; x_wconf 89' lang='lat' dir='ltr'><strong>subito</strong></span> <span class='ocrx_word' id='word_1_84' title='bbox 251 931 287 980; x_wconf 85' lang='lat' dir='ltr'><strong>tit.</strong></span> <span class='ocrx_word' id='word_1_85' title='bbox 303 929 424 993; x_wconf 81' lang='lat' dir='ltr'><strong>Contingit</strong></span> <span class='ocrx_word' id='word_1_86' title='bbox 445 934 520 980; x_wconf 87' lang='lat' dir='ltr'><strong>autem</strong></span> <span class='ocrx_word' id='word_1_87' title='bbox 536 932 673 995; x_wconf 79' lang='lat' dir='ltr'><strong>quaudoque</strong></span> <span class='ocrx_word' id='word_1_88' title='bbox 690 934 751 995; x_wconf 88' lang='lat' dir='ltr'><strong>quod</strong></span> <span class='ocrx_word' id='word_1_89' title='bbox 770 934 879 997; x_wconf 71' lang='lat' dir='ltr'><strong>procedit</strong></span> 
     </span>
    </p>
   </div>
   <div class='ocr_carea' id='block_1_4' title="bbox 73 994 914 1068">
    <p class='ocr_par' dir='ltr' id='par_1_5' title="bbox 73 994 914 1068">
     <span class='ocr_line' id='line_1_12' title="bbox 73 994 914 1068; baseline 0.013 -23"><span class='ocrx_word' id='word_1_90' title='bbox 73 999 139 1062; x_wconf 87' lang='lat' dir='ltr'><strong>ntiqua</strong></span> <span class='ocrx_word' id='word_1_91' title='bbox 153 1002 299 1065; x_wconf 81' lang='lat' dir='ltr'><strong>deliberatio,</strong></span> <span class='ocrx_word' id='word_1_92' title='bbox 309 1016 361 1065; x_wconf 80' lang='lat' dir='ltr'><strong>quac</strong></span> <span class='ocrx_word' id='word_1_93' title='bbox 370 1014 417 1052; x_wconf 88' lang='lat' dir='ltr'><strong>non</strong></span> <span class='ocrx_word' id='word_1_94' title='bbox 427 1004 463 1051; x_wconf 82' lang='lat' dir='ltr'><strong>ost</strong></span> <span class='ocrx_word' id='word_1_95' title='bbox 472 1002 503 1052; x_wconf 86' lang='lat' dir='ltr'><strong>de</strong></span> <span class='ocrx_word' id='word_1_96' title='bbox 510 1001 637 1053; x_wconf 78' lang='lat' dir='ltr'><strong>substantia</strong></span> <span class='ocrx_word' id='word_1_97' title='bbox 644 1003 827 1068; x_wconf 75' lang='lat' dir='ltr'><strong>justificationis,</strong></span> <span class='ocrx_word' id='word_1_98' title='bbox 837 1006 878 1056; x_wconf 84' lang='lat' dir='ltr'><strong>sed</strong></span> <span class='ocrx_word' id='word_1_99' title='bbox 891 994 914 1016; x_wconf 47' lang='grc' dir='ltr'><strong><em>υ</em></strong></span> 
     </span>
    </p>
   </div>
   <div class='ocr_carea' id='block_1_5' title="bbox 62 1068 879 2987">
    <p class='ocr_par' dir='ltr' id='par_1_6' title="bbox 71 1068 878 1207">
     <span class='ocr_line' id='line_1_13' title="bbox 74 1068 878 1135; baseline 0.011 -19"><span class='ocrx_word' id='word_1_100' title='bbox 74 1068 105 1117; x_wconf 85' lang='lat' dir='ltr'><strong>via</strong></span> <span class='ocrx_word' id='word_1_101' title='bbox 118 1070 348 1135; x_wconf 69' lang='lat' dir='ltr'><strong>injustificanonem</strong></span> <span class='ocrx_word' id='word_1_102' title='bbox 364 1090 370 1121; x_wconf 81' lang='lat' dir='ltr'>z</span> <span class='ocrx_word' id='word_1_103' title='bbox 386 1072 448 1123; x_wconf 87' lang='lat' dir='ltr'><strong>sicut</strong></span> <span class='ocrx_word' id='word_1_104' title='bbox 465 1077 539 1124; x_wconf 83' lang='lat' dir='ltr'><strong>motus</strong></span> <span class='ocrx_word' id='word_1_105' title='bbox 556 1072 634 1123; x_wconf 81' lang='lat' dir='ltr'><strong>locatis</strong></span> <span class='ocrx_word' id='word_1_106' title='bbox 650 1076 686 1122; x_wconf 89' lang='lat' dir='ltr'><strong>est</strong></span> <span class='ocrx_word' id='word_1_107' title='bbox 698 1073 736 1122; x_wconf 80' lang='lat' dir='ltr'><strong>via</strong></span> <span class='ocrx_word' id='word_1_108' title='bbox 753 1075 781 1124; x_wconf 88' lang='lat' dir='ltr'><strong>ad</strong></span> <span class='ocrx_word' id='word_1_109' title='bbox 795 1075 878 1125; x_wconf 88' lang='lat' dir='ltr'><strong>illumi·</strong></span> 
     </span>
     <span class='ocr_line' id='line_1_14' title="bbox 71 1141 585 1207; baseline 0.006 -18"><span class='ocrx_word' id='word_1_110' title='bbox 71 1141 194 1207; x_wconf 79' lang='lat' dir='ltr'><strong>radonem,</strong></span> <span class='ocrx_word' id='word_1_111' title='bbox 206 1148 230 1195; x_wconf 86' lang='lat' dir='ltr'><strong>et</strong></span> <span class='ocrx_word' id='word_1_112' title='bbox 242 1144 348 1195; x_wconf 82' lang='lat' dir='ltr'><strong>alteratio</strong></span> <span class='ocrx_word' id='word_1_113' title='bbox 361 1145 391 1193; x_wconf 89' lang='lat' dir='ltr'><strong>ad</strong></span> <span class='ocrx_word' id='word_1_114' title='bbox 404 1144 585 1207; x_wconf 82' lang='lat' dir='ltr'><strong>generationem.</strong></span> 
     </span>
    </p>

    <p class='ocr_par' dir='ltr' id='par_1_7' title="bbox 64 1213 879 2060">
     <span class='ocr_line' id='line_1_15' title="bbox 99 1213 879 1279; baseline 0.009 -17"><span class='ocrx_word' id='word_1_115' title='bbox 99 1213 129 1263; x_wconf 85' lang='lat' dir='ltr'><strong>to</strong></span> <span class='ocrx_word' id='word_1_116' title='bbox 149 1216 276 1265; x_wconf 87' lang='lat' dir='ltr'><strong>secundum</strong></span> <span class='ocrx_word' id='word_1_117' title='bbox 292 1215 432 1278; x_wconf 83' lang='lat' dir='ltr'><strong>dicendum,</strong></span> <span class='ocrx_word' id='word_1_118' title='bbox 452 1216 512 1279; x_wconf 87' lang='lat' dir='ltr'><strong>quod</strong></span> <span class='ocrx_word' id='word_1_119' title='bbox 529 1216 589 1265; x_wconf 85' lang='lat' dir='ltr'><strong>sicut</strong></span> <span class='ocrx_word' id='word_1_120' title='bbox 606 1213 719 1279; x_wconf 82' lang='lat' dir='ltr'><strong>imprimo</strong></span> <span class='ocrx_word' id='word_1_121' title='bbox 736 1216 821 1266; x_wconf 83' lang='lat' dir='ltr'><strong>dictum</strong></span> <span class='ocrx_word' id='word_1_122' title='bbox 842 1222 879 1269; x_wconf 88' lang='lat' dir='ltr'><strong>est</strong></span> 
     </span>
     <span class='ocr_line' id='line_1_16' title="bbox 72 1285 876 1352; baseline 0.005 -19"><span class='ocrx_word' id='word_1_123' title='bbox 72 1285 124 1346; x_wconf 76' lang='lat' dir='ltr'><strong>[qu.</strong></span> <span class='ocrx_word' id='word_1_124' title='bbox 140 1290 185 1347; x_wconf 82' lang='lat'><strong>85,</strong></span> <span class='ocrx_word' id='word_1_125' title='bbox 202 1290 248 1335; x_wconf 89' lang='lat' dir='ltr'><strong>art.</strong></span> <span class='ocrx_word' id='word_1_126' title='bbox 263 1286 307 1350; x_wconf 82' lang='lat' dir='ltr'><strong>t),</strong></span> <span class='ocrx_word' id='word_1_127' title='bbox 322 1286 380 1336; x_wconf 81' lang='lat' dir='ltr'><strong>nituit</strong></span> <span class='ocrx_word' id='word_1_128' title='bbox 398 1287 506 1350; x_wconf 86' lang='lat' dir='ltr'><strong>prohibet</strong></span> <span class='ocrx_word' id='word_1_129' title='bbox 518 1288 563 1337; x_wconf 90' lang='lat' dir='ltr'><strong>duo</strong></span> <span class='ocrx_word' id='word_1_130' title='bbox 582 1286 651 1337; x_wconf 85' lang='lat' dir='ltr'><strong>simul</strong></span> <span class='ocrx_word' id='word_1_131' title='bbox 667 1286 795 1352; x_wconf 82' lang='lat' dir='ltr'><strong>intelligere</strong></span> <span class='ocrx_word' id='word_1_132' title='bbox 810 1291 876 1349; x_wconf 88' lang='lat' dir='ltr'><strong>actu,</strong></span> 
     </span>
     <span class='ocr_line' id='line_1_17' title="bbox 70 1357 878 1423; baseline 0.007 -21"><span class='ocrx_word' id='word_1_133' title='bbox 70 1357 185 1407; x_wconf 72' lang='lat' dir='ltr'><strong>secuudum</strong></span> <span class='ocrx_word' id='word_1_134' title='bbox 198 1359 261 1423; x_wconf 85' lang='lat' dir='ltr'><strong>quod</strong></span> <span class='ocrx_word' id='word_1_135' title='bbox 277 1361 332 1408; x_wconf 88' lang='lat' dir='ltr'><strong>sunt</strong></span> <span class='ocrx_word' id='word_1_136' title='bbox 345 1358 513 1421; x_wconf 87' lang='lat' dir='ltr'><strong>quodammodo</strong></span> <span class='ocrx_word' id='word_1_137' title='bbox 523 1372 604 1410; x_wconf 86' lang='lat' dir='ltr'><strong>unum.</strong></span> <span class='ocrx_word' id='word_1_138' title='bbox 624 1358 689 1408; x_wconf 84' lang='lat' dir='ltr'><strong>Sicut</strong></span> <span class='ocrx_word' id='word_1_139' title='bbox 708 1358 775 1409; x_wconf 87' lang='lat' dir='ltr'><strong>simut</strong></span> <span class='ocrx_word' id='word_1_140' title='bbox 790 1358 878 1409; x_wconf 86' lang='lat' dir='ltr'><strong>intelli-</strong></span> 
     </span>
     <span class='ocr_line' id='line_1_18' title="bbox 71 1425 877 1493; baseline 0.006 -19"><span class='ocrx_word' id='word_1_141' title='bbox 71 1425 137 1486; x_wconf 70' lang='lat' dir='ltr'><strong>pinus</strong></span> <span class='ocrx_word' id='word_1_142' title='bbox 150 1428 285 1491; x_wconf 86' lang='lat' dir='ltr'><strong>subjectum</strong></span> <span class='ocrx_word' id='word_1_143' title='bbox 300 1432 325 1479; x_wconf 85' lang='lat' dir='ltr'><strong>et</strong></span> <span class='ocrx_word' id='word_1_144' title='bbox 335 1429 496 1492; x_wconf 72' lang='lat' dir='ltr'><strong>predicatum,</strong></span> <span class='ocrx_word' id='word_1_145' title='bbox 510 1429 536 1479; x_wconf 92' lang='lat' dir='ltr'><strong>iu</strong></span> <span class='ocrx_word' id='word_1_146' title='bbox 548 1434 659 1493; x_wconf 85' lang='lat' dir='ltr'><strong>quantum</strong></span> <span class='ocrx_word' id='word_1_147' title='bbox 670 1429 780 1479; x_wconf 89' lang='lat' dir='ltr'><strong>uniuntur</strong></span> <span class='ocrx_word' id='word_1_148' title='bbox 795 1428 821 1478; x_wconf 90' lang='lat' dir='ltr'><strong>in</strong></span> <span class='ocrx_word' id='word_1_149' title='bbox 837 1442 877 1479; x_wconf 86' lang='lat' dir='ltr'><strong>or-</strong></span> 
     </span>
     <span class='ocr_line' id='line_1_19' title="bbox 70 1497 879 1563; baseline 0.006 -19"><span class='ocrx_word' id='word_1_150' title='bbox 70 1497 116 1547; x_wconf 87' lang='lat' dir='ltr'><strong>dine</strong></span> <span class='ocrx_word' id='word_1_151' title='bbox 130 1500 292 1551; x_wconf 82' lang='lat' dir='ltr'><strong>affirmationis</strong></span> <span class='ocrx_word' id='word_1_152' title='bbox 301 1500 385 1563; x_wconf 82' lang='lat' dir='ltr'><strong>unius3</strong></span> <span class='ocrx_word' id='word_1_153' title='bbox 399 1503 423 1549; x_wconf 88' lang='lat' dir='ltr'><strong>et</strong></span> <span class='ocrx_word' id='word_1_154' title='bbox 434 1512 475 1563; x_wconf 88' lang='lat' dir='ltr'><strong>per</strong></span> <span class='ocrx_word' id='word_1_155' title='bbox 491 1502 595 1551; x_wconf 85' lang='lat' dir='ltr'><strong>eumdem</strong></span> <span class='ocrx_word' id='word_1_156' title='bbox 606 1505 694 1551; x_wconf 89' lang='lat' dir='ltr'><strong>motum</strong></span> <span class='ocrx_word' id='word_1_157' title='bbox 706 1499 803 1550; x_wconf 83' lang='lat' dir='ltr'><strong>liborum</strong></span> <span class='ocrx_word' id='word_1_158' title='bbox 818 1500 879 1550; x_wconf 87' lang='lat' dir='ltr'><strong>arbi-</strong></span> 
     </span>
     <span class='ocr_line' id='line_1_20' title="bbox 72 1568 878 1635; baseline 0.007 -20"><span class='ocrx_word' id='word_1_159' title='bbox 72 1568 132 1618; x_wconf 86' lang='lat' dir='ltr'><strong>trium</strong></span> <span class='ocrx_word' id='word_1_160' title='bbox 153 1574 231 1635; x_wconf 80' lang='lat' dir='ltr'><strong>potest</strong></span> <span class='ocrx_word' id='word_1_161' title='bbox 248 1571 274 1620; x_wconf 92' lang='lat' dir='ltr'><strong>iu</strong></span> <span class='ocrx_word' id='word_1_162' title='bbox 295 1572 340 1621; x_wconf 88' lang='lat' dir='ltr'><strong>duo</strong></span> <span class='ocrx_word' id='word_1_163' title='bbox 366 1570 436 1621; x_wconf 87' lang='lat' dir='ltr'><strong>simul</strong></span> <span class='ocrx_word' id='word_1_164' title='bbox 454 1571 555 1631; x_wconf 82' lang='lat' dir='ltr'><strong>moveri,</strong></span> <span class='ocrx_word' id='word_1_165' title='bbox 577 1570 703 1621; x_wconf 83' lang='lat' dir='ltr'><strong>secuudum</strong></span> <span class='ocrx_word' id='word_1_166' title='bbox 724 1572 786 1635; x_wconf 85' lang='lat' dir='ltr'><strong>quod</strong></span> <span class='ocrx_word' id='word_1_167' title='bbox 805 1585 878 1621; x_wconf 89' lang='lat' dir='ltr'><strong>uuum</strong></span> 
     </span>
     <span class='ocr_line' id='line_1_21' title="bbox 69 1640 877 1705; baseline 0.004 -17"><span class='ocrx_word' id='word_1_168' title='bbox 69 1640 183 1691; x_wconf 87' lang='lat' dir='ltr'><strong>ordinatur</strong></span> <span class='ocrx_word' id='word_1_169' title='bbox 203 1642 229 1692; x_wconf 89' lang='lat' dir='ltr'><strong>in</strong></span> <span class='ocrx_word' id='word_1_170' title='bbox 246 1642 317 1695; x_wconf 85' lang='lat' dir='ltr'><strong>aliud.</strong></span> <span class='ocrx_word' id='word_1_171' title='bbox 332 1644 409 1693; x_wconf 86' lang='lat' dir='ltr'><strong>Motus</strong></span> <span class='ocrx_word' id='word_1_172' title='bbox 430 1645 505 1691; x_wconf 74' lang='lat' dir='ltr'><strong>andern</strong></span> <span class='ocrx_word' id='word_1_173' title='bbox 525 1642 590 1692; x_wconf 87' lang='lat' dir='ltr'><strong>tiberi</strong></span> <span class='ocrx_word' id='word_1_174' title='bbox 609 1642 698 1692; x_wconf 83' lang='lat' dir='ltr'><strong>arbitrii</strong></span> <span class='ocrx_word' id='word_1_175' title='bbox 714 1641 739 1691; x_wconf 93' lang='lat' dir='ltr'><strong>iu</strong></span> <span class='ocrx_word' id='word_1_176' title='bbox 757 1646 877 1705; x_wconf 86' lang='lat' dir='ltr'><strong>peecatum</strong></span> 
     </span>
     <span class='ocr_line' id='line_1_22' title="bbox 67 1711 878 1776; baseline 0.004 -17"><span class='ocrx_word' id='word_1_177' title='bbox 67 1711 180 1762; x_wconf 84' lang='lat' dir='ltr'><strong>ordinatur</strong></span> <span class='ocrx_word' id='word_1_178' title='bbox 193 1714 223 1763; x_wconf 90' lang='lat' dir='ltr'><strong>ad</strong></span> <span class='ocrx_word' id='word_1_179' title='bbox 237 1717 326 1763; x_wconf 88' lang='lat' dir='ltr'><strong>motum</strong></span> <span class='ocrx_word' id='word_1_180' title='bbox 340 1713 409 1763; x_wconf 85' lang='lat' dir='ltr'><strong>tiberi</strong></span> <span class='ocrx_word' id='word_1_181' title='bbox 424 1711 510 1771; x_wconf 84' lang='lat' dir='ltr'><strong>arbitrii</strong></span> <span class='ocrx_word' id='word_1_182' title='bbox 522 1713 547 1763; x_wconf 91' lang='lat' dir='ltr'><strong>iu</strong></span> <span class='ocrx_word' id='word_1_183' title='bbox 557 1715 639 1775; x_wconf 69' lang='lat' dir='ltr'><strong>Deum</strong></span> <span class='ocrx_word' id='word_1_184' title='bbox 649 1714 744 1776; x_wconf 87' lang='lat' dir='ltr'><strong>propter</strong></span> <span class='ocrx_word' id='word_1_185' title='bbox 756 1713 800 1764; x_wconf 87' lang='lat' dir='ltr'><strong>boc</strong></span> <span class='ocrx_word' id='word_1_186' title='bbox 814 1713 878 1762; x_wconf 87' lang='lat' dir='ltr'><strong>enim</strong></span> 
     </span>
     <span class='ocr_line' id='line_1_23' title="bbox 65 1782 877 1849; baseline 0.004 -18"><span class='ocrx_word' id='word_1_187' title='bbox 65 1783 191 1834; x_wconf 77' lang='lat' dir='ltr'><strong>detestatur</strong></span> <span class='ocrx_word' id='word_1_188' title='bbox 207 1789 342 1849; x_wconf 83' lang='lat' dir='ltr'><strong>peccatum,</strong></span> <span class='ocrx_word' id='word_1_189' title='bbox 358 1785 414 1849; x_wconf 87' lang='lat' dir='ltr'><strong>quia</strong></span> <span class='ocrx_word' id='word_1_190' title='bbox 429 1786 465 1833; x_wconf 86' lang='lat' dir='ltr'><strong>est</strong></span> <span class='ocrx_word' id='word_1_191' title='bbox 477 1787 556 1835; x_wconf 79' lang='lat' dir='ltr'><strong>contra</strong></span> <span class='ocrx_word' id='word_1_192' title='bbox 572 1786 662 1847; x_wconf 82' lang='lat' dir='ltr'><strong>Deum,</strong></span> <span class='ocrx_word' id='word_1_193' title='bbox 675 1782 713 1833; x_wconf 88' lang='lat' dir='ltr'><strong>cui</strong></span> <span class='ocrx_word' id='word_1_194' title='bbox 730 1783 779 1832; x_wconf 87' lang='lat' dir='ltr'><strong>vuit</strong></span> <span class='ocrx_word' id='word_1_195' title='bbox 794 1784 877 1834; x_wconf 82' lang='lat' dir='ltr'><strong>adtrac-</strong></span> 
     </span>
     <span class='ocr_line' id='line_1_24' title="bbox 66 1852 877 1919; baseline 0.004 -18"><span class='ocrx_word' id='word_1_196' title='bbox 66 1867 123 1903; x_wconf 87' lang='lat' dir='ltr'><strong>rcre.</strong></span> <span class='ocrx_word' id='word_1_197' title='bbox 142 1856 172 1905; x_wconf 86' lang='lat' dir='ltr'><strong>Et</strong></span> <span class='ocrx_word' id='word_1_198' title='bbox 185 1854 240 1906; x_wconf 90' lang='lat' dir='ltr'><strong>ideo</strong></span> <span class='ocrx_word' id='word_1_199' title='bbox 254 1856 353 1908; x_wconf 88' lang='lat' dir='ltr'><strong>liberum</strong></span> <span class='ocrx_word' id='word_1_200' title='bbox 375 1854 494 1905; x_wconf 86' lang='lat' dir='ltr'><strong>arbitrium</strong></span> <span class='ocrx_word' id='word_1_201' title='bbox 508 1854 533 1905; x_wconf 91' lang='lat' dir='ltr'><strong>in</strong></span> <span class='ocrx_word' id='word_1_202' title='bbox 548 1854 713 1919; x_wconf 80' lang='lat' dir='ltr'><strong>justificatione</strong></span> <span class='ocrx_word' id='word_1_203' title='bbox 726 1852 793 1917; x_wconf 90' lang='lat' dir='ltr'><strong>impii</strong></span> <span class='ocrx_word' id='word_1_204' title='bbox 807 1854 877 1904; x_wconf 86' lang='lat' dir='ltr'><strong>simul</strong></span> 
     </span>
     <span class='ocr_line' id='line_1_25' title="bbox 64 1925 877 1991; baseline 0.005 -20"><span class='ocrx_word' id='word_1_205' title='bbox 64 1925 189 1975; x_wconf 67' lang='lat' dir='ltr'><strong>detentam</strong></span> <span class='ocrx_word' id='word_1_206' title='bbox 208 1930 345 1991; x_wconf 74' lang='lat' dir='ltr'><strong>peterten,</strong></span> <span class='ocrx_word' id='word_1_207' title='bbox 360 1930 385 1977; x_wconf 91' lang='lat' dir='ltr'><strong>et</strong></span> <span class='ocrx_word' id='word_1_208' title='bbox 404 1926 519 1975; x_wconf 85' lang='lat' dir='ltr'><strong>convertit</strong></span> <span class='ocrx_word' id='word_1_209' title='bbox 533 1939 558 1977; x_wconf 82' lang='lat' dir='ltr'><strong>sc</strong></span> <span class='ocrx_word' id='word_1_210' title='bbox 576 1926 689 1977; x_wconf 76' lang='lat' dir='ltr'><strong>addeum</strong></span> <span class='ocrx_word' id='word_1_211' title='bbox 704 1942 709 1975; x_wconf 89' lang='lat'><strong>:</strong></span> <span class='ocrx_word' id='word_1_212' title='bbox 724 1926 785 1975; x_wconf 87' lang='lat' dir='ltr'><strong>sicut</strong></span> <span class='ocrx_word' id='word_1_213' title='bbox 807 1925 877 1977; x_wconf 84' lang='lat' dir='ltr'><strong>etiam</strong></span> 
     </span>
     <span class='ocr_line' id='line_1_26' title="bbox 66 1997 770 2060; baseline 0.003 -15"><span class='ocrx_word' id='word_1_214' title='bbox 66 2009 147 2060; x_wconf 81' lang='lat' dir='ltr'><strong>eorpus</strong></span> <span class='ocrx_word' id='word_1_215' title='bbox 158 1997 228 2046; x_wconf 86' lang='lat' dir='ltr'><strong>simul</strong></span> <span class='ocrx_word' id='word_1_216' title='bbox 242 1998 372 2049; x_wconf 83' lang='lat' dir='ltr'><strong>recedendo</strong></span> <span class='ocrx_word' id='word_1_217' title='bbox 389 1998 419 2047; x_wconf 87' lang='lat' dir='ltr'><strong>ab</strong></span> <span class='ocrx_word' id='word_1_218' title='bbox 430 2009 478 2046; x_wconf 89' lang='lat' dir='ltr'><strong>uno</strong></span> <span class='ocrx_word' id='word_1_219' title='bbox 493 1998 542 2049; x_wconf 88' lang='lat' dir='ltr'><strong>toro</strong></span> <span class='ocrx_word' id='word_1_220' title='bbox 553 1997 641 2047; x_wconf 88' lang='lat' dir='ltr'><strong>accedit</strong></span> <span class='ocrx_word' id='word_1_221' title='bbox 652 1998 680 2047; x_wconf 91' lang='lat' dir='ltr'><strong>ad</strong></span> <span class='ocrx_word' id='word_1_222' title='bbox 691 1997 770 2047; x_wconf 85' lang='lat' dir='ltr'><strong>atium.</strong></span> 
     </span>
    </p>

    <p class='ocr_par' dir='ltr' id='par_1_8' title="bbox 63 2066 879 2417">
     <span class='ocr_line' id='line_1_27' title="bbox 95 2066 878 2133; baseline 0 -17"><span class='ocrx_word' id='word_1_223' title='bbox 95 2068 129 2117; x_wconf 81' lang='lat' dir='ltr'><strong>td</strong></span> <span class='ocrx_word' id='word_1_224' title='bbox 148 2067 243 2118; x_wconf 80' lang='lat' dir='ltr'><strong>tertium</strong></span> <span class='ocrx_word' id='word_1_225' title='bbox 259 2066 394 2131; x_wconf 88' lang='lat' dir='ltr'><strong>dicendum,</strong></span> <span class='ocrx_word' id='word_1_226' title='bbox 412 2066 474 2131; x_wconf 78' lang='lat' dir='ltr'><strong>quod</strong></span> <span class='ocrx_word' id='word_1_227' title='bbox 487 2081 533 2118; x_wconf 92' lang='lat' dir='ltr'><strong>non</strong></span> <span class='ocrx_word' id='word_1_228' title='bbox 546 2072 582 2118; x_wconf 86' lang='lat' dir='ltr'><strong>est</strong></span> <span class='ocrx_word' id='word_1_229' title='bbox 592 2068 649 2119; x_wconf 87' lang='lat' dir='ltr'><strong>ratio</strong></span> <span class='ocrx_word' id='word_1_230' title='bbox 663 2082 735 2133; x_wconf 70' lang='lat' dir='ltr'><strong>quare</strong></span> <span class='ocrx_word' id='word_1_231' title='bbox 747 2068 820 2118; x_wconf 87' lang='lat' dir='ltr'><strong>torma</strong></span> <span class='ocrx_word' id='word_1_232' title='bbox 836 2081 878 2117; x_wconf 88' lang='lat' dir='ltr'><strong>su-</strong></span> 
     </span>
     <span class='ocr_line' id='line_1_28' title="bbox 65 2137 879 2203; baseline 0.001 -16"><span class='ocrx_word' id='word_1_233' title='bbox 65 2137 111 2188; x_wconf 86' lang='lat' dir='ltr'><strong>bito</strong></span> <span class='ocrx_word' id='word_1_234' title='bbox 127 2139 154 2188; x_wconf 92' lang='lat' dir='ltr'><strong>in</strong></span> <span class='ocrx_word' id='word_1_235' title='bbox 174 2139 272 2189; x_wconf 88' lang='lat' dir='ltr'><strong>materia</strong></span> <span class='ocrx_word' id='word_1_236' title='bbox 294 2152 340 2189; x_wconf 90' lang='lat' dir='ltr'><strong>uou</strong></span> <span class='ocrx_word' id='word_1_237' title='bbox 355 2138 494 2203; x_wconf 84' lang='lat' dir='ltr'><strong>recipiatur,</strong></span> <span class='ocrx_word' id='word_1_238' title='bbox 509 2138 562 2202; x_wconf 83' lang='lat' dir='ltr'><strong>qruia</strong></span> <span class='ocrx_word' id='word_1_239' title='bbox 581 2138 653 2202; x_wconf 81' lang='lat' dir='ltr'><strong>magis</strong></span> <span class='ocrx_word' id='word_1_240' title='bbox 666 2142 690 2189; x_wconf 89' lang='lat' dir='ltr'><strong>et</strong></span> <span class='ocrx_word' id='word_1_241' title='bbox 705 2139 782 2189; x_wconf 84' lang='lat' dir='ltr'><strong>miuus</strong></span> <span class='ocrx_word' id='word_1_242' title='bbox 802 2142 879 2203; x_wconf 85' lang='lat' dir='ltr'><strong>potest</strong></span> 
     </span>
     <span class='ocr_line' id='line_1_29' title="bbox 63 2208 878 2273; baseline 0.002 -16"><span class='ocrx_word' id='word_1_243' title='bbox 63 2210 157 2273; x_wconf 76' lang='lat' dir='ltr'><strong>inesse,</strong></span> <span class='ocrx_word' id='word_1_244' title='bbox 175 2211 213 2261; x_wconf 86' lang='lat' dir='ltr'><strong>sic</strong></span> <span class='ocrx_word' id='word_1_245' title='bbox 229 2208 293 2261; x_wconf 85' lang='lat' dir='ltr'><strong>enim</strong></span> <span class='ocrx_word' id='word_1_246' title='bbox 311 2210 389 2261; x_wconf 88' lang='lat' dir='ltr'><strong>lumen</strong></span> <span class='ocrx_word' id='word_1_247' title='bbox 411 2222 459 2261; x_wconf 89' lang='lat' dir='ltr'><strong>non</strong></span> <span class='ocrx_word' id='word_1_248' title='bbox 477 2210 550 2260; x_wconf 84' lang='lat' dir='ltr'><strong>subito</strong></span> <span class='ocrx_word' id='word_1_249' title='bbox 568 2210 706 2273; x_wconf 85' lang='lat' dir='ltr'><strong>reciperetur</strong></span> <span class='ocrx_word' id='word_1_250' title='bbox 723 2209 750 2259; x_wconf 89' lang='lat' dir='ltr'><strong>in</strong></span> <span class='ocrx_word' id='word_1_251' title='bbox 769 2222 821 2259; x_wconf 85' lang='lat' dir='ltr'><strong>aere</strong></span> <span class='ocrx_word' id='word_1_252' title='bbox 837 2208 878 2272; x_wconf 86' lang='lat' dir='ltr'><strong>qui</strong></span> 
     </span>
     <span class='ocr_line' id='line_1_30' title="bbox 63 2280 878 2345; baseline -0.002 -13"><span class='ocrx_word' id='word_1_253' title='bbox 63 2286 138 2343; x_wconf 82' lang='lat' dir='ltr'><strong>potest</strong></span> <span class='ocrx_word' id='word_1_254' title='bbox 152 2281 229 2345; x_wconf 82' lang='lat' dir='ltr'><strong>magis</strong></span> <span class='ocrx_word' id='word_1_255' title='bbox 241 2286 267 2332; x_wconf 85' lang='lat' dir='ltr'><strong>et</strong></span> <span class='ocrx_word' id='word_1_256' title='bbox 282 2280 358 2332; x_wconf 88' lang='lat' dir='ltr'><strong>minus</strong></span> <span class='ocrx_word' id='word_1_257' title='bbox 369 2280 510 2345; x_wconf 77' lang='lat' dir='ltr'><strong>ittuminmi3</strong></span> <span class='ocrx_word' id='word_1_258' title='bbox 522 2282 563 2331; x_wconf 89' lang='lat' dir='ltr'><strong>sed</strong></span> <span class='ocrx_word' id='word_1_259' title='bbox 578 2281 637 2332; x_wconf 85' lang='lat' dir='ltr'><strong>ratio</strong></span> <span class='ocrx_word' id='word_1_260' title='bbox 651 2284 687 2331; x_wconf 88' lang='lat' dir='ltr'><strong>est</strong></span> <span class='ocrx_word' id='word_1_261' title='bbox 702 2280 837 2345; x_wconf 84' lang='lat' dir='ltr'><strong>accipienda</strong></span> <span class='ocrx_word' id='word_1_262' title='bbox 849 2294 878 2331; x_wconf 83' lang='lat' dir='ltr'><strong>ex</strong></span> 
     </span>
     <span class='ocr_line' id='line_1_31' title="bbox 64 2350 802 2417; baseline -0.003 -16"><span class='ocrx_word' id='word_1_263' title='bbox 64 2356 127 2413; x_wconf 86' lang='lat' dir='ltr'><strong>parte</strong></span> <span class='ocrx_word' id='word_1_264' title='bbox 142 2352 306 2417; x_wconf 75' lang='lat' dir='ltr'><strong>dispositionis</strong></span> <span class='ocrx_word' id='word_1_265' title='bbox 318 2352 421 2403; x_wconf 72' lang='lat' dir='ltr'><strong>materian</strong></span> <span class='ocrx_word' id='word_1_266' title='bbox 435 2350 473 2401; x_wconf 84' lang='lat' dir='ltr'><strong>vel</strong></span> <span class='ocrx_word' id='word_1_267' title='bbox 486 2351 604 2416; x_wconf 77' lang='lat' dir='ltr'><strong>subjecti,</strong></span> <span class='ocrx_word' id='word_1_268' title='bbox 617 2356 643 2401; x_wconf 88' lang='lat' dir='ltr'><strong>ut</strong></span> <span class='ocrx_word' id='word_1_269' title='bbox 656 2352 741 2403; x_wconf 89' lang='lat' dir='ltr'><strong>dictum</strong></span> <span class='ocrx_word' id='word_1_270' title='bbox 758 2355 802 2401; x_wconf 85' lang='lat' dir='ltr'><strong>est.</strong></span> 
     </span>
    </p>

    <p class='ocr_par' dir='ltr' id='par_1_9' title="bbox 62 2421 878 2899">
     <span class='ocr_line' id='line_1_32' title="bbox 97 2421 876 2487; baseline -0.001 -15"><span class='ocrx_word' id='word_1_271' title='bbox 97 2424 129 2473; x_wconf 86' lang='lat' dir='ltr'><strong>tt</strong></span> <span class='ocrx_word' id='word_1_272' title='bbox 138 2428 249 2487; x_wconf 79' lang='lat' dir='ltr'><strong>quartmn</strong></span> <span class='ocrx_word' id='word_1_273' title='bbox 258 2423 394 2487; x_wconf 84' lang='lat' dir='ltr'><strong>dicendum,</strong></span> <span class='ocrx_word' id='word_1_274' title='bbox 408 2422 470 2487; x_wconf 83' lang='lat' dir='ltr'><strong>quod</strong></span> <span class='ocrx_word' id='word_1_275' title='bbox 481 2423 506 2471; x_wconf 91' lang='lat' dir='ltr'><strong>in</strong></span> <span class='ocrx_word' id='word_1_276' title='bbox 520 2424 600 2474; x_wconf 84' lang='lat' dir='ltr'><strong>eodem</strong></span> <span class='ocrx_word' id='word_1_277' title='bbox 609 2423 703 2474; x_wconf 82' lang='lat' dir='ltr'><strong>instami</strong></span> <span class='ocrx_word' id='word_1_278' title='bbox 715 2421 740 2471; x_wconf 87' lang='lat' dir='ltr'><strong>iu</strong></span> <span class='ocrx_word' id='word_1_279' title='bbox 750 2435 796 2485; x_wconf 85' lang='lat' dir='ltr'><strong>quo</strong></span> <span class='ocrx_word' id='word_1_280' title='bbox 805 2422 876 2472; x_wconf 89' lang='lat' dir='ltr'><strong>torma</strong></span> 
     </span>
     <span class='ocr_line' id='line_1_33' title="bbox 63 2492 878 2559; baseline 0.002 -19"><span class='ocrx_word' id='word_1_281' title='bbox 63 2494 188 2557; x_wconf 85' lang='lat' dir='ltr'><strong>acquiritur</strong></span> <span class='ocrx_word' id='word_1_282' title='bbox 206 2494 292 2558; x_wconf 81' lang='lat' dir='ltr'><strong>incipit</strong></span> <span class='ocrx_word' id='word_1_283' title='bbox 307 2507 345 2545; x_wconf 82' lang='lat' dir='ltr'><strong>reu</strong></span> <span class='ocrx_word' id='word_1_284' title='bbox 361 2493 455 2559; x_wconf 83' lang='lat' dir='ltr'><strong>operari</strong></span> <span class='ocrx_word' id='word_1_285' title='bbox 470 2492 595 2545; x_wconf 80' lang='lat' dir='ltr'><strong>secundum</strong></span> <span class='ocrx_word' id='word_1_286' title='bbox 607 2495 702 2544; x_wconf 86' lang='lat' dir='ltr'><strong>turmam</strong></span> <span class='ocrx_word' id='word_1_287' title='bbox 717 2510 724 2541; x_wconf 73' lang='grc' dir='ltr'><strong>ι</strong></span> <span class='ocrx_word' id='word_1_288' title='bbox 739 2492 799 2542; x_wconf 87' lang='lat' dir='ltr'><strong>sieut</strong></span> <span class='ocrx_word' id='word_1_289' title='bbox 818 2492 878 2555; x_wconf 72' lang='lat' dir='ltr'><strong>ignis</strong></span> 
     </span>
     <span class='ocr_line' id='line_1_34' title="bbox 62 2564 878 2631; baseline 0 -19"><span class='ocrx_word' id='word_1_290' title='bbox 62 2565 141 2614; x_wconf 65' lang='lat' dir='ltr'><strong>atatim</strong></span> <span class='ocrx_word' id='word_1_291' title='bbox 156 2580 209 2615; x_wconf 86' lang='lat' dir='ltr'><strong>cnm</strong></span> <span class='ocrx_word' id='word_1_292' title='bbox 224 2570 262 2615; x_wconf 85' lang='lat' dir='ltr'><strong>cst</strong></span> <span class='ocrx_word' id='word_1_293' title='bbox 277 2569 417 2629; x_wconf 79' lang='lat' dir='ltr'><strong>generatus,</strong></span> <span class='ocrx_word' id='word_1_294' title='bbox 430 2567 537 2615; x_wconf 82' lang='lat' dir='ltr'><strong>moretm</strong></span> <span class='ocrx_word' id='word_1_295' title='bbox 551 2579 655 2624; x_wconf 69' lang='lat' dir='ltr'><strong>ameum</strong></span> <span class='ocrx_word' id='word_1_296' title='bbox 666 2569 689 2631; x_wconf 84' lang='lat' dir='ltr'><strong>et</strong></span> <span class='ocrx_word' id='word_1_297' title='bbox 698 2564 718 2614; x_wconf 86' lang='lat' dir='ltr'><strong>si</strong></span> <span class='ocrx_word' id='word_1_298' title='bbox 731 2569 809 2614; x_wconf 87' lang='lat' dir='ltr'><strong>motus</strong></span> <span class='ocrx_word' id='word_1_299' title='bbox 826 2564 878 2625; x_wconf 85' lang='lat' dir='ltr'><strong>ejus</strong></span> 
     </span>
     <span class='ocr_line' id='line_1_35' title="bbox 62 2633 877 2700; baseline -0.004 -16"><span class='ocrx_word' id='word_1_300' title='bbox 62 2638 126 2685; x_wconf 82' lang='lat' dir='ltr'><strong>asset</strong></span> <span class='ocrx_word' id='word_1_301' title='bbox 136 2636 310 2696; x_wconf 79' lang='lat' dir='ltr'><strong>instantaneus,</strong></span> <span class='ocrx_word' id='word_1_302' title='bbox 319 2637 432 2687; x_wconf 85' lang='lat' dir='ltr'><strong>incudem</strong></span> <span class='ocrx_word' id='word_1_303' title='bbox 441 2633 536 2685; x_wconf 81' lang='lat' dir='ltr'><strong>instanti</strong></span> <span class='ocrx_word' id='word_1_304' title='bbox 546 2636 703 2700; x_wconf 63' lang='lat' dir='ltr'><strong>compleretur.</strong></span> <span class='ocrx_word' id='word_1_305' title='bbox 715 2635 790 2685; x_wconf 87' lang='lat' dir='ltr'><strong>ttotus</strong></span> <span class='ocrx_word' id='word_1_306' title='bbox 799 2636 877 2683; x_wconf 81' lang='lat' dir='ltr'><strong>autam</strong></span> 
     </span>
     <span class='ocr_line' id='line_1_36' title="bbox 66 2704 878 2773; baseline -0.002 -20"><span class='ocrx_word' id='word_1_307' title='bbox 66 2706 132 2756; x_wconf 84' lang='lat' dir='ltr'><strong>liberi</strong></span> <span class='ocrx_word' id='word_1_308' title='bbox 147 2707 237 2757; x_wconf 88' lang='lat' dir='ltr'><strong>arbitrii</strong></span> <span class='ocrx_word' id='word_1_309' title='bbox 256 2706 296 2773; x_wconf 90' lang='lat' dir='ltr'><strong>qui</strong></span> <span class='ocrx_word' id='word_1_310' title='bbox 307 2712 343 2759; x_wconf 83' lang='lat' dir='ltr'><strong>cst</strong></span> <span class='ocrx_word' id='word_1_311' title='bbox 357 2708 429 2770; x_wconf 86' lang='lat' dir='ltr'><strong>velte,</strong></span> <span class='ocrx_word' id='word_1_312' title='bbox 442 2719 488 2756; x_wconf 91' lang='lat' dir='ltr'><strong>non</strong></span> <span class='ocrx_word' id='word_1_313' title='bbox 506 2710 543 2756; x_wconf 85' lang='lat' dir='ltr'><strong>est</strong></span> <span class='ocrx_word' id='word_1_314' title='bbox 556 2706 715 2765; x_wconf 78' lang='lat' dir='ltr'><strong>successivus,</strong></span> <span class='ocrx_word' id='word_1_315' title='bbox 735 2706 776 2755; x_wconf 83' lang='lat' dir='ltr'><strong>sad</strong></span> <span class='ocrx_word' id='word_1_316' title='bbox 790 2704 878 2753; x_wconf 83' lang='lat' dir='ltr'><strong>instan-</strong></span> 
     </span>
     <span class='ocr_line' id='line_1_37' title="bbox 64 2775 878 2843; baseline -0.007 -18"><span class='ocrx_word' id='word_1_317' title='bbox 64 2782 171 2829; x_wconf 78' lang='lat' dir='ltr'><strong>tauaua:</strong></span> <span class='ocrx_word' id='word_1_318' title='bbox 190 2784 215 2831; x_wconf 89' lang='lat' dir='ltr'><strong>et</strong></span> <span class='ocrx_word' id='word_1_319' title='bbox 228 2780 282 2830; x_wconf 83' lang='lat' dir='ltr'><strong>tdeo</strong></span> <span class='ocrx_word' id='word_1_320' title='bbox 299 2792 346 2830; x_wconf 92' lang='lat' dir='ltr'><strong>uon</strong></span> <span class='ocrx_word' id='word_1_321' title='bbox 364 2780 456 2843; x_wconf 84' lang='lat' dir='ltr'><strong>oportet</strong></span> <span class='ocrx_word' id='word_1_322' title='bbox 473 2779 533 2840; x_wconf 85' lang='lat' dir='ltr'><strong>quod</strong></span> <span class='ocrx_word' id='word_1_323' title='bbox 548 2777 684 2841; x_wconf 79' lang='lat' dir='ltr'><strong>justificatio</strong></span> <span class='ocrx_word' id='word_1_324' title='bbox 703 2775 769 2839; x_wconf 85' lang='lat' dir='ltr'><strong>impii</strong></span> <span class='ocrx_word' id='word_1_325' title='bbox 783 2775 814 2823; x_wconf 87' lang='lat' dir='ltr'><strong>sit</strong></span> <span class='ocrx_word' id='word_1_326' title='bbox 827 2787 878 2821; x_wconf 85' lang='lat' dir='ltr'><strong>suc-</strong></span> 
     </span>
     <span class='ocr_line' id='line_1_38' title="bbox 68 2862 167 2899; baseline 0.03 -3"><span class='ocrx_word' id='word_1_327' title='bbox 68 2862 167 2899; x_wconf 74' lang='lat' dir='ltr'><strong>casura.</strong></span> 
     </span>
    </p>

    <p class='ocr_par' dir='ltr' id='par_1_10' title="bbox 95 2911 870 2987">
     <span class='ocr_line' id='line_1_39' title="bbox 95 2911 870 2987; baseline -0.015 -16"><span class='ocrx_word' id='word_1_328' title='bbox 95 2919 132 2971; x_wconf 76' lang='lat' dir='ltr'><strong>Ad</strong></span> <span class='ocrx_word' id='word_1_329' title='bbox 142 2921 249 2985; x_wconf 82' lang='lat' dir='ltr'><strong>quintum</strong></span> <span class='ocrx_word' id='word_1_330' title='bbox 261 2920 390 2975; x_wconf 81' lang='lat' dir='ltr'><strong>dicendum</strong></span> <span class='ocrx_word' id='word_1_331' title='bbox 395 2958 403 2987; x_wconf 88' lang='lat'><em>,</em></span> <span class='ocrx_word' id='word_1_332' title='bbox 413 2918 476 2985; x_wconf 79' lang='lat' dir='ltr'><strong>quod</strong></span> <span class='ocrx_word' id='word_1_333' title='bbox 489 2919 603 2974; x_wconf 76' lang='lat' dir='ltr'><strong>samosato</strong></span> <span class='ocrx_word' id='word_1_334' title='bbox 614 2920 711 2971; x_wconf 88' lang='lat' dir='ltr'><strong>duorum</strong></span> <span class='ocrx_word' id='word_1_335' title='bbox 722 2911 870 2979; x_wconf 76' lang='lat' dir='ltr'><strong>opportuno</strong></span> 
     </span>
    </p>
   </div>
   <div class='ocr_carea' id='block_1_6' title="bbox 905 2457 934 2493">
    <p class='ocr_par' dir='ltr' id='par_1_11' title="bbox 905 2457 934 2493">
     <span class='ocr_line' id='line_1_40' title="bbox 905 2457 934 2493; baseline 0 0"><span class='ocrx_word' id='word_1_336' title='bbox 905 2457 934 2493; x_wconf 49' lang='grc' dir='ltr'><strong>Ἰλ</strong></span> 
     </span>
    </p>
   </div>
   <div class='ocr_carea' id='block_1_7' title="bbox 0 0 1000 3317">
    <p class='ocr_par' dir='ltr' id='par_1_12' title="bbox 0 0 1000 3317">
     <span class='ocr_line' id='line_1_41' title="bbox 0 0 1000 3317; baseline 0 2"><span class='ocrx_word' id='word_1_337' title='bbox 0 0 1000 3317; x_wconf 95' lang='lat' dir='ltr'><strong> </strong></span> 
     </span>
    </p>
   </div>
  </div>
 </body>
</html>
