<?xml version="1.0" encoding="UTF-8"?>
<!DOCTYPE html PUBLIC "-//W3C//DTD XHTML 1.0 Transitional//EN"
    "http://www.w3.org/TR/xhtml1/DTD/xhtml1-transitional.dtd">
<html xmlns="http://www.w3.org/1999/xhtml" xml:lang="en" lang="en">
 <head>
  <title>
</title>
<meta http-equiv="Content-Type" content="text/html;charset=utf-8" />
  <meta name='ocr-system' content='tesseract 3.04.00' />
  <meta name='ocr-capabilities' content='ocr_page ocr_carea ocr_par ocr_line ocrx_word'/>
</head>
<body>
  <div class='ocr_page' id='page_1' title='image "./summatheologica03nicogoog_0254.png"; bbox 0 0 1992 3317; ppageno 0'>
   <div class='ocr_carea' id='block_1_1' title="bbox 222 114 837 199">
    <p class='ocr_par' dir='ltr' id='par_1_1' title="bbox 222 114 837 199">
     <span class='ocr_line' id='line_1_1' title="bbox 222 114 837 199; baseline 0.002 -14"><span class='ocrx_word' id='word_1_1' title='bbox 222 147 275 185; x_wconf 59' lang='lat' dir='ltr'><strong>‘nn</strong></span> <span class='ocrx_word' id='word_1_2' title='bbox 289 144 455 185; x_wconf 73' lang='lat' dir='ltr'><strong>mannaan</strong></span> <span class='ocrx_word' id='word_1_3' title='bbox 470 122 496 184; x_wconf 82' lang='grc' dir='ltr'><strong>ιιι</strong></span> <span class='ocrx_word' id='word_1_4' title='bbox 513 142 630 199; x_wconf 76' lang='lat' dir='ltr'><strong>comui.</strong></span> <span class='ocrx_word' id='word_1_5' title='bbox 791 114 837 187; x_wconf 72' lang='lat' dir='ltr'><strong>aaa</strong></span> 
     </span>
    </p>
   </div>
   <div class='ocr_carea' id='block_1_2' title="bbox 27 224 884 2652">
    <p class='ocr_par' dir='ltr' id='par_1_2' title="bbox 27 224 884 1924">
     <span class='ocr_line' id='line_1_2' title="bbox 27 224 839 291; baseline -0.005 -12"><span class='ocrx_word' id='word_1_6' title='bbox 27 237 51 279; x_wconf 85' lang='lat' dir='ltr'><strong>at</strong></span> <span class='ocrx_word' id='word_1_7' title='bbox 70 225 229 291; x_wconf 75' lang='lat' dir='ltr'>relinquerent</span> <span class='ocrx_word' id='word_1_8' title='bbox 250 224 313 288; x_wconf 81' lang='lat' dir='ltr'><strong>qood</strong></span> <span class='ocrx_word' id='word_1_9' title='bbox 327 224 462 288; x_wconf 79' lang='lat' dir='ltr'><strong>ignorantes</strong></span> <span class='ocrx_word' id='word_1_10' title='bbox 475 228 624 290; x_wconf 85' lang='lat' dir='ltr'><strong>susceperunt</strong></span> <span class='ocrx_word' id='word_1_11' title='bbox 641 241 646 275; x_wconf 76' lang='grc' dir='ltr'>ι</span> <span class='ocrx_word' id='word_1_12' title='bbox 662 226 721 291; x_wconf 82' lang='lat' dir='ltr'><strong>qaod</strong></span> <span class='ocrx_word' id='word_1_13' title='bbox 734 230 839 290; x_wconf 82' lang='lat' dir='ltr'><strong>uergeret</strong></span> 
     </span>
     <span class='ocr_line' id='line_1_3' title="bbox 27 296 837 364; baseline -0.002 -14"><span class='ocrx_word' id='word_1_14' title='bbox 27 303 49 351; x_wconf 82' lang='lat' dir='ltr'><strong>in</strong></span> <span class='ocrx_word' id='word_1_15' title='bbox 65 299 120 349; x_wconf 82' lang='lat' dir='ltr'><strong>fidei</strong></span> <span class='ocrx_word' id='word_1_16' title='bbox 132 298 309 349; x_wconf 77' lang='lat' dir='ltr'><strong>oemnemom.</strong></span> <span class='ocrx_word' id='word_1_17' title='bbox 324 297 376 346; x_wconf 80' lang='lat' dir='ltr'><strong>Alia</strong></span> <span class='ocrx_word' id='word_1_18' title='bbox 388 296 445 347; x_wconf 79' lang='lat' dir='ltr'><strong>uero</strong></span> <span class='ocrx_word' id='word_1_19' title='bbox 462 296 520 347; x_wconf 88' lang='lat' dir='ltr'><strong>ratio</strong></span> <span class='ocrx_word' id='word_1_20' title='bbox 532 300 567 347; x_wconf 86' lang='lat' dir='ltr'><strong>est</strong></span> <span class='ocrx_word' id='word_1_21' title='bbox 577 298 629 361; x_wconf 87' lang='lat' dir='ltr'><strong>qnia</strong></span> <span class='ocrx_word' id='word_1_22' title='bbox 645 302 756 363; x_wconf 74' lang='lat' dir='ltr'>repugnat</span> <span class='ocrx_word' id='word_1_23' title='bbox 767 297 837 364; x_wconf 82' lang='lat' dir='ltr'><strong>justi-</strong></span> 
     </span>
     <span class='ocr_line' id='line_1_4' title="bbox 28 367 837 436; baseline 0.001 -16"><span class='ocrx_word' id='word_1_24' title='bbox 28 379 62 421; x_wconf 74' lang='lat' dir='ltr'><strong>tia,</strong></span> <span class='ocrx_word' id='word_1_25' title='bbox 82 370 190 420; x_wconf 84' lang='lat' dir='ltr'><strong>naturali.</strong></span> <span class='ocrx_word' id='word_1_26' title='bbox 211 368 288 418; x_wconf 82' lang='lat' dir='ltr'><strong>Filius</strong></span> <span class='ocrx_word' id='word_1_27' title='bbox 311 367 373 417; x_wconf 89' lang='lat' dir='ltr'><strong>euim</strong></span> <span class='ocrx_word' id='word_1_28' title='bbox 394 368 529 417; x_wconf 75' lang='lat' dir='ltr'><strong>naturaliter</strong></span> <span class='ocrx_word' id='word_1_29' title='bbox 550 373 584 419; x_wconf 84' lang='lat' dir='ltr'><strong>est</strong></span> <span class='ocrx_word' id='word_1_30' title='bbox 606 370 689 435; x_wconf 80' lang='lat' dir='ltr'><strong>aliquid</strong></span> <span class='ocrx_word' id='word_1_31' title='bbox 706 370 784 436; x_wconf 89' lang='lat' dir='ltr'><strong>patris.</strong></span> <span class='ocrx_word' id='word_1_32' title='bbox 808 372 837 421; x_wconf 87' lang='lat' dir='ltr'><strong>Et</strong></span> 
     </span>
     <span class='ocr_line' id='line_1_5' title="bbox 28 438 836 509; baseline 0.004 -17"><span class='ocrx_word' id='word_1_33' title='bbox 28 442 101 507; x_wconf 88' lang='lat' dir='ltr'><strong>primd</strong></span> <span class='ocrx_word' id='word_1_34' title='bbox 116 441 210 505; x_wconf 80' lang='lat' dir='ltr'><strong>quidem</strong></span> <span class='ocrx_word' id='word_1_35' title='bbox 224 438 386 505; x_wconf 70' lang='lat' dir='ltr'><strong>apareutrlns</strong></span> <span class='ocrx_word' id='word_1_36' title='bbox 397 453 446 490; x_wconf 92' lang='lat' dir='ltr'><strong>non</strong></span> <span class='ocrx_word' id='word_1_37' title='bbox 461 440 591 505; x_wconf 82' lang='lat' dir='ltr'><strong>distingitur</strong></span> <span class='ocrx_word' id='word_1_38' title='bbox 607 444 730 493; x_wconf 89' lang='lat' dir='ltr'><strong>secundum</strong></span> <span class='ocrx_word' id='word_1_39' title='bbox 744 456 836 509; x_wconf 75' lang='lat' dir='ltr'><strong>corpur,</strong></span> 
     </span>
     <span class='ocr_line' id='line_1_6' title="bbox 29 511 835 578; baseline 0.002 -15"><span class='ocrx_word' id='word_1_40' title='bbox 29 514 138 578; x_wconf 79' lang='lat' dir='ltr'><strong>quamdin</strong></span> <span class='ocrx_word' id='word_1_41' title='bbox 152 513 178 561; x_wconf 93' lang='lat' dir='ltr'><strong>in</strong></span> <span class='ocrx_word' id='word_1_42' title='bbox 196 511 282 561; x_wconf 87' lang='lat' dir='ltr'><strong>matris</strong></span> <span class='ocrx_word' id='word_1_43' title='bbox 300 514 367 560; x_wconf 90' lang='lat' dir='ltr'><strong>utero</strong></span> <span class='ocrx_word' id='word_1_44' title='bbox 385 511 523 561; x_wconf 79' lang='lat' dir='ltr'><strong>continetur.</strong></span> <span class='ocrx_word' id='word_1_45' title='bbox 539 512 684 563; x_wconf 85' lang='lat' dir='ltr'><strong>Postmodum</strong></span> <span class='ocrx_word' id='word_1_46' title='bbox 700 513 753 564; x_wconf 78' lang='lat' dir='ltr'><strong>nord</strong></span> <span class='ocrx_word' id='word_1_47' title='bbox 773 518 835 578; x_wconf 83' lang='lat' dir='ltr'><strong>post-</strong></span> 
     </span>
     <span class='ocr_line' id='line_1_7' title="bbox 30 582 837 648; baseline 0.004 -15"><span class='ocrx_word' id='word_1_48' title='bbox 30 598 100 648; x_wconf 83' lang='lat' dir='ltr'><strong>quam</strong></span> <span class='ocrx_word' id='word_1_49' title='bbox 115 584 143 632; x_wconf 80' lang='lat' dir='ltr'><strong>alr</strong></span> <span class='ocrx_word' id='word_1_50' title='bbox 157 588 221 634; x_wconf 86' lang='lat' dir='ltr'><strong>utero</strong></span> <span class='ocrx_word' id='word_1_51' title='bbox 242 582 369 646; x_wconf 71' lang='lat' dir='ltr'><strong>egreditur,</strong></span> <span class='ocrx_word' id='word_1_52' title='bbox 389 588 511 646; x_wconf 72' lang='lat' dir='ltr'><strong>numquam</strong></span> <span class='ocrx_word' id='word_1_53' title='bbox 530 598 596 635; x_wconf 89' lang='lat' dir='ltr'><strong>usum</strong></span> <span class='ocrx_word' id='word_1_54' title='bbox 613 584 680 635; x_wconf 84' lang='lat' dir='ltr'><strong>liberi</strong></span> <span class='ocrx_word' id='word_1_55' title='bbox 695 586 781 635; x_wconf 84' lang='lat' dir='ltr'><strong>arbitrii</strong></span> <span class='ocrx_word' id='word_1_56' title='bbox 796 588 837 637; x_wconf 89' lang='lat' dir='ltr'><strong>ha·</strong></span> 
     </span>
     <span class='ocr_line' id='line_1_8' title="bbox 31 655 835 722; baseline 0.005 -19"><span class='ocrx_word' id='word_1_57' title='bbox 31 658 100 719; x_wconf 83' lang='lat' dir='ltr'><strong>lent,</strong></span> <span class='ocrx_word' id='word_1_58' title='bbox 119 656 248 706; x_wconf 78' lang='lat' dir='ltr'><strong>confinetur</strong></span> <span class='ocrx_word' id='word_1_59' title='bbox 262 655 306 704; x_wconf 88' lang='lat' dir='ltr'><strong>snb</strong></span> <span class='ocrx_word' id='word_1_60' title='bbox 320 657 441 718; x_wconf 88' lang='lat' dir='ltr'><strong>parentum</strong></span> <span class='ocrx_word' id='word_1_61' title='bbox 454 667 521 719; x_wconf 85' lang='lat' dir='ltr'><strong>cura,</strong></span> <span class='ocrx_word' id='word_1_62' title='bbox 540 655 598 707; x_wconf 83' lang='lat' dir='ltr'><strong>sicut</strong></span> <span class='ocrx_word' id='word_1_63' title='bbox 615 656 657 706; x_wconf 83' lang='lat' dir='ltr'><strong>sub</strong></span> <span class='ocrx_word' id='word_1_64' title='bbox 675 657 772 721; x_wconf 81' lang='lat' dir='ltr'><strong>quodam</strong></span> <span class='ocrx_word' id='word_1_65' title='bbox 788 658 835 722; x_wconf 90' lang='lat' dir='ltr'><strong>spi-</strong></span> 
     </span>
     <span class='ocr_line' id='line_1_9' title="bbox 32 725 835 792; baseline 0.002 -17"><span class='ocrx_word' id='word_1_66' title='bbox 32 726 106 777; x_wconf 82' lang='lat' dir='ltr'><strong>rituali</strong></span> <span class='ocrx_word' id='word_1_67' title='bbox 123 729 204 791; x_wconf 78' lang='lat' dir='ltr'><strong>utero,</strong></span> <span class='ocrx_word' id='word_1_68' title='bbox 217 725 330 791; x_wconf 84' lang='lat' dir='ltr'><strong>quamdiu</strong></span> <span class='ocrx_word' id='word_1_69' title='bbox 350 726 413 775; x_wconf 88' lang='lat' dir='ltr'><strong>enim</strong></span> <span class='ocrx_word' id='word_1_70' title='bbox 431 740 498 775; x_wconf 89' lang='lat' dir='ltr'><strong>usum</strong></span> <span class='ocrx_word' id='word_1_71' title='bbox 517 728 609 777; x_wconf 86' lang='lat' dir='ltr'><strong>rationis</strong></span> <span class='ocrx_word' id='word_1_72' title='bbox 627 741 674 778; x_wconf 91' lang='lat' dir='ltr'><strong>non</strong></span> <span class='ocrx_word' id='word_1_73' title='bbox 688 728 758 779; x_wconf 87' lang='lat' dir='ltr'><strong>habet</strong></span> <span class='ocrx_word' id='word_1_74' title='bbox 770 743 835 792; x_wconf 87' lang='lat' dir='ltr'><strong>puer,</strong></span> 
     </span>
     <span class='ocr_line' id='line_1_10' title="bbox 33 797 838 863; baseline 0.004 -15"><span class='ocrx_word' id='word_1_75' title='bbox 33 815 75 849; x_wconf 88' lang='lat' dir='ltr'><strong>non</strong></span> <span class='ocrx_word' id='word_1_76' title='bbox 87 800 163 849; x_wconf 88' lang='lat' dir='ltr'><strong>dillert</strong></span> <span class='ocrx_word' id='word_1_77' title='bbox 174 801 203 848; x_wconf 80' lang='lat' dir='ltr'><strong>alr</strong></span> <span class='ocrx_word' id='word_1_78' title='bbox 212 799 307 849; x_wconf 86' lang='lat' dir='ltr'><strong>animali</strong></span> <span class='ocrx_word' id='word_1_79' title='bbox 320 797 455 848; x_wconf 84' lang='lat' dir='ltr'><strong>irrationali.</strong></span> <span class='ocrx_word' id='word_1_80' title='bbox 465 800 528 848; x_wconf 83' lang='lat' dir='ltr'><strong>Unde</strong></span> <span class='ocrx_word' id='word_1_81' title='bbox 540 799 600 848; x_wconf 86' lang='lat' dir='ltr'><strong>sicut</strong></span> <span class='ocrx_word' id='word_1_82' title='bbox 615 799 657 850; x_wconf 86' lang='lat' dir='ltr'><strong>bos</strong></span> <span class='ocrx_word' id='word_1_83' title='bbox 671 801 707 849; x_wconf 88' lang='lat' dir='ltr'><strong>vel</strong></span> <span class='ocrx_word' id='word_1_84' title='bbox 717 814 788 863; x_wconf 85' lang='lat' dir='ltr'><strong>equus</strong></span> <span class='ocrx_word' id='word_1_85' title='bbox 803 804 838 851; x_wconf 90' lang='lat' dir='ltr'><strong>est</strong></span> 
     </span>
     <span class='ocr_line' id='line_1_11' title="bbox 33 869 835 937; baseline 0.005 -18"><span class='ocrx_word' id='word_1_86' title='bbox 33 872 131 931; x_wconf 74' lang='lat' dir='ltr'><strong>alicuius</strong></span> <span class='ocrx_word' id='word_1_87' title='bbox 145 874 174 919; x_wconf 88' lang='lat' dir='ltr'><strong>ut</strong></span> <span class='ocrx_word' id='word_1_88' title='bbox 194 872 271 920; x_wconf 84' lang='lat' dir='ltr'><strong>utatur</strong></span> <span class='ocrx_word' id='word_1_89' title='bbox 286 883 316 921; x_wconf 91' lang='lat' dir='ltr'><strong>eo</strong></span> <span class='ocrx_word' id='word_1_90' title='bbox 342 869 395 918; x_wconf 83' lang='lat' dir='ltr'><strong>crim</strong></span> <span class='ocrx_word' id='word_1_91' title='bbox 416 870 530 932; x_wconf 82' lang='lat' dir='ltr'><strong>uoluerit,</strong></span> <span class='ocrx_word' id='word_1_92' title='bbox 553 872 676 919; x_wconf 87' lang='lat' dir='ltr'><strong>seeundum</strong></span> <span class='ocrx_word' id='word_1_93' title='bbox 692 871 732 937; x_wconf 84' lang='lat' dir='ltr'><strong>jus</strong></span> <span class='ocrx_word' id='word_1_94' title='bbox 755 872 835 936; x_wconf 83' lang='lat' dir='ltr'><strong>ciuile,</strong></span> 
     </span>
     <span class='ocr_line' id='line_1_12' title="bbox 33 940 838 1005; baseline 0.006 -15"><span class='ocrx_word' id='word_1_95' title='bbox 33 943 92 990; x_wconf 84' lang='lat' dir='ltr'><strong>sicut</strong></span> <span class='ocrx_word' id='word_1_96' title='bbox 103 941 197 1005; x_wconf 83' lang='lat' dir='ltr'><strong>proprio</strong></span> <span class='ocrx_word' id='word_1_97' title='bbox 207 942 362 991; x_wconf 88' lang='lat' dir='ltr'><strong>instrumento</strong></span> <span class='ocrx_word' id='word_1_98' title='bbox 369 977 376 1003; x_wconf 82' lang='lat'><em>‚</em></span> <span class='ocrx_word' id='word_1_99' title='bbox 388 942 420 990; x_wconf 88' lang='lat' dir='ltr'><strong>ita</strong></span> <span class='ocrx_word' id='word_1_100' title='bbox 440 942 468 990; x_wconf 86' lang='lat' dir='ltr'><strong>de</strong></span> <span class='ocrx_word' id='word_1_101' title='bbox 482 942 535 1004; x_wconf 84' lang='lat' dir='ltr'><strong>jure</strong></span> <span class='ocrx_word' id='word_1_102' title='bbox 548 940 645 991; x_wconf 84' lang='lat' dir='ltr'><strong>naturali</strong></span> <span class='ocrx_word' id='word_1_103' title='bbox 660 944 764 1005; x_wconf 83' lang='lat' dir='ltr'><strong>estquod</strong></span> <span class='ocrx_word' id='word_1_104' title='bbox 777 942 838 995; x_wconf 87' lang='lat' dir='ltr'><strong>lilius</strong></span> 
     </span>
     <span class='ocr_line' id='line_1_13' title="bbox 33 1012 839 1075; baseline 0.005 -14"><span class='ocrx_word' id='word_1_105' title='bbox 33 1018 157 1075; x_wconf 74' lang='lat' dir='ltr'><strong>antequam</strong></span> <span class='ocrx_word' id='word_1_106' title='bbox 175 1014 257 1063; x_wconf 82' lang='lat' dir='ltr'><strong>lrabeat</strong></span> <span class='ocrx_word' id='word_1_107' title='bbox 276 1026 346 1062; x_wconf 88' lang='lat' dir='ltr'><strong>usum</strong></span> <span class='ocrx_word' id='word_1_108' title='bbox 360 1012 470 1074; x_wconf 88' lang='lat' dir='ltr'><strong>rationis,</strong></span> <span class='ocrx_word' id='word_1_109' title='bbox 492 1012 522 1061; x_wconf 88' lang='lat' dir='ltr'><strong>sit</strong></span> <span class='ocrx_word' id='word_1_110' title='bbox 539 1013 581 1063; x_wconf 89' lang='lat' dir='ltr'><strong>sub</strong></span> <span class='ocrx_word' id='word_1_111' title='bbox 597 1024 650 1063; x_wconf 90' lang='lat' dir='ltr'><strong>cara</strong></span> <span class='ocrx_word' id='word_1_112' title='bbox 669 1012 749 1075; x_wconf 85' lang='lat' dir='ltr'><strong>patris.</strong></span> <span class='ocrx_word' id='word_1_113' title='bbox 775 1014 839 1065; x_wconf 88' lang='lat' dir='ltr'><strong>Unde</strong></span> 
     </span>
     <span class='ocr_line' id='line_1_14' title="bbox 32 1081 840 1147; baseline 0.001 -14"><span class='ocrx_word' id='word_1_114' title='bbox 32 1089 113 1134; x_wconf 79' lang='lat' dir='ltr'><strong>contra</strong></span> <span class='ocrx_word' id='word_1_115' title='bbox 132 1084 245 1147; x_wconf 79' lang='lat' dir='ltr'><strong>justitiam</strong></span> <span class='ocrx_word' id='word_1_116' title='bbox 262 1081 390 1133; x_wconf 82' lang='lat' dir='ltr'><strong>naturalem</strong></span> <span class='ocrx_word' id='word_1_117' title='bbox 406 1086 483 1145; x_wconf 87' lang='lat' dir='ltr'><strong>esset,</strong></span> <span class='ocrx_word' id='word_1_118' title='bbox 501 1083 601 1147; x_wconf 77' lang='lat' dir='ltr'><strong>ripuar,</strong></span> <span class='ocrx_word' id='word_1_119' title='bbox 616 1087 738 1147; x_wconf 84' lang='lat' dir='ltr'><strong>antequam</strong></span> <span class='ocrx_word' id='word_1_120' title='bbox 758 1084 840 1135; x_wconf 86' lang='lat' dir='ltr'><strong>lrabeat</strong></span> 
     </span>
     <span class='ocr_line' id='line_1_15' title="bbox 33 1154 841 1219; baseline 0.002 -16"><span class='ocrx_word' id='word_1_121' title='bbox 33 1171 97 1205; x_wconf 74' lang='lat' dir='ltr'><strong>nsrrm</strong></span> <span class='ocrx_word' id='word_1_122' title='bbox 120 1155 232 1219; x_wconf 82' lang='lat' dir='ltr'><strong>rationis,</strong></span> <span class='ocrx_word' id='word_1_123' title='bbox 248 1154 263 1205; x_wconf 77' lang='lat' dir='ltr'><strong>a</strong></span> <span class='ocrx_word' id='word_1_124' title='bbox 281 1168 337 1204; x_wconf 83' lang='lat' dir='ltr'><strong>cura</strong></span> <span class='ocrx_word' id='word_1_125' title='bbox 352 1158 474 1219; x_wconf 86' lang='lat' dir='ltr'><strong>parentum</strong></span> <span class='ocrx_word' id='word_1_126' title='bbox 491 1156 641 1219; x_wconf 85' lang='lat' dir='ltr'><strong>subtrahatur,</strong></span> <span class='ocrx_word' id='word_1_127' title='bbox 657 1156 694 1205; x_wconf 87' lang='lat' dir='ltr'><strong>vel</strong></span> <span class='ocrx_word' id='word_1_128' title='bbox 706 1156 734 1207; x_wconf 91' lang='lat' dir='ltr'><strong>de</strong></span> <span class='ocrx_word' id='word_1_129' title='bbox 757 1168 784 1206; x_wconf 89' lang='lat' dir='ltr'><strong>eo</strong></span> <span class='ocrx_word' id='word_1_130' title='bbox 801 1156 841 1205; x_wconf 79' lang='lat' dir='ltr'><strong>ali</strong></span> 
     </span>
     <span class='ocr_line' id='line_1_16' title="bbox 32 1226 840 1291; baseline 0.002 -16"><span class='ocrx_word' id='word_1_131' title='bbox 32 1228 231 1290; x_wconf 76' lang='lat' dir='ltr'><strong>perdominetur,</strong></span> <span class='ocrx_word' id='word_1_132' title='bbox 253 1226 335 1275; x_wconf 86' lang='lat' dir='ltr'><strong>inritis</strong></span> <span class='ocrx_word' id='word_1_133' title='bbox 354 1226 499 1289; x_wconf 80' lang='lat' dir='ltr'><strong>parentibus.</strong></span> <span class='ocrx_word' id='word_1_134' title='bbox 518 1228 641 1291; x_wconf 77' lang='lat' dir='ltr'><strong>Postquam</strong></span> <span class='ocrx_word' id='word_1_135' title='bbox 664 1231 741 1278; x_wconf 89' lang='lat' dir='ltr'><strong>autem</strong></span> <span class='ocrx_word' id='word_1_136' title='bbox 759 1227 840 1291; x_wconf 86' lang='lat' dir='ltr'><strong>incipit</strong></span> 
     </span>
     <span class='ocr_line' id='line_1_17' title="bbox 32 1296 840 1364; baseline 0.004 -17"><span class='ocrx_word' id='word_1_137' title='bbox 32 1302 113 1350; x_wconf 82' lang='lat' dir='ltr'><strong>naoere</strong></span> <span class='ocrx_word' id='word_1_138' title='bbox 130 1312 202 1350; x_wconf 87' lang='lat' dir='ltr'><strong>nsum</strong></span> <span class='ocrx_word' id='word_1_139' title='bbox 220 1298 289 1347; x_wconf 86' lang='lat' dir='ltr'><strong>liberi</strong></span> <span class='ocrx_word' id='word_1_140' title='bbox 311 1297 399 1346; x_wconf 86' lang='lat' dir='ltr'><strong>arbitrii</strong></span> <span class='ocrx_word' id='word_1_141' title='bbox 412 1296 460 1359; x_wconf 82' lang='lat' dir='ltr'><strong>jam</strong></span> <span class='ocrx_word' id='word_1_142' title='bbox 480 1296 561 1361; x_wconf 89' lang='lat' dir='ltr'><strong>incipit</strong></span> <span class='ocrx_word' id='word_1_143' title='bbox 574 1312 623 1349; x_wconf 85' lang='lat' dir='ltr'><strong>esse</strong></span> <span class='ocrx_word' id='word_1_144' title='bbox 638 1312 706 1361; x_wconf 83' lang='lat' dir='ltr'><strong>suus,</strong></span> <span class='ocrx_word' id='word_1_145' title='bbox 724 1303 746 1349; x_wconf 89' lang='lat' dir='ltr'><strong>et</strong></span> <span class='ocrx_word' id='word_1_146' title='bbox 764 1303 840 1364; x_wconf 83' lang='lat' dir='ltr'><strong>polest</strong></span> 
     </span>
     <span class='ocr_line' id='line_1_18' title="bbox 30 1366 840 1434; baseline 0 -15"><span class='ocrx_word' id='word_1_147' title='bbox 30 1376 142 1433; x_wconf 79' lang='lat' dir='ltr'><strong>qnantum</strong></span> <span class='ocrx_word' id='word_1_148' title='bbox 153 1371 182 1420; x_wconf 92' lang='lat' dir='ltr'><strong>ad</strong></span> <span class='ocrx_word' id='word_1_149' title='bbox 194 1382 224 1421; x_wconf 91' lang='lat' dir='ltr'><strong>ea</strong></span> <span class='ocrx_word' id='word_1_150' title='bbox 235 1382 288 1432; x_wconf 81' lang='lat' dir='ltr'><strong>quae</strong></span> <span class='ocrx_word' id='word_1_151' title='bbox 310 1372 365 1418; x_wconf 90' lang='lat' dir='ltr'><strong>sunt</strong></span> <span class='ocrx_word' id='word_1_152' title='bbox 379 1366 437 1431; x_wconf 87' lang='lat' dir='ltr'><strong>juris</strong></span> <span class='ocrx_word' id='word_1_153' title='bbox 456 1367 541 1431; x_wconf 83' lang='lat' dir='ltr'><strong>divini,</strong></span> <span class='ocrx_word' id='word_1_154' title='bbox 554 1370 591 1419; x_wconf 84' lang='lat' dir='ltr'><strong>rel</strong></span> <span class='ocrx_word' id='word_1_155' title='bbox 605 1369 723 1433; x_wconf 82' lang='lat' dir='ltr'><strong>naturalis,</strong></span> <span class='ocrx_word' id='word_1_156' title='bbox 739 1371 782 1421; x_wconf 89' lang='lat' dir='ltr'><strong>sibi</strong></span> <span class='ocrx_word' id='word_1_157' title='bbox 797 1370 840 1434; x_wconf 87' lang='lat' dir='ltr'><strong>ipsi</strong></span> 
     </span>
     <span class='ocr_line' id='line_1_19' title="bbox 31 1439 840 1504; baseline 0.001 -14"><span class='ocrx_word' id='word_1_158' title='bbox 31 1442 160 1504; x_wconf 85' lang='lat' dir='ltr'><strong>providere.</strong></span> <span class='ocrx_word' id='word_1_159' title='bbox 179 1443 213 1491; x_wconf 82' lang='lat' dir='ltr'><strong>ut</strong></span> <span class='ocrx_word' id='word_1_160' title='bbox 229 1444 286 1491; x_wconf 88' lang='lat' dir='ltr'><strong>tunc</strong></span> <span class='ocrx_word' id='word_1_161' title='bbox 298 1442 333 1490; x_wconf 89' lang='lat' dir='ltr'><strong>est</strong></span> <span class='ocrx_word' id='word_1_162' title='bbox 346 1439 489 1488; x_wconf 76' lang='lat' dir='ltr'><strong>inducendus</strong></span> <span class='ocrx_word' id='word_1_163' title='bbox 507 1441 534 1489; x_wconf 84' lang='lat' dir='ltr'><strong>ad</strong></span> <span class='ocrx_word' id='word_1_164' title='bbox 554 1440 634 1503; x_wconf 88' lang='lat' dir='ltr'><strong>fidem,</strong></span> <span class='ocrx_word' id='word_1_165' title='bbox 649 1454 695 1491; x_wconf 90' lang='lat' dir='ltr'><strong>nou</strong></span> <span class='ocrx_word' id='word_1_166' title='bbox 714 1442 840 1503; x_wconf 85' lang='lat' dir='ltr'><strong>coactione,</strong></span> 
     </span>
     <span class='ocr_line' id='line_1_20' title="bbox 31 1510 841 1579; baseline -0.001 -15"><span class='ocrx_word' id='word_1_167' title='bbox 31 1516 68 1564; x_wconf 73' lang='lat' dir='ltr'><strong>ed</strong></span> <span class='ocrx_word' id='word_1_168' title='bbox 90 1514 255 1579; x_wconf 80' lang='lat' dir='ltr'><strong>persuasione.</strong></span> <span class='ocrx_word' id='word_1_169' title='bbox 271 1513 352 1562; x_wconf 85' lang='lat' dir='ltr'><strong>Potest</strong></span> <span class='ocrx_word' id='word_1_170' title='bbox 373 1511 443 1561; x_wconf 83' lang='lat' dir='ltr'><strong>etiam</strong></span> <span class='ocrx_word' id='word_1_171' title='bbox 465 1510 543 1562; x_wconf 88' lang='lat' dir='ltr'><strong>inritis</strong></span> <span class='ocrx_word' id='word_1_172' title='bbox 562 1511 692 1575; x_wconf 84' lang='lat' dir='ltr'><strong>parentibus</strong></span> <span class='ocrx_word' id='word_1_173' title='bbox 712 1513 841 1563; x_wconf 85' lang='lat' dir='ltr'><strong>consentire</strong></span> 
     </span>
     <span class='ocr_line' id='line_1_21' title="bbox 30 1583 841 1647; baseline -0.002 -13"><span class='ocrx_word' id='word_1_174' title='bbox 30 1586 84 1636; x_wconf 74' lang='lat' dir='ltr'><strong>adei</strong></span> <span class='ocrx_word' id='word_1_175' title='bbox 94 1624 103 1647; x_wconf 94' lang='lat'>,</span> <span class='ocrx_word' id='word_1_176' title='bbox 115 1588 142 1634; x_wconf 87' lang='lat' dir='ltr'><strong>et</strong></span> <span class='ocrx_word' id='word_1_177' title='bbox 155 1583 283 1647; x_wconf 73' lang='lat' dir='ltr'><strong>baptizari3</strong></span> <span class='ocrx_word' id='word_1_178' title='bbox 298 1596 345 1633; x_wconf 87' lang='lat' dir='ltr'><strong>uon</strong></span> <span class='ocrx_word' id='word_1_179' title='bbox 365 1586 576 1645; x_wconf 82' lang='lat' dir='ltr'><strong>antem-autequam</strong></span> <span class='ocrx_word' id='word_1_180' title='bbox 596 1584 678 1632; x_wconf 88' lang='lat' dir='ltr'><strong>habeat</strong></span> <span class='ocrx_word' id='word_1_181' title='bbox 690 1596 756 1631; x_wconf 80' lang='lat' dir='ltr'><strong>usiam</strong></span> <span class='ocrx_word' id='word_1_182' title='bbox 772 1584 841 1633; x_wconf 83' lang='lat' dir='ltr'><strong>ratio-</strong></span> 
     </span>
     <span class='ocr_line' id='line_1_22' title="bbox 31 1654 842 1719; baseline -0.004 -13"><span class='ocrx_word' id='word_1_183' title='bbox 31 1659 75 1707; x_wconf 77' lang='lat' dir='ltr'><strong>nis</strong></span> <span class='ocrx_word' id='word_1_184' title='bbox 91 1656 161 1708; x_wconf 87' lang='lat' dir='ltr'><strong>Unde</strong></span> <span class='ocrx_word' id='word_1_185' title='bbox 174 1657 202 1705; x_wconf 93' lang='lat' dir='ltr'><strong>de</strong></span> <span class='ocrx_word' id='word_1_186' title='bbox 212 1656 291 1719; x_wconf 86' lang='lat' dir='ltr'><strong>pueris</strong></span> <span class='ocrx_word' id='word_1_187' title='bbox 303 1654 450 1717; x_wconf 82' lang='lat' dir='ltr'><strong>antiquorum</strong></span> <span class='ocrx_word' id='word_1_188' title='bbox 460 1658 551 1718; x_wconf 89' lang='lat' dir='ltr'><strong>patrum</strong></span> <span class='ocrx_word' id='word_1_189' title='bbox 562 1654 652 1715; x_wconf 78' lang='lat' dir='ltr'><strong>dicitur,</strong></span> <span class='ocrx_word' id='word_1_190' title='bbox 664 1654 724 1717; x_wconf 90' lang='lat' dir='ltr'><strong>qnod</strong></span> <span class='ocrx_word' id='word_1_191' title='bbox 736 1669 749 1699; x_wconf 88' lang='grc' dir='ltr'><strong>ιι</strong></span> <span class='ocrx_word' id='word_1_192' title='bbox 762 1654 842 1703; x_wconf 81' lang='lat' dir='ltr'><strong>salvati</strong></span> 
     </span>
     <span class='ocr_line' id='line_1_23' title="bbox 29 1723 842 1793; baseline -0.006 -15"><span class='ocrx_word' id='word_1_193' title='bbox 29 1735 81 1779; x_wconf 72' lang='lat' dir='ltr'><strong>einr</strong></span> <span class='ocrx_word' id='word_1_194' title='bbox 93 1730 309 1793; x_wconf 68' lang='lat' dir='ltr'><strong>decrementum»</strong></span> <span class='ocrx_word' id='word_1_195' title='bbox 321 1740 363 1791; x_wconf 88' lang='lat' dir='ltr'><strong>per</strong></span> <span class='ocrx_word' id='word_1_196' title='bbox 372 1726 434 1789; x_wconf 78' lang='lat' dir='ltr'><strong>quod</strong></span> <span class='ocrx_word' id='word_1_197' title='bbox 446 1727 512 1777; x_wconf 83' lang='lat' dir='ltr'><strong>datm</strong></span> <span class='ocrx_word' id='word_1_198' title='bbox 522 1725 619 1788; x_wconf 83' lang='lat' dir='ltr'><strong>intelligi</strong></span> <span class='ocrx_word' id='word_1_199' title='bbox 629 1723 688 1789; x_wconf 80' lang='lat' dir='ltr'><strong>quod</strong></span> <span class='ocrx_word' id='word_1_200' title='bbox 700 1724 842 1787; x_wconf 85' lang='lat' dir='ltr'><strong>adparentes</strong></span> 
     </span>
     <span class='ocr_line' id='line_1_24' title="bbox 30 1795 884 1865; baseline -0.005 -14"><span class='ocrx_word' id='word_1_201' title='bbox 30 1804 130 1863; x_wconf 72' lang='lat' dir='ltr'><strong>pertinet</strong></span> <span class='ocrx_word' id='word_1_202' title='bbox 145 1800 272 1865; x_wconf 85' lang='lat' dir='ltr'><strong>providere</strong></span> <span class='ocrx_word' id='word_1_203' title='bbox 288 1799 343 1848; x_wconf 79' lang='lat' dir='ltr'><strong>siliis</strong></span> <span class='ocrx_word' id='word_1_204' title='bbox 357 1798 387 1848; x_wconf 91' lang='lat' dir='ltr'><strong>de</strong></span> <span class='ocrx_word' id='word_1_205' title='bbox 409 1811 451 1847; x_wconf 89' lang='lat' dir='ltr'><strong>sua</strong></span> <span class='ocrx_word' id='word_1_206' title='bbox 468 1798 554 1861; x_wconf 80' lang='lat' dir='ltr'><strong>salarie,</strong></span> <span class='ocrx_word' id='word_1_207' title='bbox 573 1795 701 1861; x_wconf 78' lang='lat' dir='ltr'><strong>praecipue,</strong></span> <span class='ocrx_word' id='word_1_208' title='bbox 721 1798 841 1859; x_wconf 87' lang='lat' dir='ltr'><strong>autequam</strong></span> <span class='ocrx_word' id='word_1_209' title='bbox 875 1846 884 1857; x_wconf 80' lang='grc'><strong><em>,</em></strong></span> 
     </span>
     <span class='ocr_line' id='line_1_25' title="bbox 29 1869 338 1924; baseline -0.006 -3"><span class='ocrx_word' id='word_1_210' title='bbox 29 1876 129 1924; x_wconf 77' lang='lat' dir='ltr'><strong>habeant</strong></span> <span class='ocrx_word' id='word_1_211' title='bbox 143 1886 217 1923; x_wconf 89' lang='lat' dir='ltr'><strong>usum</strong></span> <span class='ocrx_word' id='word_1_212' title='bbox 232 1869 338 1921; x_wconf 87' lang='lat' dir='ltr'><strong>rationis.</strong></span> 
     </span>
    </p>

    <p class='ocr_par' dir='ltr' id='par_1_3' title="bbox 29 1940 842 2289">
     <span class='ocr_line' id='line_1_26' title="bbox 56 1940 842 2010; baseline -0.006 -14"><span class='ocrx_word' id='word_1_213' title='bbox 56 1948 91 1996; x_wconf 78' lang='lat' dir='ltr'><strong>Ad</strong></span> <span class='ocrx_word' id='word_1_214' title='bbox 104 1945 212 2010; x_wconf 88' lang='lat' dir='ltr'><strong>primum</strong></span> <span class='ocrx_word' id='word_1_215' title='bbox 230 1955 286 2005; x_wconf 84' lang='lat' dir='ltr'><strong>ergo</strong></span> <span class='ocrx_word' id='word_1_216' title='bbox 304 1940 442 2005; x_wconf 88' lang='lat' dir='ltr'><strong>dicendum,</strong></span> <span class='ocrx_word' id='word_1_217' title='bbox 459 1940 518 2005; x_wconf 84' lang='lat' dir='ltr'><strong>qudd</strong></span> <span class='ocrx_word' id='word_1_218' title='bbox 532 1940 558 1991; x_wconf 91' lang='lat' dir='ltr'><strong>iu</strong></span> <span class='ocrx_word' id='word_1_219' title='bbox 575 1940 667 1992; x_wconf 82' lang='lat' dir='ltr'><strong>uinculo</strong></span> <span class='ocrx_word' id='word_1_220' title='bbox 683 1940 842 1992; x_wconf 86' lang='lat' dir='ltr'><strong>matrimoniali</strong></span> 
     </span>
     <span class='ocr_line' id='line_1_27' title="bbox 30 2011 839 2081; baseline -0.004 -15"><span class='ocrx_word' id='word_1_221' title='bbox 30 2024 123 2081; x_wconf 75' lang='lat' dir='ltr'><strong>aterque</strong></span> <span class='ocrx_word' id='word_1_222' title='bbox 135 2017 268 2080; x_wconf 80' lang='lat' dir='ltr'><strong>conjugum</strong></span> <span class='ocrx_word' id='word_1_223' title='bbox 278 2014 349 2064; x_wconf 86' lang='lat' dir='ltr'><strong>habet</strong></span> <span class='ocrx_word' id='word_1_224' title='bbox 359 2027 428 2063; x_wconf 88' lang='lat' dir='ltr'><strong>usum</strong></span> <span class='ocrx_word' id='word_1_225' title='bbox 439 2011 504 2063; x_wconf 88' lang='lat' dir='ltr'><strong>liberi</strong></span> <span class='ocrx_word' id='word_1_226' title='bbox 518 2012 601 2063; x_wconf 81' lang='lat' dir='ltr'><strong>mhitrii</strong></span> <span class='ocrx_word' id='word_1_227' title='bbox 617 2016 641 2063; x_wconf 91' lang='lat' dir='ltr'><strong>et</strong></span> <span class='ocrx_word' id='word_1_228' title='bbox 651 2015 745 2079; x_wconf 86' lang='lat' dir='ltr'><strong>uterque</strong></span> <span class='ocrx_word' id='word_1_229' title='bbox 754 2017 839 2079; x_wconf 87' lang='lat' dir='ltr'><strong>potest,</strong></span> 
     </span>
     <span class='ocr_line' id='line_1_28' title="bbox 29 2084 841 2149; baseline -0.002 -12"><span class='ocrx_word' id='word_1_230' title='bbox 29 2091 97 2139; x_wconf 84' lang='lat' dir='ltr'><strong>inrito</strong></span> <span class='ocrx_word' id='word_1_231' title='bbox 118 2090 214 2148; x_wconf 86' lang='lat' dir='ltr'><strong>altero,</strong></span> <span class='ocrx_word' id='word_1_232' title='bbox 229 2085 285 2136; x_wconf 89' lang='lat' dir='ltr'><strong>iidei</strong></span> <span class='ocrx_word' id='word_1_233' title='bbox 306 2084 433 2149; x_wconf 86' lang='lat' dir='ltr'><strong>assentire;</strong></span> <span class='ocrx_word' id='word_1_234' title='bbox 456 2084 496 2134; x_wconf 89' lang='lat' dir='ltr'><strong>sed</strong></span> <span class='ocrx_word' id='word_1_235' title='bbox 512 2084 556 2136; x_wconf 88' lang='lat' dir='ltr'><strong>hoc</strong></span> <span class='ocrx_word' id='word_1_236' title='bbox 569 2098 615 2135; x_wconf 90' lang='lat' dir='ltr'><strong>non</strong></span> <span class='ocrx_word' id='word_1_237' title='bbox 635 2085 702 2136; x_wconf 85' lang='lat' dir='ltr'><strong>habet</strong></span> <span class='ocrx_word' id='word_1_238' title='bbox 718 2086 795 2135; x_wconf 89' lang='lat' dir='ltr'><strong>locum</strong></span> <span class='ocrx_word' id='word_1_239' title='bbox 816 2084 841 2135; x_wconf 88' lang='lat' dir='ltr'><strong>in</strong></span> 
     </span>
     <span class='ocr_line' id='line_1_29' title="bbox 30 2155 842 2222; baseline 0 -15"><span class='ocrx_word' id='word_1_240' title='bbox 30 2175 97 2222; x_wconf 74' lang='lat' dir='ltr'><strong>parere</strong></span> <span class='ocrx_word' id='word_1_241' title='bbox 116 2164 250 2221; x_wconf 84' lang='lat' dir='ltr'><strong>antequam</strong></span> <span class='ocrx_word' id='word_1_242' title='bbox 266 2157 349 2207; x_wconf 82' lang='lat' dir='ltr'><strong>habeat</strong></span> <span class='ocrx_word' id='word_1_243' title='bbox 365 2169 432 2205; x_wconf 91' lang='lat' dir='ltr'><strong>usum</strong></span> <span class='ocrx_word' id='word_1_244' title='bbox 453 2155 561 2220; x_wconf 87' lang='lat' dir='ltr'><strong>rationis,</strong></span> <span class='ocrx_word' id='word_1_245' title='bbox 582 2157 622 2206; x_wconf 90' lang='lat' dir='ltr'><strong>sed</strong></span> <span class='ocrx_word' id='word_1_246' title='bbox 641 2160 760 2221; x_wconf 85' lang='lat' dir='ltr'><strong>postquam</strong></span> <span class='ocrx_word' id='word_1_247' title='bbox 773 2157 842 2208; x_wconf 85' lang='lat' dir='ltr'><strong>habet</strong></span> 
     </span>
     <span class='ocr_line' id='line_1_30' title="bbox 30 2226 809 2289; baseline 0 -10"><span class='ocrx_word' id='word_1_248' title='bbox 30 2247 92 2283; x_wconf 74' lang='lat' dir='ltr'><strong>asum</strong></span> <span class='ocrx_word' id='word_1_249' title='bbox 104 2231 210 2282; x_wconf 85' lang='lat' dir='ltr'><strong>rationis</strong></span> <span class='ocrx_word' id='word_1_250' title='bbox 225 2244 231 2277; x_wconf 82' lang='lat' dir='ltr'>z</span> <span class='ocrx_word' id='word_1_251' title='bbox 247 2231 305 2278; x_wconf 89' lang='lat' dir='ltr'><strong>tnnc</strong></span> <span class='ocrx_word' id='word_1_252' title='bbox 323 2230 389 2279; x_wconf 89' lang='lat' dir='ltr'><strong>tenet</strong></span> <span class='ocrx_word' id='word_1_253' title='bbox 402 2226 540 2289; x_wconf 86' lang='lat' dir='ltr'><strong>similitudo,</strong></span> <span class='ocrx_word' id='word_1_254' title='bbox 554 2227 574 2277; x_wconf 87' lang='lat' dir='ltr'><strong>si</strong></span> <span class='ocrx_word' id='word_1_255' title='bbox 590 2228 691 2277; x_wconf 81' lang='lat' dir='ltr'><strong>conuerti</strong></span> <span class='ocrx_word' id='word_1_256' title='bbox 703 2229 809 2279; x_wconf 88' lang='lat' dir='ltr'><strong>voluerit.</strong></span> 
     </span>
    </p>

    <p class='ocr_par' dir='ltr' id='par_1_4' title="bbox 28 2296 844 2652">
     <span class='ocr_line' id='line_1_31' title="bbox 57 2296 843 2362; baseline -0.005 -7"><span class='ocrx_word' id='word_1_257' title='bbox 57 2308 90 2356; x_wconf 78' lang='lat' dir='ltr'><strong>ad</strong></span> <span class='ocrx_word' id='word_1_258' title='bbox 104 2302 241 2355; x_wconf 80' lang='lat' dir='ltr'><strong>secuudum</strong></span> <span class='ocrx_word' id='word_1_259' title='bbox 257 2299 391 2361; x_wconf 90' lang='lat' dir='ltr'><strong>dicendum,</strong></span> <span class='ocrx_word' id='word_1_260' title='bbox 403 2299 464 2362; x_wconf 86' lang='lat' dir='ltr'><strong>quod</strong></span> <span class='ocrx_word' id='word_1_261' title='bbox 473 2296 487 2349; x_wconf 77' lang='lat' dir='ltr'><strong>a</strong></span> <span class='ocrx_word' id='word_1_262' title='bbox 497 2303 569 2351; x_wconf 90' lang='lat' dir='ltr'><strong>morte</strong></span> <span class='ocrx_word' id='word_1_263' title='bbox 581 2300 677 2349; x_wconf 90' lang='lat' dir='ltr'><strong>naturali</strong></span> <span class='ocrx_word' id='word_1_264' title='bbox 688 2313 734 2351; x_wconf 90' lang='lat' dir='ltr'><strong>non</strong></span> <span class='ocrx_word' id='word_1_265' title='bbox 753 2304 787 2351; x_wconf 90' lang='lat' dir='ltr'><strong>est</strong></span> <span class='ocrx_word' id='word_1_266' title='bbox 802 2302 843 2351; x_wconf 90' lang='lat' dir='ltr'><strong>ali-</strong></span> 
     </span>
     <span class='ocr_line' id='line_1_32' title="bbox 30 2370 842 2441; baseline -0.001 -17"><span class='ocrx_word' id='word_1_267' title='bbox 30 2379 78 2440; x_wconf 79' lang='lat' dir='ltr'><strong>quis</strong></span> <span class='ocrx_word' id='word_1_268' title='bbox 92 2372 235 2441; x_wconf 83' lang='lat' dir='ltr'><strong>eripiendus</strong></span> <span class='ocrx_word' id='word_1_269' title='bbox 247 2376 330 2424; x_wconf 87' lang='lat' dir='ltr'><strong>contra</strong></span> <span class='ocrx_word' id='word_1_270' title='bbox 339 2370 444 2422; x_wconf 86' lang='lat' dir='ltr'><strong>ordinem</strong></span> <span class='ocrx_word' id='word_1_271' title='bbox 458 2370 514 2434; x_wconf 85' lang='lat' dir='ltr'><strong>juris</strong></span> <span class='ocrx_word' id='word_1_272' title='bbox 526 2372 608 2433; x_wconf 84' lang='lat' dir='ltr'><strong>ciuilis,</strong></span> <span class='ocrx_word' id='word_1_273' title='bbox 618 2372 673 2435; x_wconf 80' lang='lat' dir='ltr'><strong>puta</strong></span> <span class='ocrx_word' id='word_1_274' title='bbox 686 2372 705 2421; x_wconf 86' lang='lat' dir='ltr'><strong>si</strong></span> <span class='ocrx_word' id='word_1_275' title='bbox 716 2374 767 2435; x_wconf 79' lang='lat' dir='ltr'><strong>orris</strong></span> <span class='ocrx_word' id='word_1_276' title='bbox 778 2373 791 2423; x_wconf 79' lang='lat' dir='ltr'><strong>a</strong></span> <span class='ocrx_word' id='word_1_277' title='bbox 802 2386 842 2423; x_wconf 91' lang='lat' dir='ltr'><strong>suo</strong></span> 
     </span>
     <span class='ocr_line' id='line_1_33' title="bbox 30 2443 844 2511; baseline -0.004 -15"><span class='ocrx_word' id='word_1_278' title='bbox 30 2451 101 2511; x_wconf 82' lang='lat' dir='ltr'><strong>police</strong></span> <span class='ocrx_word' id='word_1_279' title='bbox 115 2447 290 2497; x_wconf 86' lang='lat' dir='ltr'><strong>condemnetur</strong></span> <span class='ocrx_word' id='word_1_280' title='bbox 300 2444 329 2492; x_wconf 89' lang='lat' dir='ltr'><strong>ad</strong></span> <span class='ocrx_word' id='word_1_281' title='bbox 347 2445 444 2492; x_wconf 91' lang='lat' dir='ltr'><strong>mortem</strong></span> <span class='ocrx_word' id='word_1_282' title='bbox 457 2443 617 2507; x_wconf 83' lang='lat' dir='ltr'><strong>temporalem,</strong></span> <span class='ocrx_word' id='word_1_283' title='bbox 630 2443 705 2493; x_wconf 88' lang='lat' dir='ltr'><strong>nullus</strong></span> <span class='ocrx_word' id='word_1_284' title='bbox 715 2444 844 2495; x_wconf 87' lang='lat' dir='ltr'><strong>debetcum</strong></span> 
     </span>
     <span class='ocr_line' id='line_1_34' title="bbox 28 2513 844 2580; baseline -0.006 -12"><span class='ocrx_word' id='word_1_285' title='bbox 28 2522 142 2570; x_wconf 72' lang='lat' dir='ltr'><strong>nolenter</strong></span> <span class='ocrx_word' id='word_1_286' title='bbox 153 2517 248 2580; x_wconf 86' lang='lat' dir='ltr'><strong>eripere</strong></span> <span class='ocrx_word' id='word_1_287' title='bbox 263 2515 307 2579; x_wconf 87' lang='lat' dir='ltr'><strong>(l).</strong></span> <span class='ocrx_word' id='word_1_288' title='bbox 323 2514 389 2564; x_wconf 83' lang='lat' dir='ltr'><strong>Unde</strong></span> <span class='ocrx_word' id='word_1_289' title='bbox 400 2526 443 2563; x_wconf 88' lang='lat' dir='ltr'><strong>nec</strong></span> <span class='ocrx_word' id='word_1_290' title='bbox 455 2513 537 2577; x_wconf 88' lang='lat' dir='ltr'><strong>aliquis</strong></span> <span class='ocrx_word' id='word_1_291' title='bbox 551 2514 617 2565; x_wconf 88' lang='lat' dir='ltr'><strong>debet</strong></span> <span class='ocrx_word' id='word_1_292' title='bbox 627 2526 729 2578; x_wconf 84' lang='lat' dir='ltr'><strong>rumpere</strong></span> <span class='ocrx_word' id='word_1_293' title='bbox 743 2515 844 2565; x_wconf 83' lang='lat' dir='ltr'><strong>ordinem</strong></span> 
     </span>
     <span class='ocr_line' id='line_1_35' title="bbox 30 2584 821 2652; baseline -0.008 -11"><span class='ocrx_word' id='word_1_294' title='bbox 30 2593 86 2652; x_wconf 76' lang='lat' dir='ltr'><strong>ioris</strong></span> <span class='ocrx_word' id='word_1_295' title='bbox 99 2591 221 2641; x_wconf 84' lang='lat' dir='ltr'><strong>naturalis</strong></span> <span class='ocrx_word' id='word_1_296' title='bbox 234 2600 281 2651; x_wconf 86' lang='lat' dir='ltr'><strong>quo</strong></span> <span class='ocrx_word' id='word_1_297' title='bbox 294 2586 356 2636; x_wconf 86' lang='lat' dir='ltr'><strong>filius</strong></span> <span class='ocrx_word' id='word_1_298' title='bbox 372 2588 408 2637; x_wconf 87' lang='lat' dir='ltr'><strong>est</strong></span> <span class='ocrx_word' id='word_1_299' title='bbox 421 2586 464 2634; x_wconf 86' lang='lat' dir='ltr'><strong>sub</strong></span> <span class='ocrx_word' id='word_1_300' title='bbox 476 2598 533 2635; x_wconf 87' lang='lat' dir='ltr'><strong>cura</strong></span> <span class='ocrx_word' id='word_1_301' title='bbox 545 2586 626 2649; x_wconf 85' lang='lat' dir='ltr'><strong>patris,</strong></span> <span class='ocrx_word' id='word_1_302' title='bbox 640 2588 666 2635; x_wconf 88' lang='lat' dir='ltr'><strong>ul</strong></span> <span class='ocrx_word' id='word_1_303' title='bbox 677 2598 729 2635; x_wconf 88' lang='lat' dir='ltr'><strong>eum</strong></span> <span class='ocrx_word' id='word_1_304' title='bbox 738 2584 821 2637; x_wconf 85' lang='lat' dir='ltr'><strong>liberet</strong></span> 
     </span>
    </p>
   </div>
   <div class='ocr_carea' id='block_1_3' title="bbox 30 2662 353 2726">
    <p class='ocr_par' dir='ltr' id='par_1_5' title="bbox 30 2662 353 2726">
     <span class='ocr_line' id='line_1_36' title="bbox 30 2662 353 2726; baseline -0.012 -11"><span class='ocrx_word' id='word_1_305' title='bbox 30 2664 134 2726; x_wconf 84' lang='lat' dir='ltr'><strong>periculo</strong></span> <span class='ocrx_word' id='word_1_306' title='bbox 149 2663 236 2714; x_wconf 80' lang='lat' dir='ltr'><strong>mortis</strong></span> <span class='ocrx_word' id='word_1_307' title='bbox 251 2662 353 2715; x_wconf 61' lang='lat' dir='ltr'><strong>micante.</strong></span> 
     </span>
    </p>
   </div>
   <div class='ocr_carea' id='block_1_4' title="bbox 31 2810 919 2943">
    <p class='ocr_par' dir='ltr' id='par_1_6' title="bbox 31 2810 919 2943">
     <span class='ocr_line' id='line_1_37' title="bbox 60 2810 847 2881; baseline -0.019 -14"><span class='ocrx_word' id='word_1_308' title='bbox 60 2819 96 2881; x_wconf 85' lang='lat'><strong>(1)</strong></span> <span class='ocrx_word' id='word_1_309' title='bbox 112 2820 154 2867; x_wconf 82' lang='lat' dir='ltr'><strong>Sic</strong></span> <span class='ocrx_word' id='word_1_310' title='bbox 168 2818 304 2876; x_wconf 73' lang='lat' dir='ltr'><strong>explicatur</strong></span> <span class='ocrx_word' id='word_1_311' title='bbox 320 2812 394 2873; x_wconf 76' lang='lat' dir='ltr'><strong>met,</strong></span> <span class='ocrx_word' id='word_1_312' title='bbox 410 2824 450 2871; x_wconf 76' lang='lat' dir='ltr'><strong>qu.</strong></span> <span class='ocrx_word' id='word_1_313' title='bbox 467 2814 512 2875; x_wconf 67' lang='lat' dir='ltr'><strong>w,</strong></span> <span class='ocrx_word' id='word_1_314' title='bbox 527 2820 570 2861; x_wconf 87' lang='lat' dir='ltr'><strong>art.</strong></span> <span class='ocrx_word' id='word_1_315' title='bbox 588 2812 603 2859; x_wconf 77' lang='lat' dir='ltr'><strong>l</strong></span> <span class='ocrx_word' id='word_1_316' title='bbox 612 2846 619 2873; x_wconf 91' lang='lat'>‚</span> <span class='ocrx_word' id='word_1_317' title='bbox 635 2814 665 2860; x_wconf 90' lang='lat' dir='ltr'><strong>ad</strong></span> <span class='ocrx_word' id='word_1_318' title='bbox 678 2812 702 2871; x_wconf 77' lang='lat' dir='ltr'><strong>d,</strong></span> <span class='ocrx_word' id='word_1_319' title='bbox 716 2810 773 2857; x_wconf 89' lang='lat' dir='ltr'><strong>illud</strong></span> <span class='ocrx_word' id='word_1_320' title='bbox 787 2810 847 2855; x_wconf 82' lang='lat' dir='ltr'><strong>Pro-</strong></span> 
     </span>
     <span class='ocr_line' id='line_1_38' title="bbox 31 2874 919 2943; baseline -0.016 -11"><span class='ocrx_word' id='word_1_321' title='bbox 31 2886 109 2941; x_wconf 69' lang='lat' dir='ltr'><strong>oere„</strong></span> <span class='ocrx_word' id='word_1_322' title='bbox 122 2885 220 2943; x_wconf 74' lang='lat' dir='ltr'><strong>mv,</strong></span> <span class='ocrx_word' id='word_1_323' title='bbox 231 2891 295 2930; x_wconf 78' lang='lat' dir='ltr'><strong>vers.</strong></span> <span class='ocrx_word' id='word_1_324' title='bbox 305 2879 335 2931; x_wconf 84' lang='lat' dir='ltr'><strong>il</strong></span> <span class='ocrx_word' id='word_1_325' title='bbox 346 2896 352 2928; x_wconf 75' lang='lat' dir='ltr'><strong>a</strong></span> <span class='ocrx_word' id='word_1_326' title='bbox 364 2878 433 2930; x_wconf 76' lang='lat' dir='ltr'><strong>,Erec</strong></span> <span class='ocrx_word' id='word_1_327' title='bbox 445 2890 483 2931; x_wconf 81' lang='lat' dir='ltr'><strong>eor</strong></span> <span class='ocrx_word' id='word_1_328' title='bbox 497 2876 682 2939; x_wconf 65' lang='lat' dir='ltr'><strong>polocronio</strong></span> <span class='ocrx_word' id='word_1_329' title='bbox 695 2875 727 2925; x_wconf 84' lang='lat' dir='ltr'><strong>od</strong></span> <span class='ocrx_word' id='word_1_330' title='bbox 738 2874 855 2923; x_wconf 66' lang='lat' dir='ltr'><strong>norom·</strong></span> <span class='ocrx_word' id='word_1_331' title='bbox 916 2878 919 2889; x_wconf 92' lang='grc'><strong><em>·</em></strong></span> 
     </span>
    </p>
   </div>
   <div class='ocr_carea' id='block_1_5' title="bbox 0 0 1009 3317">
    <p class='ocr_par' dir='ltr' id='par_1_7' title="bbox 0 0 1009 3317">
     <span class='ocr_line' id='line_1_39' title="bbox 0 0 1009 3317; baseline 0 0"><span class='ocrx_word' id='word_1_332' title='bbox 0 0 1009 3317; x_wconf 95' lang='lat' dir='ltr'><strong> </strong></span> 
     </span>
    </p>
   </div>
  </div>
 </body>
</html>
