1992 3317
112 91 159 142 tot
224 99 334 141 arumna
350 95 591 151 summum·
608 95 697 147 anxur,
715 96 773 136 aar.
791 99 808 136 1.

113 180 183 234 dictio
199 177 307 242 hominm,
316 181 342 230 nt
357 177 542 242 promeritae,
557 175 597 225 tlt.
611 173 740 238 &nonulli
754 172 811 225 lieet
820 173 923 240 edonem

115 250 259 304 mnedtcera.

148 327 162 372 ³
189 322 309 384 Praeterea,
321 319 358 372 illc
368 317 409 383 qui
421 317 521 382 aliquem
535 316 664 378 maledicit,
673 317 770 368 ridetur
781 322 861 384 optare
874 324 924 383 ojm
967 340 969 365 ι

117 393 218 456 melum,
230 393 302 458 culpo
312 392 349 442 rel
359 403 442 455 pennu,
458 389 513 453 qnia
526 387 653 439 maledictio
665 388 760 440 ridetur
773 403 828 442 esse
842 391 925 457 impre

118 465 178 522 catio
187 464 298 532 quodem.
317 462 363 512 Sed
374 475 421 512 non
432 460 486 512 licet
499 459 628 510 desiduus
642 460 728 510 malum
741 461 857 526 alterium
870 463 925 527 quin

119 537 166 589 imd
186 549 249 588 orare
270 537 360 599 oportet
379 546 420 598 pro
437 531 543 585 omnious
558 536 584 582 ut
604 531 730 584 liberentur
746 532 761 584 lt
777 535 851 586 malo
868 537 926 598 llrgo

121 609 179 661 nulli
191 607 243 660 licet
257 605 399 658 maledicere.

154 685 177 732 t.
191 681 318 740 l’rulerea,
332 678 437 728 diabolus
449 689 491 741 per
501 675 677 726 obstinationem
688 677 791 728 mxime
809 680 926 745 subjectus

122 757 158 806 ert
178 751 279 802 malitie.
293 750 398 802 sednon
415 748 468 801 licet
482 747 551 799 alicui
566 747 699 798 maledicere
715 748 854 815 diabolum,
869 753 926 804 sient

123 837 166 876 nec
182 821 296 886 seipsum3
309 820 392 873 dicitnr
406 821 476 872 eliam
495 818 599 874 Ecclee„
617 819 669 869 lllll
684 834 690 869 :
707 837 722 868 α
740 820 801 870 cnm
815 823 928 874 mrledicit

122 894 205 960 impius
222 893 346 954 diabolum,
363 891 477 944 maledicit
486 892 537 956 ipse
555 889 654 941 animam
667 904 742 942 suam
755 909 771 938 n
782 893 848 958 Ergo
859 896 927 946 multd

123 965 200 1018 mindo
212 965 267 1016 licet
283 963 417 1016 maledicere
429 963 555 1014 hominem.

155 1044 178 1089 o.
199 1039 326 1099 Praetereo,
346 1037 466 1096 Numer„
484 1035 572 1096 lllllll,
589 1045 659 1098 nuper
680 1033 738 1084 illud
757 1050 764 1084 :
783 1053 799 1085 cr
812 1037 928 1096 Quomodo

123 1109 257 1162 maledicam
271 1109 309 1158 cui
322 1120 368 1158 non
379 1106 497 1158 maledixit
510 1105 636 1156 llominnsl
646 1121 661 1152 o
673 1104 728 1156 dicit
740 1106 840 1159 Glossa:
853 1126 870 1158 a
881 1111 928 1160 lton

124 1184 201 1246 potest
218 1192 267 1230 esce
278 1179 340 1244 justa
353 1177 507 1230 maledicendi
519 1190 601 1237 causa,
613 1175 654 1228 ubi
671 1180 794 1241 peccantis
812 1179 929 1244 ignoratn

124 1251 257 1303 anesus.»
275 1249 319 1300 Sed
336 1251 405 1300 homo
421 1262 468 1300 non
484 1251 560 1313 potest
574 1247 633 1298 scira
651 1248 758 1300 effecum
777 1250 878 1302 alterius
889 1254 929 1302 lto

125 1323 201 1386 minis,
215 1335 258 1374 nec
268 1321 338 1373 etiam
352 1319 427 1372 nudum
442 1321 473 1372 sit
487 1318 645 1370 mdedidmt
657 1321 713 1372 lieo.
730 1321 793 1385 ltrpo
805 1323 868 1374 nulli
879 1323 930 1375 licet

124 1395 222 1460 aliquem
238 1392 356 1444 hominem
368 1393 513 1446 maledicere.

157 1467 203 1518 Sed
215 1469 294 1517 conda
303 1467 351 1528 est,
362 1466 423 1530 quod
434 1465 545 1520 Denter..
556 1464 652 1527 XXVII,
662 1464 745 1515 dicitur
755 1480 763 1516 ε
775 1482 790 1513 c
798 1466 931 1518 ltaledictns

126 1538 166 1606 qui
180 1551 227 1590 non
239 1541 359 1603 permanet
371 1537 396 1587 in
407 1535 549 1588 sermonibus
565 1535 624 1598 legis
637 1535 714 1600 hujus.
725 1553 740 1585 o
752 1537 853 1590 illisum
863 1539 928 1590 etiam

126 1609 204 1678 pneris
219 1609 262 1661 sibi
276 1609 424 1661 illudentibus
437 1608 564 1672 maledixit,
577 1611 603 1658 nt
611 1607 707 1658 habetur
715 1607 745 1659 lv
758 1611 831 1675 ltep„
839 1613 869 1662 ll.

156 1679 493 1748 (conducero—llalodicere,
508 1680 585 1730 animo
597 1678 763 1745 maledicendi,
779 1684 883 1746 optando
893 1696 928 1734 sen

126 1754 272 1820 imprecando
287 1753 371 1804 malum
386 1751 466 1815 alieni,
475 1750 581 1802 illicitum
592 1751 654 1814 est.)

160 1826 295 1890 despondeo
304 1824 433 1884 dicendum,
443 1821 505 1886 qudd
514 1822 647 1874 maledicere
658 1822 721 1873 idem
731 1825 843 1888 estquod
851 1828 929 1877 malum

129 1898 213 1950 dicere.
229 1897 316 1948 Dicere
333 1899 409 1950 antem
422 1894 542 1960 tripliciter
555 1895 661 1946 sehabet
677 1896 705 1946 ad
724 1895 748 1946 id
764 1899 831 1961 quod
843 1897 929 1950 dicitnr.

130 1971 179 2022 tlno
188 1971 264 2033 modo,
276 1983 316 2036 per
327 1969 418 2020 modum
430 1967 610 2028 enuntiationis,
622 1967 684 2018 sicut
695 1967 785 2032 aliquid
798 1969 932 2036 exprim'dnr

130 2043 197 2096 modo
211 2041 331 2096 indicativo
339 2059 347 2106 3
357 2045 381 2092 et
390 2040 423 2092 sic
432 2040 569 2092 maledicere
577 2039 634 2090 nillil
647 2040 709 2090 aliud
722 2043 758 2090 ost
768 2041 844 2104 qndm
851 2045 931 2095 malum

130 2113 223 2166 alterius
235 2113 318 2166 reterre
325 2151 334 2178 ‚
348 2114 408 2177 quod
422 2111 521 2176 pertinet
538 2112 567 2162 ad
579 2108 740 2163 detractionem
757 2127 763 2161 :
785 2115 852 2166 unde
864 2128 932 2181 quan

130 2188 205 2251 doque
221 2185 324 2237 maledici
336 2184 492 2236 detractores
512 2183 626 2234 dmntur.
640 2184 692 2234 llio
711 2184 781 2236 modo
803 2186 892 2238 dicere
909 2200 931 2238 se

131 2258 201 2310 halet
217 2257 246 2309 ed
265 2257 288 2308 id
304 2257 365 2321 qnod
378 2255 459 2308 dicitnr
472 2269 514 2320 per
530 2255 623 2306 modum
639 2268 730 2319 causo3
744 2260 769 2306 et
786 2258 931 2322 boconidom

132 2327 205 2395 primd
213 2333 238 2379 et
249 2327 404 2393 principaliter
415 2326 527 2390 competit
534 2328 590 2388 lico,
598 2326 639 2390 qui
648 2325 724 2378 omnia
735 2340 779 2379 suo
788 2330 862 2381 reroo
873 2330 931 2389 lecit,

132 2398 257 2454 secundum
267 2399 322 2450 ilud
334 2398 431 2450 Psalm.
440 2397 539 2450 llelll:
551 2397 643 2460 cllixit,
654 2401 677 2448 et
687 2398 747 2448 lacta
755 2404 821 2452 sunt.
828 2418 845 2449 o
853 2403 932 2453 conse

132 2476 228 2538 quenter
242 2473 318 2522 anmm
332 2469 441 2535 competit
453 2469 602 2530 hominibus,
616 2469 655 2533 qni
670 2469 740 2520 verim
756 2484 800 2522 suo
813 2472 873 2524 alios
886 2486 932 2523 mo·

132 2549 188 2597 vent
199 2557 241 2610 per
254 2541 374 2607 imperinm
391 2543 418 2592 ad
436 2541 521 2604 aliquid
534 2541 680 2604 laciendum
693 2545 717 2592 et
730 2542 759 2592 ad
773 2543 819 2595 hoc
831 2544 932 2596 instituta

132 2619 188 2666 sunt
197 2615 267 2666 rerba
276 2613 406 2678 imperativi
414 2613 567 2664 modi.l¹ertio
575 2613 642 2664 modo
650 2613 726 2678 ipsum
736 2612 825 2666 diceri
833 2630 861 2668 se
869 2617 932 2671 natet

131 2685 160 2735 ad
176 2685 199 2736 id
213 2685 274 2750 qnod
288 2685 383 2745 dicitnr,
399 2683 463 2749 qnasi
482 2684 599 2748 expressio
616 2685 722 2750 modam
735 2685 835 2739 anscote
842 2687 932 2739 dende

131 2754 203 2805 rantis
213 2755 237 2807 id
245 2755 305 2818 qnod
315 2755 385 2805 verbo
394 2753 542 2819 exprimitur3
551 2759 575 2806 et
589 2756 618 2806 ad
630 2756 674 2806 troc
682 2755 788 2807 instituta
801 2763 856 2808 sunt
867 2760 929 2809 retr

132 2823 228 2885 optativi
245 2825 316 2877 modi.
330 2825 485 2878 Pretermisso
503 2839 556 2892 ergo
576 2826 650 2892 primo
668 2827 736 2880 ruodo
754 2829 929 2892 numerem,
