1992 3317
100 94 144 143 tto
208 100 314 141 arenant
330 100 457 149 maome,
473 98 568 149 onan.
585 100 653 150 mv,
670 100 726 139 aar.
743 101 785 142 ιιι.

98 179 201 237 mortalia
216 178 366 231 conlimatur
383 176 486 231 charitati
499 178 625 230 meandum
641 178 757 243 propriam
769 178 914 242 affinem,

98 252 149 321 que
163 251 268 304 consistit
278 252 300 301 in
312 253 355 301 hoc
365 248 425 315 quod
436 252 496 303 lieris
506 249 612 315 diligatur
621 264 689 315 super
702 250 793 313 omniu,
805 251 917 315 ecquod

98 328 166 377 humo
180 324 280 375 totaliter
290 323 324 373 illi
336 336 361 374 se
376 323 491 388 subjiciat,
503 322 580 373 omnia
593 335 633 371 sua
644 323 762 373 referendo
773 322 799 380 in
809 322 911 386 ipsum.

97 399 140 458 Est
152 410 205 461 ergo
223 398 251 447 de
268 396 355 447 ratione
372 395 487 447 charitatis
501 399 527 445 ut
541 395 575 445 sic
594 394 673 457 diligat
689 395 776 453 Deum,
795 394 859 458 quid
876 395 913 450 iu

98 470 203 521 omnibus
216 468 271 519 uelit
287 480 311 517 se
324 466 347 517 ei
366 466 492 531 sulficere,
507 469 530 517 el
545 472 707 529 preceptorum
727 466 778 529 eius
797 467 914 530 regulam

99 543 122 592 in
132 540 237 592 omnibus
250 539 315 602 sequi
325 556 331 600 ;
343 538 452 603 quidquid
466 538 527 589 enim
541 539 691 589 eontrariatru
704 537 823 602 preceptis
836 539 908 604 ejus,

98 611 218 665 manifeste
233 610 382 661 contrariatur
395 610 509 672 charitati,
519 611 580 662 unde
593 610 621 661 de
633 623 658 660 se
670 610 739 660 nabet
750 608 811 675 qudd
824 611 909 661 cinari·

98 688 167 735 tatem
181 682 300 733 excludere
322 682 402 748 possit.
419 683 448 734 m
461 684 482 735 si
500 682 593 748 quidem
614 682 713 733 olarios
730 687 791 733 esset
807 682 908 738 habitus

98 755 224 819 acquisitus
236 768 265 805 ex
279 754 363 807 uirtute
377 754 474 819 subjecti
489 754 634 819 dependens¹
649 767 696 804 nou
708 758 824 817 oporteret
837 755 906 821 qnod

98 828 173 879 statim
185 840 225 893 per
238 840 310 879 unum
322 831 396 877 actum
411 827 547 879 contrarium
560 827 693 889 tolleretur;
705 826 841 887 actusenim
852 842 904 890 nnn

99 898 186 951 directa
201 898 352 951 contrariatur
364 899 464 962 habitui,
479 900 519 950 sed
533 897 758 949 artui.Coutinuatio
771 902 849 950 autem
859 901 906 951 lta·

98 971 159 1025 bitus
172 970 197 1023 in
211 971 314 1035 subjecto
328 983 375 1021 non
391 969 485 1033 requirit
500 969 671 1021 continuitatem
685 974 757 1020 aetus.
770 970 848 1031 Unde,
859 985 903 1023 sn·

98 1040 247 1107 perveniente
256 1042 492 1104 contrarioactu,unn
501 1041 676 1092 statimlralritus
685 1041 905 1105 aequisitusexcla·

99 1114 167 1167 ditur.
190 1116 233 1167 Sed
255 1114 363 1174 charitas,
384 1125 435 1165 cum
456 1112 487 1166 sit
506 1113 599 1175 halitus
615 1112 721 1171 inlusus,
736 1113 850 1176 dependet
870 1128 904 1165 ex

100 1185 188 1237 actione
203 1184 245 1237 Dei
258 1182 413 1246 infundenti53
428 1182 468 1247 qui
481 1183 514 1235 sic
526 1198 551 1235 se
563 1184 632 1237 habet
645 1184 669 1236 in
682 1184 795 1244 inlusione
808 1189 833 1235 et
842 1199 904 1237 con÷

98 1257 227 1308 servatione
238 1255 363 1319 charitatis,
375 1255 434 1305 sieut
443 1255 476 1307 sol
488 1256 513 1306 in
524 1256 690 1308 illuminatione
698 1255 756 1307 aeris
762 1293 772 1319 ,
779 1259 804 1309 ut
813 1258 904 1315 dictum

98 1330 140 1379 est.
156 1326 184 1377 Et
193 1326 253 1388 ideo,
264 1326 323 1380 sicut
336 1322 413 1377 lumen
426 1326 503 1377 statim
519 1330 619 1378 cessaret
628 1341 680 1379 esse
696 1328 721 1379 in
734 1340 786 1379 aere
796 1341 839 1390 per
856 1330 904 1380 lroe

98 1396 158 1461 quod
181 1397 271 1462 aliquod
290 1398 429 1449 obstaculum
452 1403 577 1463 poneretur
595 1398 755 1449 illuminationi
776 1398 844 1462 solisq
867 1399 903 1450 ita

100 1469 169 1519 etiam
181 1470 278 1523 charitas
294 1469 369 1521 statim
383 1471 460 1523 deficit
469 1484 519 1523 esse
532 1472 558 1521 in
571 1472 660 1535 anima,
671 1485 713 1537 per
725 1473 768 1520 troc
778 1468 840 1529 quod
853 1470 901 1522 aii-

99 1542 160 1609 quod
170 1541 310 1595 obstaculum
319 1541 411 1607 ponitur
418 1542 542 1595 intuentia
552 1540 901 1602 chaitatiatulieoinauimam.
917 1552 921 1555 ·

100 1614 245 1669 llanilestum
259 1618 295 1669 est
309 1618 386 1667 antem
400 1614 460 1679 qudd
473 1628 514 1679 per
527 1616 644 1679 quodlibet
658 1616 752 1666 monde
763 1617 903 1679 peceatum,

98 1689 160 1751 quod
169 1688 252 1739 divinis
263 1687 382 1755 preceptis
392 1687 548 1747 contrariatur,
559 1687 652 1751 ponitur
659 1685 774 1751 praedictae
787 1685 902 1737 infusioni

99 1759 254 1822 obstaculum
272 1759 324 1823 quia
344 1772 373 1807 ex
389 1759 433 1809 hoc
451 1758 501 1823 ipso
522 1758 583 1822 quod
603 1759 672 1807 homo
688 1756 793 1820 eligendo
806 1756 903 1819 prefert

99 1835 217 1897 peecatum
231 1830 314 1881 divine
326 1826 444 1891 amicitia,
460 1842 511 1891 quae
522 1827 650 1892 requiritut
660 1827 701 1879 liei
710 1827 852 1885 uoluntatem
862 1842 902 1881 se-

99 1914 203 1965 quamur,
224 1912 365 1962 consequens
381 1902 416 1950 est
434 1899 552 1950 utstatim
569 1913 610 1965 per
626 1913 695 1951 unum
713 1903 789 1949 acturo
810 1900 902 1962 peccati

98 1972 198 2023 mortalis
208 1970 300 2021 habitus
312 1969 428 2021 charitatis
445 1970 559 2034 perdatur.
574 1970 639 2022 Unde
653 1974 676 2021 et
690 1970 830 2033 Augustinus
843 1971 900 2022 dicit

98 2043 163 2105 vili,
178 2056 255 2107 cuper
270 2040 355 2092 Gerres.
368 2042 404 2093 ud
413 2043 538 2102 litteram,
548 2041 609 2106 quod
621 2059 635 2090 (ι
646 2044 715 2093 lromo
726 2042 771 2092 lieu
785 2041 829 2093 sini
839 2056 899 2106 prae-

98 2118 163 2165 sente
175 2112 323 2177 illuminatur,
343 2114 436 2169 ahsente
454 2117 531 2168 autem
543 2113 652 2165 murinco
665 2115 807 2176 terremotur,
827 2114 898 2179 aquo

98 2198 145 2237 nou
154 2184 257 2237 locorum
270 2183 407 2248 interuallis,
420 2186 461 2237 sed
470 2185 595 2237 uolnnmtis
609 2186 727 2237 aversione
737 2186 894 2236 disceditur»

128 2254 163 2305 ld
181 2254 278 2317 primum
296 2268 349 2318 ergo
363 2256 496 2319 dicendum,
514 2256 574 2320 quod
595 2258 689 2307 uerbum
703 2256 807 2321 origenis
823 2259 897 2321 potest

97 2338 144 2379 uno
158 2326 225 2375 modo
236 2324 268 2375 sic
285 2325 394 2393 intelligi,
410 2328 469 2393 quod
485 2328 605 2394 huncqui
616 2332 652 2379 est
670 2330 693 2378 in
711 2333 771 2379 statu
781 2327 895 2392 perlecto,

98 2410 142 2453 non
164 2396 238 2448 subito
256 2398 358 2462 procedit
377 2398 401 2450 in
419 2405 494 2451 actum
513 2401 602 2465 peceati
621 2400 732 2451 mortalis.
750 2400 795 2449 Sed
813 2400 841 2448 ad
854 2400 897 2451 luco

98 2467 224 2533 disponitur
236 2482 277 2533 per
288 2470 386 2537 aliquam
396 2471 558 2537 negligentiam
568 2472 737 2539 precedentem
747 2474 790 2534 (1).
801 2470 866 2523 Unde
874 2476 897 2523 et

104 2611 107 2615 -
131 2576 163 2640 (ll
178 2582 250 2634 Quam
269 2576 372 2627 insinuat
392 2593 485 2639 quoque
501 2582 624 2640 origenes,
637 2580 690 2627 erim
704 2580 730 2625 in
748 2578 793 2625 tine
814 2580 897 2637 rapior

99 2642 177 2689 addit:
192 2644 291 2689 restituet
304 2644 367 2701 quod
383 2656 431 2704 per·
446 2645 622 2704 oeqliperrtr'om
633 2645 717 2704 [wat
730 2644 835 2700 morum.
849 2646 895 2690 Neo

99 2717 128 2755 aa
141 2705 230 2753 tandm
241 2706 376 2763 intelligitur
384 2708 523 2765 negligentia
533 2720 581 2763 qur
593 2707 730 2765 memmimus
743 2706 895 2763 operariaed

99 2778 147 2827 qua
159 2772 237 2826 petere
250 2769 360 2817 auxilium
375 2768 478 2819 divinum
491 2776 586 2829 propter
603 2770 808 2829 presumptionem
824 2769 895 2828 utali-

100 2828 189 2893 gimne,
207 2836 233 2878 ut
249 2832 582 2895 animumanimumum
599 2832 739 2882 molliebat.
