1992 3317
123 189 174 246 aar.
264 175 374 238 muunon‘
387 190 516 245 moa,
533 187 628 243 onnon.
643 190 674 245 a,
690 188 747 235 oar.
763 180 785 233 r:

156 280 180 327 2.
195 274 323 334 Pmterea,
337 269 413 322 nullos
431 271 512 336 poenul
525 269 551 319 iu
568 282 596 321 eo
613 268 673 334 qnod
689 268 762 319 vitano
775 276 822 321 non
836 271 942 338 potest,

125 347 258 414 quinorum
271 347 391 410 peceatum
404 345 440 393 eut
457 341 622 409 voluntarium.
635 341 682 392 Sed
700 352 747 391 nun
761 343 799 414 est
811 340 837 391 in
852 346 943 406 potes-

124 424 173 471 tate
183 417 298 480 hominis,
312 415 373 481 quod
385 415 543 466 infidelitatem
557 414 633 479 vitet,
647 412 715 478 quim
730 414 803 466 uitare
821 428 872 466 non
896 432 945 483 po-

123 496 172 544 test
187 490 233 542 nisi
250 491 317 541 iidem
330 488 451 551 hahendo;
466 486 523 538 (licit
535 486 595 537 enlm
608 487 731 551 Apostolus
746 486 781 537 od
796 488 886 549 llum„
899 492 943 543 X:

128 580 143 612 u
156 560 272 622 Quomodo
285 556 378 611 credent
390 558 413 609 ei
425 570 493 623 quem
510 570 558 609 uon
571 556 706 609 audierunt?
719 554 839 616 Quomodo
854 564 946 613 antem

126 634 222 686 audient
234 633 284 684 sine
296 630 449 699 proruente?
461 646 476 679 o
497 628 556 696 lngo
574 628 696 682 infidelitas
710 642 756 682 non
773 628 868 683 videtur
884 645 945 689 esse

144 710 256 760 euentum

126 722 143 773 p
159 782 183 830 t.
199 779 325 841 aretem,
341 775 401 829 siem
413 774 499 829 dietum
511 776 546 827 eet
562 774 599 839 (1,
612 778 636 839 e,
648 772 741 838 qumi,
752 776 795 824 art.
816 774 859 843 t),
881 787 947 833 sunt

125 852 216 917 septem
229 850 287 902 vitia
299 850 419 916 capitalia,
429 850 457 900 ad
468 860 519 914 quat
533 848 714 921 omniapecoata
724 848 876 899 reducuntur.
889 852 947 907 Sub

125 922 190 975 nolo
203 927 280 975 antem
294 924 375 975 hurum
388 922 478 973 videtur
500 920 611 973 contineri
624 917 753 972 infidelitas.
770 918 832 984 lingo
849 921 946 980 inlide-

126 994 180 1047 litas
196 1007 243 1047 nun
264 998 301 1047 est
313 996 443 1061 peecatum.
720 1046 729 1055 ,,

159 1066 206 1120 sel
216 1071 310 1129 uonna,
320 1066 398 1117 virtuti
411 1065 561 1118 contrariatur
574 1064 666 1117 uitium.
679 1061 722 1115 Seu
733 1062 789 1115 lldes
799 1066 836 1115 est
851 1066 947 1137 virtus,

128 1139 165 1192 eui
185 1139 334 1191 euntrmiatur
346 1136 476 1189 infidelitas.
491 1134 550 1201 rorgo
565 1136 687 1189 infidelitas
700 1139 735 1187 est
747 1139 882 1201 precntum.

160 1212 320 1279 (Coumusro.
332 1208 497 1261 -lulidelitaa
518 1208 624 1273 negative
648 1211 755 1273 sumpta,
771 1208 849 1272 magis
868 1218 949 1277 piena

129 1286 166 1335 est
178 1282 246 1346 uulua
258 1283 390 1345 peecatum
403 1284 427 1331 at
437 1280 561 1332 infidelitas
575 1279 687 1331 contrarie
702 1282 813 1343 accepta,
823 1294 873 1347 qaia
888 1288 949 1349 quis

127 1353 181 1406 ildei
191 1352 315 1416 repugnat,
325 1349 363 1403 uel
375 1352 450 1416 ipsam
460 1350 594 1415 contemnit,
605 1354 724 1415 peceatum
737 1354 783 1401 est.
795 1350 804 1417 l

160 1424 295 1489 Respondeo
309 1422 446 1486 ditandum,
460 1422 521 1487 quon
534 1421 657 1475 infidelitas
671 1420 791 1487 duplieiter
805 1426 884 1493 aeuipi
901 1446 949 1497 po.

126 1498 174 1547 test
186 1510 192 1544 :
206 1508 253 1546 uno
266 1495 335 1546 modo
351 1494 477 1547 seeundum
492 1503 573 1561 param
589 1495 779 1559 negationemut
794 1496 889 1551 dicatur
905 1500 947 1555 iu-

127 1566 203 1618 litelis
215 1578 244 1617 ea
259 1568 304 1618 hoo
321 1565 371 1617 solu
387 1565 445 1631 quot
464 1577 511 1617 nun
530 1562 598 1616 hahet
609 1562 693 1631 lidem3
711 1566 755 1617 aliu
776 1568 846 1621 molo
859 1574 949 1635 potest

127 1637 228 1703 intelligi
244 1634 367 1690 infidolltas
386 1638 511 1690 monadum
525 1637 707 1690 contrarietatem
728 1638 757 1689 ad
779 1640 865 1705 iidem,
886 1635 951 1710 quia

129 1705 216 1761 salico
234 1708 316 1773 nmquis
334 1713 446 1774 repugnat
470 1708 558 1760 auditui
581 1708 647 1775 fidel,
661 1709 788 1774 ueletiam
810 1716 950 1770 contemnit

127 1781 218 1847 ipsam,
231 1780 354 1833 seeundum
372 1780 429 1831 illud
452 1782 512 1839 lou„
537 1778 587 1831 Llll
604 1797 615 1831 ·:
633 1798 647 1830 u
660 1780 715 1839 Quis
732 1782 829 1833 eredidit
852 1788 950 1842 auditui

129 1853 227 1904 nostro?
238 1868 253 1900 o
266 1853 297 1903 lit
308 1850 333 1901 in
341 1853 387 1903 hoe
398 1852 516 1917 perficitur
529 1852 585 1903 ratio
599 1852 755 1915 infidelitatis,
771 1856 795 1903 et
809 1861 949 1913 secundnm

129 1925 175 1976 hoe
192 1923 313 1975 infidelitas
331 1926 368 1974 est
387 1924 515 1989 peecatum.
531 1922 556 1973 Si
575 1926 651 1977 autem
668 1924 793 1989 oooipiatnr
809 1932 950 1985 meandum

130 1994 278 2059 negationem
289 2007 383 2058 puram,
395 1995 456 2046 sient
471 1995 498 2045 in
511 1994 557 2047 llliu
572 1996 613 2061 qui
626 1995 687 2047 -nilril
701 1996 824 2049 audierunt
836 2001 867 2051 du
887 2004 949 2071 fide,

129 2079 179 2120 non
193 2066 262 2127 habet
275 2064 386 2118 rationem
397 2066 493 2131 pennati,
503 2068 543 2119 sed
555 2066 627 2131 magis
639 2080 724 2131 poeno;
735 2066 790 2133 quia
805 2070 860 2123 talis
873 2074 950 2139 igno-

129 2136 206 2192 rantia
224 2136 353 2189 munuum
375 2147 404 2188 ex
421 2137 518 2205 peraeto
533 2136 601 2203 puni
620 2136 720 2203 parentis
743 2146 873 2195 ouureenta
896 2154 949 2202 est,

132 2210 175 2270 otri
190 2211 267 2261 numm
279 2208 312 2260 eiu
327 2211 382 2275 eunt
393 2208 511 2273 inlldeles,
527 2211 661 2262 damnamur
675 2210 767 2276 quidem
780 2218 881 2278 propter
899 2220 951 2271 alin

129 2284 239 2348 peneum,
252 2295 304 2347 quae
316 2279 366 2335 sine
382 2280 426 2334 lide
439 2282 525 2334 remitti
539 2290 586 2334 nun
597 2285 708 2348 poseont3
721 2286 859 2337 nouantem
875 2289 951 2343 dam-

129 2355 215 2405 nantur
230 2357 322 2419 propter
343 2353 484 2405 infidelitatis
504 2359 630 2420 peecatum.
653 2355 717 2407 Unde
738 2354 859 2409 Dominus
884 2362 952 2416 dicit

131 2426 215 2490 loom,
229 2423 289 2477 xv:
305 2426 355 2477 usi
366 2439 414 2478 nun
426 2426 559 2491 venissem,
571 2430 594 2478 et
604 2427 694 2479 loeutus
709 2428 743 2479 eis
760 2434 809 2479 non
825 2426 949 2501 inissem,

129 2499 250 2565 pemutum
269 2509 316 2550 non
335 2497 453 2550 haberent.
470 2514 484 2546 o
500 2498 565 2557 Quod
579 2502 696 2563 exponens
710 2500 855 2562 augustiuus
868 2502 952 2571 dicit,

128 2570 192 2635 quon
206 2570 366 2637 eloquiturrle
380 2571 421 2622 illo
431 2570 525 2638 peteme
537 2582 582 2638 utro
596 2582 643 2624 non
654 2570 800 2624 erediderunt
812 2572 839 2623 in
859 2574 952 2631 Cirris·

130 2643 188 2694 tum.
206 2657 220 2693 o
479 2659 481 2662 ·

161 2712 197 2765 ld
208 2714 308 2780 priimum
319 2721 374 2779 ergo
387 2715 523 2780 mulum,
535 2714 594 2781 quii
608 2710 692 2769 habere
704 2712 785 2778 illem,
801 2728 852 2769 non
865 2722 907 2771 est
924 2722 955 2773 ln

131 2790 213 2838 namra
231 2789 346 2852 hnmana3
358 2789 399 2839 sed
411 2789 528 2841 inmatura
540 2791 641 2841 hnmana
659 2793 693 2841 est
710 2793 736 2840 ut
754 2800 820 2840 mens
835 2791 955 2845 honrinis

132 2870 182 2921 uun
196 2862 308 2925 mongum
318 2858 421 2912 inemori
433 2861 565 2927 mainetii,
577 2866 601 2915 ot
614 2862 720 2916 exteriori
732 2861 842 2916 vortam-
855 2868 958 2929 prndi-

135 2930 219 2990 eatioro'
237 2929 316 2990 :unte
327 2930 449 2993 nitentat
468 2936 594 2995 meinent
608 2936 652 2993 nuo
666 2939 704 2994 eet
723 2938 957 2995 comanitarum.
