1992 3317
134 210 168 275 a‘d'
245 238 258 260 ι
291 234 505 289 rumusculum,
521 236 614 283 oonsr.
630 215 674 290 ιι,
689 211 742 278 aar.
756 210 774 278 c
831 210 837 217 ’

164 314 209 367 Sed
220 316 315 367 contra:
329 315 378 365 Lux
391 314 456 381 ponit
466 314 551 381 aliquid
563 313 731 369 luilluminato.
749 314 793 368 Sed
809 313 882 381 gralia
898 317 938 368 est
993 364 995 369 .

133 390 236 451 quedam
249 388 288 439 lux
302 388 392 447 anime,
408 386 467 439 undu
486 387 628 451 Augustinus
640 388 695 438 dicit
710 387 733 437 in
750 385 808 438 libro
827 387 865 438 De
877 391 933 438 act.

132 462 157 507 et
170 460 239 523 prul.
256 460 316 525 (cap.
329 459 386 522 til:
404 475 418 506 (ι
431 458 628 510 Praevaricatorem
639 458 698 521 legis
711 459 779 523 digne
794 458 835 509 lun
848 458 938 510 deserit

132 530 250 591 ueritatis,
263 544 309 596 qua
323 532 426 581 desertus
444 530 523 594 utique
541 530 567 579 tlt
579 544 661 582 cacus.
680 546 694 578 u
710 530 769 594 Ergo
782 530 854 595 gratia
868 531 938 595 ponit

133 601 219 666 aliquid
231 603 256 654 in
267 602 351 654 anima.

165 674 325 739 (Conclusio.
340 702 370 712 -
380 676 437 725 Cum
447 673 541 739 diligere
550 674 581 725 sit
595 674 654 724 uelle
664 674 730 724 alteri
743 674 838 737 bonum,
846 674 938 741 licique

132 745 237 797 voluntas
252 760 326 798 rerum
340 746 370 797 sit
384 758 462 809 causa,
477 748 563 795 certum
576 750 612 797 est
623 745 718 809 matiam
734 758 775 795 seu
785 745 937 798 dilectionem

132 817 176 868 Dei
192 832 281 886 semper
295 818 395 885 aliquid,
410 830 491 887 nempe
508 817 531 868 id
550 818 611 883 quod
629 817 650 868 ei
667 817 728 879 uult,
743 817 768 867 in
788 816 862 867 amma
881 819 938 883 ejus

131 902 199 953 quem
213 888 286 955 diligit
299 890 408 950 efficere.)

163 960 299 1025 llespondoo
313 962 449 1024 dicendum,
463 962 524 1026 quod
539 961 663 1013 secundum
677 972 820 1013 communem
840 960 939 1012 modurn

131 1032 255 1095 loquendi,
268 1032 383 1097 tripliciter
398 1035 486 1098 qratia
507 1032 579 1098 accipi
596 1033 723 1085 consueuit.
737 1032 787 1083 Uno
805 1032 873 1082 modo
891 1047 938 1097 pro

131 1104 253 1154 dilectione
276 1104 397 1169 alicujus.
391 1124 397 1137 ·
417 1105 475 1156 sicut
498 1105 662 1157 consuevimus
682 1104 757 1155 dicere
780 1105 840 1169 quod
858 1120 872 1152 c
890 1104 939 1157 iste

132 1175 198 1225 mims
210 1176 279 1227 hahet
288 1175 382 1239 gratiam
391 1176 467 1240 regis,
480 1192 494 1223 u
506 1175 528 1227 id
538 1181 583 1239 est,
594 1190 658 1227 cren
671 1177 739 1227 habet
750 1190 801 1227 eum
813 1178 912 1239 patum.
922 1194 938 1226 ιι

132 1247 237 1298 Secundo
250 1246 346 1298 sumitur
362 1260 404 1311 pro
422 1247 498 1313 aliquo
517 1248 577 1299 dono
596 1248 665 1329 gratis
680 1249 755 1299 dato.
768 1247 827 1297 sicud
839 1260 941 1300 consue-

131 1317 206 1369 vimus
216 1318 307 1369 dicere:
320 1335 334 1366 ιι
345 1318 406 1367 lianc
416 1320 511 1381 gratiam
521 1319 579 1371 lucio
589 1316 639 1370 tloi
649 1336 663 1367 ι
676 1318 752 1369 'lertio
762 1320 827 1369 modo
837 1321 941 1372 sumitur

131 1404 172 1453 pro
188 1390 397 1453 recompensatione
408 1391 513 1443 mnedcli
524 1391 595 1455 gratis
610 1391 673 1441 dati·
688 1390 813 1441 secundam
826 1390 889 1453 quod
900 1393 941 1443 di-

42 1488 45 1491 ·
131 1462 203 1515 cimur
225 1474 290 1527 agere
310 1462 394 1527 gratias
410 1463 580 1514 benedictorum.
599 1464 698 1521 Qumum
721 1461 793 1513 trium
807 1462 941 1515 seeundum

132 1534 245 1598 dependet
262 1545 291 1585 ex
303 1534 390 1598 primo;
405 1548 433 1585 ex
447 1548 525 1585 amore
538 1536 601 1585 euim
617 1547 664 1598 quo
678 1533 761 1597 aliquis
779 1534 849 1585 halet
861 1530 941 1587 'aliurn

120 1608 250 1669 pratum,
262 1606 364 1671 procedit
372 1607 433 1670 quod
443 1607 528 1670 aliquid
537 1608 560 1658 ei
571 1606 642 1671 gmtia
653 1606 783 1670 impendut3
793 1620 824 1657 ex
832 1608 941 1660 secundo

131 1680 209 1729 autem
229 1677 329 1743 procedit
348 1678 524 1743 tertiumque
544 1692 574 1729 cu
598 1678 718 1730 beneficiis
736 1677 806 1741 gratis
826 1678 942 1731 exhibitis

131 1746 255 1811 aretinum
269 1747 329 1801 actio
341 1749 465 1813 consurgit.
480 1752 594 1810 ιιιιιιιι
607 1749 720 1813 igitur-ad
732 1750 779 1799 duo
792 1749 873 1803 ultim
886 1764 942 1803 ma·

132 1820 243 1871 nilesmm
254 1824 291 1873 est
302 1822 363 1885 quod
374 1822 447 1885 pratia
459 1820 546 1884 aliquid
558 1820 624 1885 pouit
635 1820 662 1870 in
674 1833 704 1872 eo
716 1821 756 1885 qui
768 1821 864 1885 gratam
877 1823 942 1873 acci-

131 1891 183 1955 pit:
197 1892 373 1955 primoquidem
392 1892 466 1956 ipsum
479 1893 563 1943 dunum
574 1892 644 1955 gratia
656 1892 746 1955 datum3
757 1893 857 1943 secundo
867 1894 943 1958 liujus

132 1961 186 2012 doni
203 1962 365 2025 coguitionem.
389 1963 432 2013 Sed
450 1967 561 2027 quantum
578 1963 608 2013 ad
626 1962 724 2027 primum
732 2000 742 2026 ,
759 1965 795 2013 est
808 1962 942 2016 differentia

132 2034 269 2087 uincienda
282 2034 342 2084 circa
359 2034 455 2097 gretiam
467 2034 509 2085 nai
525 2038 550 2085 et
561 2033 658 2096 matum
671 2034 783 2098 hominis3
803 2034 858 2099 quia
873 2036 941 2087 enim

133 2105 218 2157 honum
232 2108 340 2157 creatura
355 2106 460 2169 prouenit
472 2118 502 2157 ex
516 2106 631 2157 uoluntate
647 2106 739 2169 dirim,
751 2106 803 2156 ideo
820 2120 850 2156 ex
863 2106 940 2158 dilec-

132 2176 194 2227 tione
208 2176 264 2237 liei,
280 2177 386 2241 quauult
403 2180 511 2227 creatura
524 2177 625 2238 bouum
640 2177 732 2242 puolluit
745 2176 835 2239 aliquod
850 2178 941 2230 bouum

132 2246 280 2300 increatum.
289 2248 399 2299 Voluntas
411 2250 489 2299 autern
501 2248 600 2299 hominis
609 2248 943 2313 moueturexbouopruexis·

132 2321 194 2373 mole
211 2318 235 2367 in
250 2319 317 2369 rebus
331 2322 372 2369 :et
384 2319 437 2370 inde
454 2320 562 2383 estquod
576 2320 667 2371 dilectio
684 2319 783 2371 hominis
796 2331 843 2369 non
858 2329 942 2374 causat

132 2389 231 2443 totaliter
246 2390 279 2441 rei
300 2389 439 2453 hominium,
456 2392 496 2442 sed
511 2391 666 2455 praesupponit
683 2391 758 2454 ipsam
772 2391 809 2441 uel
828 2390 854 2440 in
871 2399 942 2455 part-e

133 2462 169 2512 vel
182 2462 209 2513 in
222 2465 277 2513 tolo.
294 2462 366 2513 Putat·
376 2462 534 2527 igilur‚‘quod
547 2463 671 2527 quamlibet
685 2462 727 2513 liei
738 2462 884 2515 dilectionem
899 2480 942 2519 se-

132 2533 209 2595 quitur
221 2533 313 2597 aliquod
325 2534 408 2585 honum
417 2534 442 2585 in
456 2537 559 2585 modum
572 2538 700 2595 causatum,
711 2548 758 2585 nou
774 2538 850 2584 umen
863 2535 943 2588 dilec-

132 2605 190 2659 tioni
204 2610 296 2658 eternae
311 2610 457 2659 coeternum.
478 2609 507 2659 lit
520 2609 643 2658 smundum
657 2607 790 2671 hujusmodi
803 2609 857 2659 boni
870 2610 945 2663 dille·

132 2675 228 2729 ronliam
247 2678 353 2730 differens
368 2680 523 2731 consideretur
536 2678 628 2729 ddectio
640 2678 682 2729 liei
693 2680 722 2730 ad
736 2683 872 2730 creaturam.
888 2683 942 2734 Una

133 2748 223 2813 quidem
235 2750 362 2805 communis
374 2754 500 2804 secundum
508 2763 599 2813 quamn
608 2751 769 2813 diligitomniu
781 2765 834 2815 que
846 2756 913 2816 suni,
926 2772 942 2803 o

134 2825 158 2869 ιιι
171 2820 333 2888 dicutursop
346 2823 942 2890 ll,secundun1quamodrenaturalcrcbuscreatis

133 2893 166 2942 lar
183 2878 235 2944 lm.
253 2895 303 2945 ilia
321 2898 396 2962 autem
413 2886 504 2961 dilectio
527 2897 562 2952 cst
582 2892 700 2970 speciale,
710 2880 844 2956 secumrim
867 2911 942 2961 quam

133 2968 155 3015 ιι
186 2965 203 3017 t
216 2968 341 3022 creaturam
352 2962 489 3021 rationalem
497 2961 566 3034 sopri
575 2953 730 3022 conditionem
746 2969 833 3022 natue
842 2966 870 3018 ad
884 2983 943 3036 par
