1992 3317
139 106 185 155 stt
260 113 371 152 sscunuu
386 111 517 156 sueonos,
531 110 622 156 ounsr.
639 111 703 161 usn,
718 111 774 150 nr.
792 113 819 150 u.

139 206 189 259 qus
200 193 318 242 manentes
333 189 418 240 eudem
432 191 456 238 et
471 187 595 240 seeundum
605 187 764 251 substantiam,
777 193 803 240 et
815 191 937 242 seeundum

136 265 175 330 jus
188 261 292 322 dominii,
306 262 334 312 eb
349 271 394 310 uno
407 262 505 322 possunt
516 259 544 308 ud
561 258 630 308 adum
647 259 765 310 devenire.
774 261 821 311 Sed
835 260 895 312 sieut
910 264 939 312 ub

139 332 269 399 hujusmodi
286 332 353 382 rebus
365 343 452 380 nomeu
466 329 651 380 commutationis
665 331 799 380 translatum
812 337 849 383 est
862 335 890 384 ud
902 346 938 384 ne-

139 405 214 457 tiones
228 404 265 456 uei
278 401 413 466 passiones,
427 414 478 466 que
492 401 607 464 pertinent
618 403 647 452 ud
662 402 816 454 reverentiam
829 406 866 455 vet
881 406 939 471 inju-

139 477 197 526 rism
214 473 309 537 adonius
325 485 429 536 persons
449 485 490 522 seu
512 477 674 524 moruorum
692 474 731 524 ud
746 477 875 537 pmteeeum
892 478 938 526 :iu

140 546 208 596 edun
222 557 303 594 nomeu
316 543 466 594 restitutionis
482 543 771 608 antecessorumque
782 546 839 596 lieet
851 548 939 597 realiter

141 631 186 667 nou
194 619 309 677 moueant,
319 618 395 666 umen
406 614 634 675 manentinedeetu,
645 617 683 665 sel
696 618 884 683 eorpomti,putd
891 633 938 669 orn

141 702 170 740 ex
180 686 327 751 percussione
342 686 432 738 luditur
444 699 541 750 corpus,
554 685 592 736 uei
605 686 646 748 qui
658 689 696 737 est
706 687 733 736 iu
749 688 860 752 opinione
869 692 939 741 homi·

142 773 205 821 uum,
222 759 281 808 siout
293 771 345 808 uum
360 757 441 820 uliquis
452 757 521 808 uerbo
533 757 681 822 opprobrioso
693 763 799 810 remane
810 759 939 820 infametis,

142 832 179 882 vel
191 828 260 881 etium
272 829 396 882 minoratus
411 830 436 880 iu
448 843 489 880 suu
501 831 595 880 donne.

173 904 207 953 nd
224 901 317 952 tertium
335 902 468 965 dicendum,
483 901 543 965 oudd
556 902 734 966 reeompensetio
749 917 821 967 sunm
834 905 939 955 mids-

144 973 246 1026 tribuum
256 973 277 1025 ei
286 975 323 1026 cui
333 974 477 1024 dedituuinus
486 987 555 1040 quam
563 973 652 1036 debuit,
660 973 691 1024 sit
699 988 742 1038 per
750 976 937 1040 sompnmtieuen

144 1046 180 1098 sui
196 1047 222 1098 ud
236 1059 299 1109 reur;
315 1050 341 1104 ut
360 1045 379 1095 si
394 1049 478 1110 quantu
496 1044 570 1094 minus
583 1045 664 1096 mouit
683 1059 752 1109 quum
768 1047 865 1109 debuit,
882 1050 938 1097 nuto

144 1120 195 1186 plus
206 1118 227 1172 ei
240 1119 347 1170 detunidt
359 1118 410 1170 ideo
418 1117 576 1182 jum—pertinet
583 1117 613 1168 ud
622 1117 735 1181 iustitiam
746 1119 936 1170 sommutudmm,

445 1297 601 1348 sustentus
612 1298 641 1348 11.

149 1422 234 1467 Utru'em
246 1421 278 1467 sit
296 1422 453 1468 necessarium
462 1420 494 1466 ud
508 1423 612 1466 soletum
627 1421 690 1479 quoe
699 1423 750 1478 fiat
759 1424 881 1469 restitutio
896 1426 937 1480 pus

426 1485 489 1541 qeod
498 1485 607 1530 obtutum
616 1488 659 1530 est.

177 1614 210 1665 nd
220 1612 343 1664 secuudum
356 1611 389 1662 sio
398 1611 528 1676 proceditur
534 1611 579 1674 (1).
587 1611 680 1662 Videtur
689 1610 752 1676 qudd
760 1625 810 1663 nou
822 1611 856 1662 sit
867 1624 937 1662 neess-

147 1685 231 1740 sarium
245 1685 272 1734 sd
287 1684 382 1736 satutem
393 1682 453 1747 qudd
469 1683 509 1732 dut
521 1682 695 1747 restitutiuejus
709 1684 772 1746 quod
787 1684 889 1734 abietum
899 1685 937 1732 est.

147 1758 210 1818 Quod
225 1757 286 1810 eninr
299 1759 333 1806 est
346 1755 494 1820 inpossibile,
510 1767 557 1806 non
566 1755 638 1806 ustde
652 1753 788 1805 neusmitute
797 1755 891 1806 -sniutis
899 1752 939 1802 sed

148 1828 267 1892 aliquando
280 1826 418 1890 impossihile
430 1830 465 1878 est
476 1826 595 1876 restituere
607 1825 630 1876 id
639 1825 700 1888 quod
710 1828 748 1875 est
761 1826 880 1888 notntum,
894 1823 939 1889 pud

148 1913 201 1950 oum
219 1898 399 1962 uliquisubstulit
412 1897 479 1948 ulioui
494 1898 620 1948 membrum
636 1897 675 1947 uel
685 1896 766 1948 mem.
781 1899 842 1961 Ergo
855 1910 901 1947 nou
911 1895 940 1943 ri·

148 1972 214 2022 detur
227 1985 277 2022 esse
297 1972 325 2022 de
343 1969 480 2020 ueuessitets
493 1967 575 2018 salutis
587 1967 648 2032 quod
667 1968 749 2032 utonis
763 1969 871 2020 restituet
887 1966 939 2031 quod

148 2041 213 2092 elteri
228 2041 328 2092 obstulit.

180 2117 203 2160 s.
219 2115 342 2172 prunnon,
357 2112 500 2162 summittere
517 2110 607 2174 uiiquod
619 2114 739 2175 pestutum
753 2126 801 2162 non
815 2115 853 2164 est
865 2112 892 2162 de
907 2122 940 2159 ue·

149 2183 253 2236 cessitate
266 2183 355 2246 salutis,
370 2183 424 2248 quia
436 2183 468 2248 pie
485 2185 553 2235 nomo
568 2188 630 2234 esset
643 2183 774 2247 perplexus.
786 2185 835 2236 Sed
845 2182 939 2249 quando

149 2271 193 2320 que
203 2256 258 2306 iliud
267 2257 328 2320 quud
339 2257 440 2306 aufertur
445 2293 453 2320 ‚
462 2269 510 2306 uon
520 2260 596 2320 potest
607 2256 698 2306 restitui
711 2254 763 2306 sine
776 2260 883 2320 peumto,
895 2253 940 2318 pun

149 2341 199 2378 uun
213 2325 264 2392 quis
274 2326 434 2378 stitutionem
446 2327 548 2388 abstulit,
558 2341 638 2379 verum
648 2327 821 2390 dteendoAErpo
833 2324 940 2378 resdueu

149 2399 248 2450 ablatum
264 2401 355 2449 nonest
369 2398 397 2449 de
409 2399 547 2451 necessitate
559 2399 648 2450 mintis.

182 2475 205 2520 3.
220 2471 351 2530 Praeterea,
365 2471 425 2533 quod
447 2471 531 2521 tautum
545 2476 595 2534 est,
612 2485 659 2523 uon
674 2474 752 2536 petest
762 2470 815 2522 fieri
826 2475 852 2522 ut
863 2471 939 2522 fedum

151 2555 196 2593 uon
213 2541 289 2592 tuerit.
308 2542 351 2592 Sed
365 2541 484 2605 aliquando
502 2542 571 2592 uliuui
583 2543 685 2593 aufertur
695 2543 769 2594 honor
783 2555 832 2594 sues
845 2551 938 2607 persons

150 2627 179 2664 ex
199 2615 244 2666 hoe
258 2616 309 2678 ipso
325 2614 384 2678 quod
398 2626 478 2677 passus
496 2617 533 2664 est
545 2615 573 2664 uh
594 2614 672 2686 utiquo
684 2613 771 2678 injuste
789 2627 844 2666 eum
861 2612 939 2675 vitupe-

184 2764 218 2823 (1)
232 2767 265 2810 lte
282 2763 318 2810 uis
331 2765 401 2810 etium
417 2767 459 2824 tv,
475 2765 553 2815 Senot..
565 2767 620 2815 dist.
633 2766 674 2828 15,
684 2779 726 2825 qn.
737 2767 762 2829 1,
775 2774 821 2816 ert.
837 2768 863 2828 8,
875 2777 939 2825 qnot-

151 2826 224 2870 tiuuo.
237 2826 264 2880 25
282 2830 305 2870 et
317 2825 442 2882 Qooottd„
452 2829 495 2874 xit
501 2863 510 2889 ‚
523 2834 567 2876 ert.
578 2829 603 2877 d.
