1992 3317
146 121 192 170 'tot
276 131 385 170 suenum
400 131 530 183 omnum,
549 116 643 174 onnon.
659 132 700 183 nu,
718 131 773 168 rur.
789 133 819 168 ιι,

146 208 295 274 eonstitnatur
304 207 398 258 ultimus
409 207 470 269 linio
481 207 525 258 erit
534 207 661 258 inordinata
674 211 698 257 et
713 207 795 257 illicite
804 205 905 258 dileetio.
915 206 939 256 llt

145 280 190 330 ltoe
201 281 268 330 modo
284 279 312 328 ad
329 291 429 328 amorem
443 278 518 328 cornis
528 279 645 329 ordinatur
656 278 780 342 prudentia
790 279 875 329 earnis.

177 350 211 400 ld
228 350 318 399 tertium
338 349 475 411 dicendum,
489 349 550 412 qudd
572 349 674 400 diabolus
695 363 737 400 nos
754 353 888 401 tenletnon
907 361 942 413 per

94 462 97 466 Δ
148 421 238 470 modom
251 417 390 482 appetibilis,
399 421 439 470 sed
451 433 493 483 per
503 420 592 470 modum
607 420 757 483 suggerentis
776 421 806 471 Et
820 421 882 484 ideo,
897 434 942 471 eun

146 490 264 554 pundentlu
282 490 390 553 importet
410 491 513 542 ordinem
534 491 561 540 ed
582 491 680 554 aliquem
701 491 771 542 linem
789 493 942 556 appetibilem,

147 573 192 614 tlon
205 561 237 610 ita
255 560 336 610 dieitur
348 563 488 625 prudentia
502 561 614 620 diodoli,
635 562 694 612 sieut
707 563 830 626 prudentia
844 568 943 628 respectu

148 632 244 694 alicujus
263 633 316 681 meli
331 633 398 697 linis,
412 634 455 684 snlr
468 635 534 706 eujps
547 633 636 684 ratione
650 636 724 684 tentet
739 647 783 684 uos
797 636 911 696 mundns,
925 639 943 683 et

147 715 215 763 mro,
227 702 252 751 in
264 707 375 766 qnantum
389 703 477 755 seilicet
494 711 651 769 proponuntur
669 704 735 754 uoltis
751 705 780 754 ad
794 707 944 769 appetendum

148 773 208 823 hona
221 773 314 834 mnndi,
331 775 368 824 rel
381 775 464 826 omnm.
478 776 508 825 Et
524 775 576 825 ideo
594 775 678 824 dieitur
693 775 835 838 prudentia
849 777 942 833 camis,

148 847 173 893 et
180 844 396 909 etiamprudeutr'a
407 847 509 906 muudi,
517 845 641 896 seeundum
651 845 707 895 illud
718 847 788 901 Luc..
799 847 868 896 xvl:
880 847 944 896 «Filii

149 915 219 978 liujus
238 916 314 966 seculi
332 916 490 980 prudentiores
508 921 562 967 suut
578 917 604 966 iu
628 917 773 980 generatione
792 931 852 980 sne,
870 923 914 969 elo.
934 933 944 962 u

149 987 271 1049 Apostolus
281 990 357 1038 autom
369 990 442 1038 totum
455 989 628 1052 comprehendit
641 989 683 1037 sulr
698 987 844 1051 prudentie
861 990 944 1045 cornu,

149 1056 204 1120 quin
224 1058 293 1108 etiam
305 1059 430 1109 exteriores
447 1073 484 1109 res
503 1059 581 1110 mnndi
594 1059 723 1123 appetimus
741 1061 837 1122 propter
854 1073 944 1110 earnem.

151 1129 321 1179 Potesttamen
339 1130 385 1179 diei
402 1129 471 1192 qnod,
486 1131 538 1194 quio
548 1130 669 1194 prudentia
679 1129 852 1192 quodammodo
872 1131 944 1181 dieitur

151 1200 292 1262 rapientia,
305 1203 331 1249 ut
343 1199 411 1263 suprd
424 1201 568 1262 dictumest,
582 1201 633 1252 ideo
647 1201 773 1250 seeundum
783 1202 832 1251 tres
846 1202 945 1252 tentatio

152 1282 193 1318 nes
203 1272 280 1332 potest
290 1269 387 1333 intelligi
400 1271 481 1334 triplex
491 1272 618 1336 prudentie.
633 1271 697 1322 Unde
714 1269 803 1327 taceo,
818 1273 859 1334 tlt,
874 1265 956 1322 disilm'

152 1339 263 1402 sapientia
279 1353 330 1391 esse
345 1345 479 1404 «emor,
493 1341 612 1405 animulis,
628 1344 651 1392 et
667 1341 793 1404 diabolice,
810 1359 825 1390 u
845 1347 874 1393 nt
886 1341 944 1406 sopri

151 1409 279 1475 expositum
292 1412 407 1477 est,el1m
422 1413 451 1465 de
466 1412 580 1477 sapientia
593 1415 704 1476 ageretur.

446 1587 606 1642 reticulos
621 1592 649 1640 ll.

248 1717 333 1762 Utrttm
345 1714 474 1772 prudentio
482 1715 563 1760 earnis
571 1715 603 1759 rit
612 1717 734 1771 peecatum
746 1717 861 1763 mortale.

186 1844 220 1893 od
237 1844 359 1894 seeundum
372 1841 406 1891 eie
420 1841 557 1905 proceditur.
570 1839 735 1902 Videtnrqudd
747 1841 948 1904 prudentiamne

152 1914 184 1964 sit
194 1916 313 1977 peecatum
326 1912 428 1962 mortale.
438 1911 624 1962 Rebellareenim
638 1911 720 1960 diuino
733 1911 779 1973 legi
788 1915 825 1961 est
834 1917 946 1976 peecatum

155 1985 262 2044 mortale,
272 1981 374 2046 qniaper
387 1984 431 2032 hoe
440 1983 501 2032 lleus
514 1981 674 2032 contemnitur.
689 1981 756 2031 «Sed
772 1983 897 2046 prudentia
910 1997 949 2031 rar·

156 2053 195 2104 nis
208 2053 240 2117 ll)
256 2065 301 2102 non
315 2057 351 2102 est
363 2051 468 2116 subjecto
485 2053 531 2116 legi
543 2053 602 2115 ltei,
615 2067 629 2100 u
645 2054 672 2100 nl
684 2051 781 2102 hebetur
796 2054 881 2112 llom„
899 2054 947 2102 lllll.

156 2125 216 2188 Ergo
232 2124 351 2187 prudentia
363 2124 438 2174 earnis
451 2129 487 2174 est
496 2126 615 2188 peecatum
627 2124 728 2184 mortulo.

189 2200 213 2244 2.
227 2196 347 2256 Praetrrm,
361 2208 428 2246 omne
440 2198 559 2259 peceatum
573 2195 597 2244 in
613 2193 722 2258 Spiritum
738 2196 842 2244 sonetum
856 2198 893 2245 est
903 2207 947 2259 peo-

156 2270 232 2316 eetum
246 2266 350 2316 mortale.
364 2266 409 2316 sed
420 2265 539 2328 prudentia
549 2264 623 2315 earnis
635 2264 724 2314 uidetur
733 2277 786 2315 ¹esse
799 2269 919 2329 peceatum
929 2265 948 2312 in

155 2337 265 2400 Spiritum
281 2340 397 2399 sanotnm3
414 2337 533 2387 nonenim
547 2339 623 2400 polest
642 2348 693 2386 esse
708 2335 811 2399 suhjeote
833 2335 946 2399 legino,

156 2411 182 2457 nt
198 2407 290 2468 dieitur,
302 2409 383 2466 llum„
392 2406 442 2456 Vlll
454 2410 494 2457 :et
507 2405 539 2458 ita
553 2407 642 2458 uidetur
655 2419 707 2456 esse
720 2410 841 2470 peecatum
855 2406 948 2457 irremis-

156 2477 238 2538 rilrlle‚
251 2479 310 2541 qnod
324 2482 360 2529 est
371 2476 487 2542 proprium
504 2477 592 2541 peceati
604 2477 629 2526 in
644 2476 752 2541 Spiritum
764 2481 879 2528 sendum.
896 2477 947 2537 Ergo

156 2549 278 2612 prudentie
291 2550 366 2600 earnis
375 2552 410 2599 est
422 2552 540 2612 peecatum
552 2549 653 2600 mortale.

191 2710 221 2773 (l)
236 2714 280 2759 Vel
301 2710 377 2771 (qnod
391 2712 452 2758 idem
469 2708 519 2772 est)
536 2713 657 2769 supientia
668 2711 768 2760 curuis,
782 2713 808 2754 ut
821 2709 946 2767 exprimitur

157 2788 219 2822 veru.
235 2775 265 2831 7,
279 2774 321 2818 etsi
332 2772 471 2833 prudentio
489 2775 583 2819 nomine
595 2807 601 2832 ,
615 2787 637 2818 v.
653 2773 677 2818 6.
693 2773 729 2819 sie
747 2773 809 2817 enlm
824 2773 857 2816 ibi
869 2769 942 2828 plent:

157 2838 221 2884 Nous
227 2835 366 2894 medendo
379 2837 462 2882 ceroto
474 2847 540 2885 erroro
552 2839 601 2888 ert,
609 2838 725 2894 quonium
738 2835 863 2894 replentia
873 2832 944 2882 norst
