1992 3317
138 160 191 239 loe
243 164 352 239 sennem
368 192 496 247 summu,
513 194 605 242 ouum.
624 195 695 248 nm,
713 194 771 237 nur.
788 196 832 239 nu.

133 277 216 343 postea
230 288 305 325 amane
318 274 449 339 desineret,
463 275 523 338 qued
536 287 583 325 non
601 277 662 325 esset
672 287 732 326 vera
743 275 881 329 dilectionis.
895 280 948 333 Sed

138 350 158 401 si
177 348 276 397 charitas
297 348 412 397 amittatur
431 360 461 397 er
476 345 626 396 mutabilitate
646 346 743 411 subjecti
760 352 838 399 contra
859 364 951 417 propo·

139 420 208 470 situm
222 417 351 481 charitatis,
367 419 427 482 quod
441 418 466 467 in
480 430 522 468 suo
535 421 586 467 actu
602 417 733 479 includitur,
746 420 790 469 troc
809 434 855 472 uon
873 436 951 487 repu-

141 494 194 553 gnat
208 490 298 540 ueritati
316 490 442 541 charitatis.

173 564 206 612 dd
216 563 309 613 tertium
321 563 449 626 dicendum,
457 561 518 626 qndd
526 575 589 613 amor
597 561 638 613 [lei
645 576 735 629 semper
741 576 824 627 magna
833 570 950 629 operatur

143 636 169 684 in
175 636 321 699 proposito,
330 635 390 699 qurod
399 634 498 700 pertinet
509 634 654 685 adtalionem
666 635 796 699 charitatis3
807 642 950 693 nontamen

140 718 228 771 semper
248 719 329 771 magna
346 709 451 772 operatur
473 708 498 756 in
521 708 593 771 octo,
606 710 700 771 propter
720 707 873 759 conditionem
892 712 950 763 sub-

138 778 204 841 jecti.

171 848 205 899 nd
222 854 326 913 quartum
347 850 480 913 dicendum,
499 848 560 913 qnod
575 847 671 899 chantas
684 849 812 901 secundum
830 852 949 906 rationem

141 920 251 971 suiectus
261 920 362 971 excludit
373 934 439 972 omne
452 920 564 971 motivum
573 920 603 970 ad
612 925 740 985 peceatum.
751 921 796 972 Sed
805 924 948 989 quandoque

132 993 253 1061 ,contingit
265 992 324 1056 quod
338 992 436 1042 chadtas
448 996 501 1041 actu
515 1004 562 1041 non
572 992 634 1055 agit3
647 995 671 1042 et
680 995 737 1042 tuuc
750 996 828 1055 potest
841 994 947 1046 interue-

142 1064 189 1115 nire
203 1064 294 1127 aliquod
310 1064 419 1115 motiuum
429 1064 456 1113 ad
466 1062 616 1126 peccandum,
627 1063 667 1113 cui
676 1063 697 1113 si
712 1064 878 1131 consentiatur,
891 1068 950 1119 cha·
992 1119 994 1128 ,

141 1134 197 1189 ritas
210 1134 328 1187 amittitm.
404 1188 407 1193 ,
837 1142 841 1145 ’

426 1232 586 1284 sustentus
601 1233 650 1283 xli.

104 1345 108 1353 '
201 1348 287 1394 Utritm
303 1347 409 1393 conotus
425 1349 607 1457 emittatazaper
615 1361 693 1393 necron
706 1352 789 1394 actem
801 1352 895 1407 peceati

268 1422 271 1425 ·
490 1424 544 1455 mor
579 1424 609 1457 ce.

177 1531 211 1581 Ad
227 1530 384 1582 duodecimum
398 1530 432 1581 sic
446 1529 574 1595 proceditur
592 1528 637 1594 (1).
654 1528 749 1581 Videtuu
763 1527 823 1592 quid
841 1531 951 1585 ciuitas

145 1616 192 1655 uon
211 1603 326 1653 amittatur
339 1616 465 1667 perunum
484 1605 560 1653 actum
572 1601 661 1666 peccati
678 1600 787 1653 mortalis.
801 1601 865 1651 llicit
882 1605 953 1656 euim

145 1674 253 1741 Origenes
267 1676 291 1726 in
308 1676 326 1725 1.
342 1677 468 1725 Perierat.
484 1674 518 1738 (Ξ)
534 1690 539 1723 :
556 1673 607 1724 «Si
626 1673 746 1737 aliquando
766 1673 863 1725 satietas
886 1680 953 1741 capit

145 1748 244 1811 aliquem
258 1761 286 1799 ex
296 1746 332 1797 his
342 1746 383 1810 qui
397 1746 421 1795 in
434 1759 524 1797 summo
540 1744 688 1809 perlectoque
699 1744 846 1795 mustiterint
861 1748 951 1813 gradu,

144 1832 190 1869 non
201 1818 296 1868 arbitror
308 1817 369 1881 qudd
380 1818 408 1867 ad
417 1816 518 1866 subitum
528 1816 580 1879 quis
590 1819 721 1876 evacuetur,
733 1818 774 1865 aut
786 1816 895 1881 decidat3
906 1822 951 1873 sed

144 1890 263 1951 paulatim,
276 1902 303 1937 ac
313 1888 384 1937 etiarn
394 1901 436 1951 per
449 1890 525 1951 partes
534 1900 586 1938 eum
595 1886 699 1938 decidere
710 1899 805 1937 necesse
813 1890 859 1938 est.
872 1906 886 1936 u
900 1890 949 1942 Sed

144 1960 213 2009 homo
227 1958 309 2009 decidit
320 1958 454 2009 charitatem
466 1958 585 2009 amittens.
597 1958 657 2022 lingo
669 1959 767 2008 charitas
776 1971 824 2009 nou
835 1960 953 2014 amittitur

144 2042 185 2093 per
198 2042 267 2079 uuum
281 2029 355 2079 solnm
373 2032 449 2080 actum
462 2028 553 2093 peccati
567 2029 677 2080 mortalis.

176 2105 199 2150 Ξ.
214 2102 339 2164 Praeterea,
353 2100 400 2151 Leo
410 2113 469 2164 papa
481 2100 537 2151 dicit
556 2101 583 2149 iu
595 2102 714 2150 Sermone
724 2100 757 2151 de
768 2102 885 2154 Poenicae
901 2105 951 2170 (3),

145 2172 263 2236 alloquens
276 2174 383 2223 Petrum:
398 2190 411 2222 u
422 2172 484 2223 Vidit
498 2173 522 2222 iu
537 2177 560 2223 te
573 2172 683 2230 Dominus
706 2187 753 2225 nou
770 2174 838 2225 tidem
855 2175 950 2241 dictam,

145 2258 192 2295 nou
212 2244 354 2295 dilectionem
368 2258 485 2307 auersam,
500 2245 540 2294 sed
557 2244 706 2295 constantiam
724 2244 795 2296 luisse
820 2246 950 2300 turbatam.

145 2315 275 2371 libundauit
284 2318 349 2367 fletus
360 2316 400 2366 ulti
408 2330 455 2367 non
466 2316 541 2367 delicit
551 2317 656 2380 allectus,
665 2320 689 2368 el
699 2317 751 2368 lons
759 2316 878 2369 charitatis
890 2318 953 2371 lavit

146 2389 214 2439 uerba
226 2388 361 2439 formidinis.
373 2404 387 2435 n
403 2390 437 2438 Ex
449 2390 493 2440 hoc
510 2388 597 2453 accepit
614 2390 742 2440 Bernardus
752 2391 813 2454 quod
827 2389 885 2441 dicit
895 2408 910 2439 n
926 2392 952 2444 in

146 2464 215 2513 Petro
223 2460 355 2512 charitatem
364 2474 411 2513 nou
421 2461 492 2512 tuisse
501 2460 635 2525 extinctam,
647 2462 688 2513 sed
703 2462 809 2527 sopitam.
820 2478 836 2511 n
846 2462 893 2514 Sed
901 2466 951 2515 Pe-

182 2586 212 2649 (1)
227 2592 259 2637 Ile
271 2590 308 2636 his
320 2591 390 2637 etium
401 2592 424 2635 in
437 2592 484 2649 ΙΙΙ,
502 2588 580 2639 Seni„
591 2591 645 2637 dist.
665 2590 693 2637 sl
701 2624 708 2652 ,
723 2604 764 2649 qu,
780 2591 808 2651 1,
821 2598 866 2640 art.
881 2593 911 2650 ¹5
927 2600 953 2643 et

147 2666 187 2709 qu.
199 2654 227 2712 2,
243 2653 270 2698 de
285 2654 363 2714 uerit,
376 2658 419 2699 nrt.
432 2652 447 2697 6
458 2658 482 2699 et
491 2657 535 2699 art.
549 2651 588 2701 13.

179 2723 210 2789 (2)
225 2730 260 2773 Ex
271 2738 345 2783 greco
359 2725 411 2797 περὶ
421 2727 510 2797 ἀρχῶν,
525 2727 574 2773 siue
593 2729 628 2774 De
634 2728 794 2789 principiis,
805 2735 831 2774 nt
847 2742 900 2789 cap.
914 2731 950 2794 3,

146 2810 217 2860 prope
226 2798 308 2856 tinem,
325 2798 431 2843 hebetur.

179 2868 209 2931 (3)
226 2871 313 2927 Nempe
328 2873 400 2916 Serm.
413 2874 457 2929 lx,
476 2872 516 2917 ubi
531 2872 659 2920 moeream
671 2876 744 2934 fidem
755 2876 875 2922 nonsatis
887 2872 949 2921 flde-

143 2932 195 2979 liter
212 2933 351 2991 exempluria
369 2933 474 2991 quedam
485 2934 578 2996 legunt,
596 2942 623 2983 nt
642 2938 705 2984 circu
719 2937 789 2984 tinem
807 2936 886 2985 ridere
898 2944 948 2985 est,
