1992 3317
48 240 112 295 boda.
127 256 144 291 ε
155 240 247 305 diesen,
267 239 298 291 td
320 240 372 307 cat,
383 254 436 307 epe.
450 242 511 307 largo
531 252 584 307 spes
600 244 636 295 εει
651 243 714 310 prior
731 244 850 299 charitate.

76 316 241 379 (ῦοεεεεειο.
253 340 286 351 -
294 313 437 378 Quamquam
455 314 544 379 origine
557 328 610 381 spes
621 317 731 369 charitate
742 318 804 383 prior
813 318 851 385 sit,

47 387 185 448 perfectione
195 390 276 437 tanuen
291 386 389 437 elanus
401 398 464 451 spem
476 386 615 450 antecedit.)
685 417 688 422 ,

75 458 213 523 Respondeo
231 458 368 520 dicendum,
381 456 443 521 quod
453 458 537 522 duplex
553 462 590 508 εει
605 460 659 511 ordo
671 476 746 513 ιεεεε
760 461 852 525 quidem

48 531 171 581 secundum
185 528 249 580 uiam
263 529 420 593 generationis
433 532 457 579 et
468 530 583 593 materie,
595 534 719 583 secundum
729 548 798 597 quam
809 534 853 584 ina-

11 624 12 629 1
47 600 172 661 perlectum
186 600 253 666 prius
263 604 300 651 est
308 600 425 665 periectc3
436 600 494 653 alius
505 605 582 652 autern
594 604 649 653 ordo
662 607 698 654 est
708 604 853 667 perfectionis

11 686 12 703 ι
48 675 69 720 ει
86 672 180 735 ierne,
201 673 331 723 secundum
344 684 415 735 εεεεε
431 674 572 736 perfectum
588 675 722 724 naturaliter
738 676 801 740 prius
816 681 852 728 est

47 742 188 805 imperfecto.
204 744 338 795 &cundum
355 754 410 805 ergo
426 742 526 812 priorum
539 743 641 795 udinem
660 759 714 809 spes
727 750 763 799 est
778 750 853 811 petor

48 814 164 865 charitate.
175 816 239 873 Quod
250 814 284 865 sic
292 816 371 878 patet,
383 812 437 877 quia
447 826 500 878 spes
508 816 533 864 ct
541 814 617 863 onruis
627 817 767 878 appetitivus
777 822 854 869 motus

47 897 72 933 eu
85 898 167 935 amore
179 886 310 948 derivatur,
323 888 349 936 ut
363 884 433 949 suprt
444 886 547 935 habiturn
558 888 594 936 est
606 886 649 949 (t),
660 900 711 936 cum
724 888 753 937 de
764 888 853 953 passio-

45 958 117 1005 nribus
130 960 238 1018 ageretur.
247 958 320 1010 Amor
331 960 409 1007 auten
418 956 510 1021 qudam
523 959 560 1007 εει
572 956 697 1020 perlectus,
707 958 801 1021 quiden
809 958 852 1011 im·

11 1072 12 1089 1
45 1029 172 1091 perlectus.
187 1029 305 1081 Perfectus
320 1028 415 1095 quidem
431 1042 493 1081 arnor
504 1033 554 1091 εει,
571 1041 617 1093 quo
630 1028 718 1094 aliquisvv
727 1032 854 1083 secundum

45 1113 66 1149 se
80 1102 187 1164 amatur3
202 1104 286 1165 utpote
298 1100 336 1150 oui
352 1098 435 1164 aliquis
441 1100 496 1157 *uult
513 1099 615 1164 nonum,
634 1099 695 1149 sicut
708 1101 777 1151 honio
793 1105 854 1151 emat

45 1171 152 1221 ornicum.
168 1170 319 1236 imperfectus
341 1184 406 1223 umor
427 1174 476 1234 est,
491 1184 537 1235 quo
554 1170 606 1235 quis
623 1174 685 1222 amat
704 1172 792 1235 aliquid
807 1186 852 1223 nou

11 1286 12 1293 ,
46 1244 169 1293 erundum
183 1242 273 1306 ipsum,
282 1243 324 1294 sed
336 1246 363 1291 ει
379 1240 436 1291 illud
447 1242 532 1291 bonurn
543 1242 642 1306 sibiipsi
654 1243 783 1308 proueniat
795 1243 855 1294 sicut

11 1350 12 1361 r
47 1315 111 1364 tomo
120 1317 185 1364 emat
193 1326 244 1364 rena
254 1326 323 1377 εεεεε
333 1311 483 1376 concupiscit.
496 1312 588 1363 Primus
595 1317 674 1364 eutem
684 1327 748 1365 amor
754 1314 856 1378 pertinet

47 1384 73 1431 ad
86 1384 296 1447 chanetencurt
304 1384 404 1437 inlustret
417 1386 469 1435 Deo
481 1384 607 1435 secundun
619 1384 730 1448 seipsum.
743 1386 786 1436 Sed
798 1400 854 1451 spes

46 1456 144 1515 pertinet
154 1456 185 1506 ad
198 1456 325 1507 secundum
338 1467 447 1519 amorem,
456 1455 511 1518 quia
523 1454 561 1503 ille
572 1453 611 1517 qui
622 1458 706 1518 sperat,
717 1455 801 1519 aliquid
811 1458 855 1507 sihi

46 1526 150 1577 obtinere
165 1526 276 1577 intendit.
292 1526 322 1576 Et
341 1524 394 1577 ideo
408 1525 435 1575 in
452 1525 489 1575 ria
506 1522 658 1588 generationis
669 1538 726 1589 spes
739 1529 777 1576 est
794 1526 857 1589 prior

45 1598 172 1647 claritate.
183 1598 248 1649 Siout
261 1598 325 1649 euim
337 1598 420 1661 aliquis
437 1595 588 1647 introducitur
607 1595 636 1645 ad
648 1597 773 1646 amandum
784 1598 857 1646 ileum

45 1682 88 1729 per
99 1669 150 1717 noc
162 1669 315 1731 εεεειιεεεεε
327 1670 355 1719 alr
367 1670 421 1733 ipso
433 1666 527 1733 puniri,
538 1670 613 1716 cessat
625 1666 638 1716 t
651 1671 762 1731 percute,
773 1670 800 1716 ut
813 1667 859 1716 lu.

11 1750 12 1761 ²
45 1738 160 1802 rustinus
173 1738 226 1789 dicit
240 1754 310 1806 super
322 1740 421 1805 primam
432 1737 570 1790 Canonicenr
586 1738 667 1800 loom
677 1736 710 1787 ita
723 1736 792 1787 etiam
803 1746 858 1801 spes

46 1809 174 1861 introducit
187 1812 216 1860 ad
230 1812 376 1873 claritatem,
386 1811 411 1859 in
423 1813 534 1873 quantum
545 1807 629 1871 aliquis
642 1820 737 1871 sperans
749 1820 857 1859 remune-

46 1881 117 1931 rarit
132 1882 181 1932 lteo
190 1882 322 1932 accenditur
335 1882 363 1932 ad
378 1880 500 1931 amandun
514 1880 601 1940 Deam,
616 1881 639 1929 et
647 1879 786 1929 seruandum
797 1892 856 1945 pre·

47 1957 115 2017 cepta
127 1953 191 2017 ejus.
200 1952 246 2003 Sed
259 1954 385 2003 secundun
396 1952 498 2003 ordinem
511 1949 674 2016 perfectionis,
684 1950 782 2002 clientas
794 1950 856 2016 prior

47 2031 82 2073 est
98 2024 248 2075 natumliter.
263 2024 293 2073 nt
308 2024 359 2075 ideo
374 2022 512 2075 adveniente
525 2020 648 2083 clarinto,
667 2035 720 2087 spes
732 2022 856 2087 perlectior

49 2098 163 2161 redditur,
178 2096 275 2161 quiade
288 2095 368 2146 amicis
376 2094 475 2145 maxime
488 2107 616 2159 εεειειεεε.
625 2095 654 2145 Et
664 2096 708 2145 hoc
719 2094 788 2146 modo
800 2094 855 2146 dicit

52 2169 184 2221 ambrosius
198 2168 260 2232 quod
269 2176 290 2215 'u
300 2170 352 2231 spes
363 2169 399 2219 est
417 2180 446 2217 er
461 2166 578 2217 chantate.
593 2182 608 2214 ε

80 2240 146 2291 Unde
159 2243 228 2305 patet
239 2237 361 2303 responsio
377 2239 406 2290 ad
416 2237 523 2301 primum.

79 2312 112 2361 nd
130 2312 260 2363 seeundum
274 2310 403 2373 dicendum,
414 2307 474 2373 quod
486 2320 540 2373 spes
552 2312 576 2359 et
586 2307 662 2359 omnis
677 2313 753 2360 motus
769 2307 857 2375 appeti·

53 2382 110 2433 tirus
131 2394 162 2433 ex
180 2394 261 2433 eruore
279 2380 389 2445 prouenit
407 2380 498 2444 aliquo,
518 2393 563 2443 quo
583 2379 671 2430 scilicet
693 2381 776 2445 aliquis
796 2385 857 2432 amat

51 2454 135 2505 ionum
148 2452 363 2518 exponemuset
376 2460 424 2501 non
437 2452 510 2502 omnis
523 2464 577 2515 spes
589 2451 696 2515 prouenit
707 2451 720 2501 t
733 2453 854 2515 charitate,

50 2528 87 2575 sed
104 2527 181 2577 solnm
196 2528 274 2576 notus
287 2524 338 2589 spei
351 2523 459 2587 formate,
471 2523 525 2587 qrria
535 2522 621 2573 scilicet
632 2521 713 2587 aliquis
725 2526 801 2587 sperat
813 2523 856 2574 ho·

49 2610 104 2647 num
119 2597 134 2647 t
151 2598 202 2648 lteo
214 2599 240 2646 ει
256 2595 285 2646 ab
300 2594 384 2645 εεείεε.

80 2748 114 2814 (1)
131 2747 190 2797 eura
204 2749 233 2811 1,
249 2748 274 2808 Ξ,
287 2762 328 2807 qu.
337 2746 378 2807 25,
393 2726 442 2794 turn
453 2754 497 2795 art.
515 2748 544 2804 1,
559 2726 601 2795 nbi
614 2750 721 2809 dicuntur
734 2750 856 2807 passiones

50 2813 175 2861 irascibilis
188 2826 219 2859 ox
233 2811 423 2869 concupiscibilis
437 2812 585 2868 passionibus
597 2812 737 2869 principium
748 2823 776 2857 ee
789 2812 858 2865 origi-

52 2888 100 2925 reru
115 2877 222 2932 tabem
238 2880 289 2921 tum
300 2874 384 2937 arod,
399 2874 441 2925 ulit
454 2874 561 2922 dicuntur
575 2886 657 2924 omues
671 2887 704 2930 ex,
715 2884 794 2928 errrore
803 2882 860 2927 earc-
