1992 3317
137 176 183 225 284
254 180 363 221 assuunt
377 180 506 232 secunus,
524 179 615 227 cussa.
633 182 688 231 rrv,
706 183 760 219 nar.
778 183 817 219 av.

139 280 153 311 a
166 250 215 313 lion
234 258 337 319 arbitror,
347 257 407 322 qndd
417 256 497 321 aliquis
510 270 540 306 cr
554 256 591 307 iris
603 256 643 319 qui
655 256 681 306 in
691 270 780 308 summu
790 259 978 321 perfectionis

139 334 207 397 gradu
227 329 382 392 consisterit,
399 329 427 379 ad
445 328 545 379 subitum
561 332 699 389 evacuetur,
720 332 759 378 aut
776 330 895 398 decidat3
922 339 978 386 sed

137 401 246 467 paulatim
261 412 287 449 ac
299 412 339 463 per
349 404 425 463 partes
439 412 489 449 curua
506 397 608 448 decidere
622 412 716 449 neeesse
729 402 774 449 est.
786 417 801 447 »
814 401 848 449 Et
866 406 976 456 eadem

137 472 194 523 ratio
205 474 252 533 est,
268 470 288 521 si
300 474 418 535 peccatum
431 470 455 519 in
468 468 577 533 Spiritum
594 474 698 519 sanctum
716 470 845 533 accipiatur
861 476 898 524 ad
917 477 977 526 lit-

138 548 209 595 teram
223 556 264 607 pro
276 542 416 605 blasphemia
429 540 528 604 Spiritus
540 540 622 589 sancti.
636 540 699 590 l'ulis
709 540 771 591 enirn
785 542 974 609 blasphemia,

139 616 167 666 de
182 628 226 677 qna
246 613 357 663 Dominus
369 612 478 675 loquitur,
494 625 584 675 semper
592 624 621 661 ex
632 612 725 661 malitia
737 616 881 677 contemptu
896 631 975 679 pro-

139 686 206 738 cedit.
221 685 244 735 Si
263 684 315 735 tend
328 698 368 749 per
378 687 498 748 peccatum
515 683 540 731 in
557 683 667 747 Spiritum
680 688 784 733 sanctum
797 684 976 750 intelligatur

139 760 213 812 linaiis
231 758 412 823 impoenitcntia,
426 757 550 807 secundum
564 756 703 807 intellectum
714 756 852 820 Augustini,
874 774 977 823 quaes-

140 830 224 882 tionem
246 843 292 879 non
309 830 390 891 habet3
409 827 462 891 quia
480 828 508 877 ad
526 831 644 891 peccatura
659 827 683 875 in
706 824 815 890 Spiritum
834 837 975 885 sanctum

141 901 262 965 requiritur
274 898 412 950 continuatio
425 901 568 961 peccatorum
588 911 662 961 nsque
678 898 703 947 in
719 898 786 947 linem
799 898 871 950 vitae.

174 972 208 1022 nd
227 971 324 1035 primurn
346 983 398 1033 crgo
417 968 550 1029 dicendum,
569 968 629 1033 qudd
648 972 695 1019 mun
711 968 810 1019 inbono
829 985 916 1033 quam
941 978 973 1027 iu

143 1044 216 1105 malo,
232 1046 257 1092 at
269 1040 294 1091 in
307 1040 408 1105 pluribus
417 1079 422 1101 ,
432 1039 561 1103 proceditur
573 1040 601 1089 ab
615 1040 749 1103 imperfecto
762 1040 791 1090 ad
805 1042 969 1108 perlectum,

143 1118 210 1179 prout
223 1114 291 1163 homo
302 1112 391 1176 proiicit
409 1112 445 1161 uel
462 1111 576 1174 inbono,
593 1111 631 1161 nel
647 1109 672 1160 in
688 1110 761 1175 raalc;
780 1114 805 1161 et
822 1115 917 1165 umen
939 1118 971 1170 in

143 1189 239 1249 utraque
261 1196 321 1232 unns
339 1185 416 1247 potest
430 1182 533 1247 incipere
550 1180 563 1231 d
580 1181 675 1246 maiori,
689 1196 756 1246 quam
771 1181 830 1233 alius
851 1200 858 1233 :
875 1190 904 1237 ct
929 1190 971 1243 ita

142 1256 198 1305 illud
210 1254 223 1303 l
234 1267 279 1316 quo
293 1253 378 1315 aliquid
394 1252 487 1317 incipit,
502 1256 579 1317 potest
592 1266 642 1303 esse
653 1253 780 1317 perlectum
791 1252 816 1303 iu
831 1254 904 1309 buno
922 1266 971 1313 vet

143 1326 169 1375 in
183 1325 241 1375 malo
255 1324 381 1374 secundum
395 1337 467 1387 genus
480 1338 559 1388 snum,
575 1324 628 1374 licet
646 1324 675 1374 sit
691 1323 853 1388 imperfectum
864 1340 969 1382 sccun-

143 1398 196 1445 dnra
213 1395 295 1445 seriem
313 1408 434 1459 processus
452 1395 564 1457 hominis,
575 1395 600 1443 in
613 1394 695 1445 melius
712 1394 750 1445 vel
770 1394 794 1443 in
808 1396 883 1460 pejus
894 1414 969 1464 pro.

145 1465 251 1517 licicntis.

174 1537 208 1588 ld
221 1538 344 1588 seeundum
358 1538 491 1600 dicendum,
503 1537 560 1600 qudd
573 1538 631 1589 ratio
644 1538 683 1587 illa
692 1538 795 1603 procedit
808 1538 835 1587 de
850 1550 968 1603 peccam

142 1608 262 1659 commisso
280 1622 309 1659 ex
321 1608 407 1659 malitia
424 1609 513 1672 quande
528 1610 562 1658 est
577 1620 606 1657 ex
619 1608 766 1658 inclinatione
780 1608 886 1660 habitus.

175 1681 209 1731 ild
220 1678 315 1731 tertiam
325 1680 458 1741 dicendum,
469 1679 530 1743 qudd
542 1679 561 1729 si
573 1678 697 1742 accipiatur
710 1680 900 1743 impoenitentia,
919 1699 964 1737 se-

145 1752 243 1803 eundum
253 1751 403 1801 intentionem
414 1750 549 1818 Augustini,
559 1750 683 1799 seeundum
696 1752 756 1814 quod
770 1750 882 1814 importat
897 1770 965 1819 per-

144 1822 283 1873 manentiam
297 1820 321 1870 in
341 1824 434 1885 peccato
451 1822 566 1884 usquead
582 1820 664 1884 finem,
680 1821 714 1871 sic
725 1821 819 1885 planum
836 1827 965 1887 estquod

143 1890 309 1956 impoenitentia
322 1893 477 1955 praesupponit
489 1894 597 1955 peecata,
607 1892 667 1941 sicut
680 1896 704 1942 et
715 1892 861 1956 paenitentia.
875 1896 928 1947 Sed
940 1901 965 1949 si

145 1960 263 2025 loquamur
282 1961 309 2010 dc
324 1961 490 2027 impoenitentia
504 1961 626 2025 habituali,
639 1964 764 2013 secandum
780 1965 840 2027 quod
854 1969 965 2029 ponitur

146 2032 235 2095 species
246 2032 334 2095 peccati
347 2032 371 2081 iu
381 2032 491 2096 Spiritum
504 2035 621 2096 sanctuar,
635 2033 668 2083 sic
683 2033 830 2084 manifestum
842 2040 881 2087 est
889 2040 963 2100 qudd

146 2102 311 2167 impoenitentia
323 2106 458 2166 potestesse
472 2104 540 2154 etiam
554 2107 729 2167 antepeccatn3
744 2108 822 2167 potest
834 2106 899 2156 euim
913 2109 961 2161 ille

146 2175 185 2237 qui
199 2184 314 2235 nunqnam
326 2172 441 2236 peccavit,
454 2174 538 2225 habere
549 2174 690 2238 propositum
701 2175 738 2225 vel
751 2175 896 2239 poenitendi,
914 2183 958 2231 nel

146 2254 193 2293 non
206 2242 342 2307 poeniteudi,
358 2245 377 2295 si
391 2245 533 2309 contingeret
544 2258 597 2296 cura
607 2258 713 2309 peccare.

145 2352 223 2398 uidere
235 2358 271 2397 est
282 2352 306 2397 in
319 2351 377 2413 line,
388 2360 513 2411 postquam
523 2355 552 2400 du
562 2356 683 2414 digniute,
700 2356 843 2413 proprietate
857 2370 887 2405 aa
897 2370 958 2415 per-

146 2426 202 2461 sona
216 2414 312 2473 Spiritus
323 2418 397 2463 sanati
409 2418 481 2465 multa
492 2418 643 2475 praecurritur
654 2417 768 2475 professu.
