1992 3317
139 88 184 136 tut
251 97 503 146 succumberemus,
520 95 613 141 onasr.
630 96 703 148 amr,
719 95 776 134 aar.
792 96 819 134 u.
964 44 966 91 Ι

138 169 270 233 acceptione
279 171 361 220 babere
373 169 439 218 tidem
451 167 541 218 Domini
554 168 626 217 nostri
635 168 690 218 lesu
701 169 793 218 Christi.
803 183 817 215 n
828 167 876 219 Ubi
886 166 933 217 dicit
964 186 966 193 ·

137 240 216 290 Glossa
232 239 364 303 Augustini:
377 255 391 286 u
400 238 457 297 Quis
471 238 530 288 ierat
541 237 561 287 si
573 238 625 302 quis
636 239 734 288 diuitem
742 237 811 302 eligat
823 240 853 289 ad
865 239 935 288 sedern
964 262 966 267 ·

139 311 231 362 honoris
253 310 372 373 Ecclesiae,
393 313 523 374 contemptu
544 321 645 373 paupere
660 309 805 362 instructiore
827 313 854 362 et
875 323 935 361 sane-

138 381 212 433 tiore?
223 379 254 430 u'

170 455 325 515 (Concrnsro.
337 478 367 490 -
379 455 530 504 Personarum
543 453 699 517 acceptionem
709 452 734 502 in
748 452 907 518 spiritualibus
914 453 934 502 eb

138 527 212 589 majus
226 527 342 588 peccatum
359 537 411 576 esse
425 528 514 574 certum
527 528 571 586 est,
583 523 629 588 qud
638 523 765 588 spiritualia
780 526 934 588 temporalibus

140 594 276 661 praestant.)

172 668 304 731 lteapoudeo
314 668 449 730 dicendum,
460 667 519 732 quod
535 666 592 718 sicin
602 668 688 718 dictam
699 671 735 720 est
746 668 799 733 (art.
812 669 850 731 l),
867 682 935 731 accep

140 740 173 789 tio
181 752 329 803 personarum
342 743 378 790 ast
389 743 516 804 peccatum,
524 739 550 788 in
558 744 667 803 qnantum
677 739 831 790 contrariatur
837 741 933 804 institia,

141 810 228 870 Quanto
248 815 325 861 autem
343 811 369 860 in
389 812 512 875 majoribus
532 811 615 874 aliquis
629 811 744 874 justitiam
764 813 943 875 transgreditur,-

142 882 205 933 tantb
219 882 310 946 grauius
327 885 414 946 peccat.
428 881 492 933 Unde
509 883 562 932 cum
581 883 708 946 spiritualia
718 881 770 933 siut·
783 885 933 947 temporalibus

140 954 242 1018 potiora,
253 954 344 1015 grauns
358 958 475 1018 peccatum
494 957 529 1004 est
548 965 658 1018 personas
670 954 772 1018 accipere
786 955 811 1004 in
825 955 933 1020 dispersu

141 1027 202 1077 tione
219 1027 382 1091 spiritualium,
397 1027 467 1090 qnam
490 1026 516 1075 in
532 1027 702 1090 dispensatione
726 1027 896 1092 temporalium.
914 1027 933 1074 a:

140 1101 194 1162 qrria
208 1111 353 1163 personarum
367 1097 467 1161 acceptio
479 1101 515 1147 est
527 1097 579 1146 cum
598 1097 682 1160 aliquid
697 1106 804 1161 personae
817 1099 933 1148 attnbnitu

141 1174 222 1234 praeter
231 1171 398 1234 proportionem
407 1169 532 1232 dignitatis,
544 1168 619 1235 ipsius
628 1169 772 1219 considerare
781 1173 872 1235 oportet
881 1167 931 1232 qnid

140 1242 237 1303 dignitas
251 1241 348 1304 alicujus
359 1251 463 1304 persona
476 1243 553 1304 potest
564 1240 650 1289 attendi
661 1240 800 1303 dupliciter:
816 1254 863 1291 nno
874 1239 931 1290 modo
964 1242 966 1309 l

140 1312 272 1374 simpliciter
281 1315 304 1360 et
315 1310 436 1361 secundum
448 1325 480 1374 se,
493 1311 561 1360 etsie
574 1309 668 1374 majoris
676 1310 796 1374 dignitatis
808 1316 846 1362 est
854 1313 889 1362 ille
902 1308 932 1372 qui
964 1314 966 1317 '

140 1383 211 1444 magis
227 1384 326 1434 abundat
339 1383 363 1432 in
382 1383 538 1447 spiritualibus
555 1384 635 1446 gratia
650 1381 730 1443 donis3
745 1383 792 1434 alio
812 1385 890 1442 modo,
900 1394 932 1444 per

140 1455 329 1518 comparationem
337 1455 365 1504 ad
372 1451 462 1504 bon'um
472 1465 600 1504 commune.
609 1453 727 1516 Contingit
737 1453 800 1504 enim
810 1455 932 1519 quandoque

141 1525 249 1589 quoditie
262 1529 300 1590 qul
318 1527 352 1576 est
365 1524 441 1574 minus
457 1528 549 1575 sanctus
563 1528 586 1575 et
599 1523 674 1573 minus
685 1524 759 1574 sdens
768 1563 776 1587 ,
786 1529 865 1589 potest
875 1523 932 1583 magis

142 1599 244 1648 conterre
261 1599 289 1648 ad
304 1597 388 1647 bonum
401 1608 536 1659 commune,
556 1600 650 1662 propter
663 1596 800 1660 potentiam,
816 1600 854 1650 vel
863 1598 931 1648 indus-

142 1669 208 1718 triam
222 1669 359 1731 secularem,
371 1668 407 1718 vel
419 1672 511 1732 propter
523 1667 607 1732 aliquid
623 1668 765 1732 hujusmodi.
784 1671 814 1720 Et
832 1670 886 1734 quia
897 1668 932 1717 db-

143 1741 288 1804 pausationes
303 1740 452 1804 spiritualium
467 1737 613 1803 principalitas
628 1741 761 1790 ordinantur
781 1743 810 1791 ad
827 1742 932 1791 utilitatem

143 1825 298 1876 communem,
317 1810 439 1862 secundum
455 1811 511 1861 illud
534 1811 543 1860 l
564 1811 600 1860 od
619 1811 690 1870 Cor„
703 1812 767 1862 llll:
789 1829 804 1860 n
819 1812 932 1873 Unicuique

144 1883 209 1933 datur
226 1883 377 1934 manifestatio
398 1882 491 1946 spiritus
509 1883 538 1932 ad
554 1882 688 1946 utilitatem;
706 1899 720 1928 n
735 1883 789 1934 ideo
809 1885 931 1948 quandoque

143 1953 227 2016 absque
246 1955 375 2018 acceptione
388 1967 534 2018 personarum
546 1954 571 2002 in
586 1953 755 2018 dispensatione
771 1955 928 2018 spiritualiun.

142 2023 175 2072 illi
188 2027 227 2088 qui
241 2030 294 2075 suunt
309 2025 440 2089 simpliciter
455 2023 530 2075 minus
546 2025 617 2084 boni,
635 2025 765 2075 melioribus
783 2027 928 2090 praeferuntur.

144 2093 207 2144 Sicut
223 2096 291 2144 etiam
306 2099 328 2146 ot
343 2098 401 2148 Deus
421 2096 507 2162 gratias
523 2096 592 2160 gratis
609 2096 675 2147 datas
690 2097 826 2162 quaudoque
844 2094 930 2148 concedit

144 2163 219 2215 minius
232 2167 308 2218 bonis,

175 2238 207 2288 ild
220 2237 317 2300 primum
331 2251 384 2304 ergo
399 2241 532 2302 dicendum,
547 2239 676 2304 quodcirca
687 2240 873 2302 consanguineos
886 2251 931 2302 pno-

143 2307 184 2358 lati
203 2308 388 2374 distinguendum
405 2316 460 2362 est:
482 2311 536 2376 quia
554 2313 689 2375 quandoque
710 2314 764 2360 sunt
777 2311 854 2361 minias
866 2308 931 2372 digni,

143 2383 167 2430 et
176 2379 308 2444 simpliciter
322 2385 346 2432 et
358 2389 400 2446 per
411 2386 539 2446 respectum
555 2384 582 2431 ad
596 2383 680 2432 bouum
694 2393 825 2432 commune.
840 2384 868 2431 Et
877 2382 905 2430 sic
916 2378 930 2426 si

144 2451 282 2515 dignioribus
294 2454 451 2517 proluuntur,
464 2457 500 2506 est
510 2460 629 2516 peccalum
640 2464 789 2516 personarum
805 2451 932 2518 acceptionis

144 2521 168 2572 in
184 2522 351 2588 dispensatione
370 2523 537 2588 spiritualium3
548 2537 643 2586 quorum
659 2523 767 2588 prelatus
781 2522 932 2574 emlesiasticm

145 2607 190 2644 non
204 2599 238 2646 est
254 2595 369 2658 domiuus,
379 2599 404 2644 ut
415 2595 488 2659 possit
498 2609 526 2645 ea
536 2596 588 2646 dare
600 2608 640 2659 pro
652 2594 731 2656 libito,
741 2595 931 2659 seddispensator,

144 2664 268 2714 moundirm
279 2666 333 2714 illud
345 2666 355 2714 l
365 2666 402 2714 ad
414 2667 482 2723 Cor„
496 2667 526 2714 lv
544 2681 549 2715 :
567 2683 581 2712 n
590 2666 678 2717 Sicnos
691 2665 810 2716 existimet
821 2669 899 2727 bono,
912 2667 932 2710 ul

144 2734 258 2785 ministros
270 2735 354 2787 Cirristi
366 2739 389 2786 et
400 2737 570 2801 dispensatores
579 2737 739 2800 mysteriorum
751 2737 803 2787 Dei.
812 2755 827 2785 u
840 2737 931 2796 mando-

143 2817 187 2870 que
198 2805 252 2858 verb
262 2807 423 2870 consanguinei
436 2809 525 2874 prolati
534 2807 685 2861 ecdesiastici
698 2812 753 2861 sunt
762 2809 827 2874 aque
841 2807 900 2876 digni
912 2807 932 2854 nt
