<?xml version="1.0" encoding="UTF-8"?>
<!DOCTYPE html PUBLIC "-//W3C//DTD XHTML 1.0 Transitional//EN"
    "http://www.w3.org/TR/xhtml1/DTD/xhtml1-transitional.dtd">
<html xmlns="http://www.w3.org/1999/xhtml" xml:lang="en" lang="en">
 <head>
  <title>
</title>
<meta http-equiv="Content-Type" content="text/html;charset=utf-8" />
  <meta name='ocr-system' content='tesseract 3.04.00' />
  <meta name='ocr-capabilities' content='ocr_page ocr_carea ocr_par ocr_line ocrx_word'/>
</head>
<body>
  <div class='ocr_page' id='page_1' title='image "./summatheologica03nicogoog_0284.png"; bbox 0 0 1992 3317; ppageno 0'>
   <div class='ocr_carea' id='block_1_1' title="bbox 8 156 865 2065">
    <p class='ocr_par' dir='ltr' id='par_1_1' title="bbox 55 156 865 1085">
     <span class='ocr_line' id='line_1_1' title="bbox 204 156 862 207; baseline 0.002 -3"><span class='ocrx_word' id='word_1_1' title='bbox 204 164 238 204; x_wconf 81' lang='lat' dir='ltr'><strong>nn</strong></span> <span class='ocrx_word' id='word_1_2' title='bbox 255 163 446 207; x_wconf 74' lang='lat' dir='ltr'><strong>nonsummum</strong></span> <span class='ocrx_word' id='word_1_3' title='bbox 465 167 577 205; x_wconf 82' lang='lat' dir='ltr'><strong>smnisuu</strong></span> <span class='ocrx_word' id='word_1_4' title='bbox 592 167 714 207; x_wconf 69' lang='lat' dir='ltr'><strong>sincrum.</strong></span> <span class='ocrx_word' id='word_1_5' title='bbox 816 156 862 205; x_wconf 74' lang='lat' dir='ltr'><strong>tta</strong></span> 
     </span>
     <span class='ocr_line' id='line_1_2' title="bbox 56 243 863 308; baseline 0.001 -15"><span class='ocrx_word' id='word_1_6' title='bbox 56 243 164 308; x_wconf 71' lang='lat' dir='ltr'><strong>accipitur</strong></span> <span class='ocrx_word' id='word_1_7' title='bbox 180 244 221 293; x_wconf 79' lang='lat' dir='ltr'><strong>laic</strong></span> <span class='ocrx_word' id='word_1_8' title='bbox 238 243 440 305; x_wconf 71' lang='lat' dir='ltr'><em>impoenitentia,</em></span> <span class='ocrx_word' id='word_1_9' title='bbox 453 245 576 293; x_wconf 78' lang='lat' dir='ltr'><strong>secundum</strong></span> <span class='ocrx_word' id='word_1_10' title='bbox 587 245 646 308; x_wconf 82' lang='lat' dir='ltr'><strong>quod</strong></span> <span class='ocrx_word' id='word_1_11' title='bbox 660 244 768 308; x_wconf 76' lang='lat' dir='ltr'>importat</span> <span class='ocrx_word' id='word_1_12' title='bbox 780 257 863 308; x_wconf 77' lang='lat' dir='ltr'><strong>propo</strong></span> 
     </span>
     <span class='ocr_line' id='line_1_3' title="bbox 57 313 865 378; baseline 0.002 -16"><span class='ocrx_word' id='word_1_13' title='bbox 57 315 123 363; x_wconf 82' lang='lat' dir='ltr'><strong>situm</strong></span> <span class='ocrx_word' id='word_1_14' title='bbox 139 328 187 365; x_wconf 89' lang='lat' dir='ltr'><strong>non</strong></span> <span class='ocrx_word' id='word_1_15' title='bbox 200 313 339 377; x_wconf 75' lang='lat' dir='ltr'><strong>poenitendi.</strong></span> <span class='ocrx_word' id='word_1_16' title='bbox 353 314 418 363; x_wconf 76' lang='lat' dir='ltr'><strong>iliud</strong></span> <span class='ocrx_word' id='word_1_17' title='bbox 429 318 504 364; x_wconf 85' lang='lat' dir='ltr'><strong>autom</strong></span> <span class='ocrx_word' id='word_1_18' title='bbox 520 318 554 365; x_wconf 78' lang='lat' dir='ltr'><strong>ost</strong></span> <span class='ocrx_word' id='word_1_19' title='bbox 560 315 661 378; x_wconf 82' lang='lat' dir='ltr'><strong>parvitas</strong></span> <span class='ocrx_word' id='word_1_20' title='bbox 668 319 693 365; x_wconf 86' lang='lat' dir='ltr'><strong>ct</strong></span> <span class='ocrx_word' id='word_1_21' title='bbox 700 315 798 364; x_wconf 76' lang='lat' dir='ltr'><strong>brevitas</strong></span> <span class='ocrx_word' id='word_1_22' title='bbox 807 314 865 364; x_wconf 85' lang='lat' dir='ltr'><strong>boui</strong></span> 
     </span>
     <span class='ocr_line' id='line_1_4' title="bbox 56 384 861 449; baseline 0.001 -16"><span class='ocrx_word' id='word_1_23' title='bbox 56 386 114 447; x_wconf 84' lang='lat' dir='ltr'><strong>qiiod</strong></span> <span class='ocrx_word' id='word_1_24' title='bbox 134 386 188 449; x_wconf 86' lang='lat' dir='ltr'><strong>quis</strong></span> <span class='ocrx_word' id='word_1_25' title='bbox 209 385 236 433; x_wconf 93' lang='lat' dir='ltr'><strong>in</strong></span> <span class='ocrx_word' id='word_1_26' title='bbox 260 388 355 447; x_wconf 80' lang='lat' dir='ltr'><strong>pcccstu</strong></span> <span class='ocrx_word' id='word_1_27' title='bbox 375 384 472 447; x_wconf 73' lang='lat' dir='ltr'><strong>quoni,</strong></span> <span class='ocrx_word' id='word_1_28' title='bbox 493 386 618 434; x_wconf 84' lang='lat' dir='ltr'><strong>secuudum</strong></span> <span class='ocrx_word' id='word_1_29' title='bbox 636 386 692 435; x_wconf 81' lang='lat' dir='ltr'><strong>illud</strong></span> <span class='ocrx_word' id='word_1_30' title='bbox 708 388 788 438; x_wconf 64' lang='lat' dir='ltr'><strong>noina„</strong></span> <span class='ocrx_word' id='word_1_31' title='bbox 808 386 861 434; x_wconf 82' lang='lat' dir='ltr'><strong>vl:</strong></span> 
     </span>
     <span class='ocr_line' id='line_1_5' title="bbox 57 454 863 519; baseline 0.004 -16"><span class='ocrx_word' id='word_1_32' title='bbox 57 474 69 503; x_wconf 84' lang='lat' dir='ltr'><strong>n</strong></span> <span class='ocrx_word' id='word_1_33' title='bbox 85 458 156 515; x_wconf 83' lang='lat' dir='ltr'><strong>Quom</strong></span> <span class='ocrx_word' id='word_1_34' title='bbox 172 469 229 519; x_wconf 79' lang='lat' dir='ltr'><strong>orgo</strong></span> <span class='ocrx_word' id='word_1_35' title='bbox 244 454 345 505; x_wconf 83' lang='lat' dir='ltr'><strong>tructam</strong></span> <span class='ocrx_word' id='word_1_36' title='bbox 363 456 476 506; x_wconf 79' lang='lat' dir='ltr'><strong>habuistis</strong></span> <span class='ocrx_word' id='word_1_37' title='bbox 492 461 547 506; x_wconf 85' lang='lat' dir='ltr'><strong>tuuc</strong></span> <span class='ocrx_word' id='word_1_38' title='bbox 561 457 586 505; x_wconf 90' lang='lat' dir='ltr'><strong>iu</strong></span> <span class='ocrx_word' id='word_1_39' title='bbox 601 457 656 517; x_wconf 81' lang='lat' dir='ltr'><strong>illis,</strong></span> <span class='ocrx_word' id='word_1_40' title='bbox 671 458 789 519; x_wconf 78' lang='lat' dir='ltr'><strong>inquibus</strong></span> <span class='ocrx_word' id='word_1_41' title='bbox 802 470 863 506; x_wconf 90' lang='lat' dir='ltr'><strong>nuuc</strong></span> 
     </span>
     <span class='ocr_line' id='line_1_6' title="bbox 56 526 862 589; baseline 0.004 -14"><span class='ocrx_word' id='word_1_42' title='bbox 56 526 201 579; x_wconf 77' lang='lat' dir='ltr'><strong>omboscitist</strong></span> <span class='ocrx_word' id='word_1_43' title='bbox 216 542 231 573; x_wconf 84' lang='lat' dir='ltr'><strong>u</strong></span> <span class='ocrx_word' id='word_1_44' title='bbox 251 526 326 589; x_wconf 80' lang='lat' dir='ltr'><strong>Cujus</strong></span> <span class='ocrx_word' id='word_1_45' title='bbox 337 526 488 579; x_wconf 83' lang='lat' dir='ltr'>consideratio</span> <span class='ocrx_word' id='word_1_46' title='bbox 504 528 610 578; x_wconf 79' lang='lat' dir='ltr'><strong>inducero</strong></span> <span class='ocrx_word' id='word_1_47' title='bbox 624 528 683 578; x_wconf 77' lang='lat' dir='ltr'><strong>solet</strong></span> <span class='ocrx_word' id='word_1_48' title='bbox 698 527 814 577; x_wconf 82' lang='lat' dir='ltr'><strong>homiuem</strong></span> <span class='ocrx_word' id='word_1_49' title='bbox 833 530 862 578; x_wconf 79' lang='lat' dir='ltr'><strong>arl</strong></span> 
     </span>
     <span class='ocr_line' id='line_1_7' title="bbox 59 596 862 661; baseline 0.004 -16"><span class='ocrx_word' id='word_1_50' title='bbox 59 599 101 647; x_wconf 83' lang='lat' dir='ltr'><strong>lroc</strong></span> <span class='ocrx_word' id='word_1_51' title='bbox 109 598 167 661; x_wconf 79' lang='lat' dir='ltr'><strong>quon</strong></span> <span class='ocrx_word' id='word_1_52' title='bbox 180 598 233 661; x_wconf 75' lang='lat' dir='ltr'><strong>eJus</strong></span> <span class='ocrx_word' id='word_1_53' title='bbox 246 598 353 647; x_wconf 83' lang='lat' dir='ltr'><strong>voluntas</strong></span> <span class='ocrx_word' id='word_1_54' title='bbox 365 596 389 645; x_wconf 91' lang='lat' dir='ltr'><strong>iu</strong></span> <span class='ocrx_word' id='word_1_55' title='bbox 398 602 491 661; x_wconf 85' lang='lat' dir='ltr'><strong>peccato</strong></span> <span class='ocrx_word' id='word_1_56' title='bbox 501 609 546 648; x_wconf 87' lang='lat' dir='ltr'><strong>nou</strong></span> <span class='ocrx_word' id='word_1_57' title='bbox 558 600 658 649; x_wconf 79' lang='lat' dir='ltr'><strong>firmetur</strong></span> <span class='ocrx_word' id='word_1_58' title='bbox 670 615 677 658; x_wconf 70' lang='grc' dir='ltr'><strong>ς</strong></span> <span class='ocrx_word' id='word_1_59' title='bbox 688 602 711 648; x_wconf 85' lang='lat' dir='ltr'><strong>ot</strong></span> <span class='ocrx_word' id='word_1_60' title='bbox 722 600 766 648; x_wconf 80' lang='lat' dir='ltr'><strong>troc</strong></span> <span class='ocrx_word' id='word_1_61' title='bbox 775 598 862 648; x_wconf 86' lang='lat' dir='ltr'><strong>tollitur</strong></span> 
     </span>
     <span class='ocr_line' id='line_1_8' title="bbox 59 667 862 733; baseline 0.004 -17"><span class='ocrx_word' id='word_1_62' title='bbox 59 682 99 730; x_wconf 82' lang='lat' dir='ltr'><strong>per</strong></span> <span class='ocrx_word' id='word_1_63' title='bbox 108 668 322 727; x_wconf 71' lang='lat' dir='ltr'><strong>obstinationem,</strong></span> <span class='ocrx_word' id='word_1_64' title='bbox 333 670 424 730; x_wconf 66' lang='lat' dir='ltr'><strong>mando</strong></span> <span class='ocrx_word' id='word_1_65' title='bbox 436 667 521 719; x_wconf 83' lang='lat' dir='ltr'><strong>scilicet</strong></span> <span class='ocrx_word' id='word_1_66' title='bbox 533 671 601 719; x_wconf 85' lang='lat' dir='ltr'><strong>homo</strong></span> <span class='ocrx_word' id='word_1_67' title='bbox 610 670 684 719; x_wconf 82' lang='lat' dir='ltr'><strong>firmat</strong></span> <span class='ocrx_word' id='word_1_68' title='bbox 698 684 764 719; x_wconf 87' lang='lat' dir='ltr'><strong>sunm</strong></span> <span class='ocrx_word' id='word_1_69' title='bbox 778 682 862 733; x_wconf 86' lang='lat' dir='ltr'><strong>propo·</strong></span> 
     </span>
     <span class='ocr_line' id='line_1_9' title="bbox 59 736 862 801; baseline 0.002 -14"><span class='ocrx_word' id='word_1_70' title='bbox 59 739 157 789; x_wconf 87' lang='lat' dir='ltr'><strong>sitnmin</strong></span> <span class='ocrx_word' id='word_1_71' title='bbox 175 741 221 788; x_wconf 87' lang='lat' dir='ltr'><strong>hoc</strong></span> <span class='ocrx_word' id='word_1_72' title='bbox 234 739 299 801; x_wconf 78' lang='lat' dir='ltr'><strong>qnod</strong></span> <span class='ocrx_word' id='word_1_73' title='bbox 313 742 408 801; x_wconf 78' lang='lat' dir='ltr'><strong>peccato</strong></span> <span class='ocrx_word' id='word_1_74' title='bbox 419 736 539 789; x_wconf 80' lang='lat' dir='ltr'><strong>iuhaeroat.</strong></span> <span class='ocrx_word' id='word_1_75' title='bbox 548 741 576 789; x_wconf 83' lang='lat' dir='ltr'><strong>Et</strong></span> <span class='ocrx_word' id='word_1_76' title='bbox 588 741 617 789; x_wconf 87' lang='lat' dir='ltr'><strong>do</strong></span> <span class='ocrx_word' id='word_1_77' title='bbox 629 739 665 789; x_wconf 86' lang='lat' dir='ltr'><strong>his</strong></span> <span class='ocrx_word' id='word_1_78' title='bbox 674 740 763 790; x_wconf 77' lang='lat' dir='ltr'><strong>duobus</strong></span> <span class='ocrx_word' id='word_1_79' title='bbox 779 740 862 790; x_wconf 80' lang='lat' dir='ltr'><strong>dicitur</strong></span> 
     </span>
     <span class='ocr_line' id='line_1_10' title="bbox 58 808 861 875; baseline 0 -16"><span class='ocrx_word' id='word_1_80' title='bbox 58 812 133 873; x_wconf 60' lang='grc' dir='ltr'><em>θέρη,</em></span> <span class='ocrx_word' id='word_1_81' title='bbox 145 812 214 860; x_wconf 84' lang='lat' dir='ltr'><strong>Vlll:</strong></span> <span class='ocrx_word' id='word_1_82' title='bbox 232 826 247 857; x_wconf 83' lang='lat' dir='ltr'><strong>u</strong></span> <span class='ocrx_word' id='word_1_83' title='bbox 258 810 342 859; x_wconf 87' lang='lat' dir='ltr'><strong>Nullus</strong></span> <span class='ocrx_word' id='word_1_84' title='bbox 355 812 391 857; x_wconf 89' lang='lat' dir='ltr'><strong>est</strong></span> <span class='ocrx_word' id='word_1_85' title='bbox 404 808 444 872; x_wconf 79' lang='lat' dir='ltr'><strong>nui</strong></span> <span class='ocrx_word' id='word_1_86' title='bbox 456 814 510 873; x_wconf 75' lang='lat' dir='ltr'><strong>agot</strong></span> <span class='ocrx_word' id='word_1_87' title='bbox 521 810 679 873; x_wconf 77' lang='lat' dir='ltr'><strong>poenitentiam</strong></span> <span class='ocrx_word' id='word_1_88' title='bbox 690 823 757 874; x_wconf 84' lang='lat' dir='ltr'><strong>supcr</strong></span> <span class='ocrx_word' id='word_1_89' title='bbox 769 814 861 875; x_wconf 72' lang='lat' dir='ltr'><strong>peccato</strong></span> 
     </span>
     <span class='ocr_line' id='line_1_11' title="bbox 60 880 862 946; baseline 0.001 -17"><span class='ocrx_word' id='word_1_90' title='bbox 60 895 100 931; x_wconf 91' lang='lat' dir='ltr'><strong>suo</strong></span> <span class='ocrx_word' id='word_1_91' title='bbox 116 882 195 931; x_wconf 82' lang='lat' dir='ltr'><strong>uicem</strong></span> <span class='ocrx_word' id='word_1_92' title='bbox 211 899 216 931; x_wconf 96' lang='lat'><strong>:</strong></span> <span class='ocrx_word' id='word_1_93' title='bbox 231 882 288 946; x_wconf 68' lang='lat' dir='ltr'><strong>quiri</strong></span> <span class='ocrx_word' id='word_1_94' title='bbox 298 880 360 931; x_wconf 79' lang='lat' dir='ltr'><strong>leci?</strong></span> <span class='ocrx_word' id='word_1_95' title='bbox 370 896 384 927; x_wconf 85' lang='lat' dir='ltr'><strong>n</strong></span> <span class='ocrx_word' id='word_1_96' title='bbox 396 886 505 943; x_wconf 84' lang='lat' dir='ltr'><strong>quantum</strong></span> <span class='ocrx_word' id='word_1_97' title='bbox 517 882 545 930; x_wconf 86' lang='lat' dir='ltr'><strong>ad</strong></span> <span class='ocrx_word' id='word_1_98' title='bbox 558 881 672 945; x_wconf 76' lang='lat' dir='ltr'><strong>primum,</strong></span> <span class='ocrx_word' id='word_1_99' title='bbox 686 883 793 931; x_wconf 79' lang='lat' dir='ltr'><strong>«Omnes</strong></span> <span class='ocrx_word' id='word_1_100' title='bbox 806 896 862 932; x_wconf 88' lang='lat' dir='ltr'><strong>oon-</strong></span> 
     </span>
     <span class='ocr_line' id='line_1_12' title="bbox 56 950 860 1015; baseline 0 -18"><span class='ocrx_word' id='word_1_101' title='bbox 56 951 118 1000; x_wconf 81' lang='lat' dir='ltr'><strong>nersi</strong></span> <span class='ocrx_word' id='word_1_102' title='bbox 126 955 182 1001; x_wconf 87' lang='lat' dir='ltr'><strong>suut</strong></span> <span class='ocrx_word' id='word_1_103' title='bbox 189 954 216 1001; x_wconf 82' lang='lat' dir='ltr'><strong>ui</strong></span> <span class='ocrx_word' id='word_1_104' title='bbox 226 964 331 1009; x_wconf 86' lang='lat' dir='ltr'><strong>cursum,</strong></span> <span class='ocrx_word' id='word_1_105' title='bbox 340 950 407 1014; x_wconf 82' lang='lat' dir='ltr'>quasi</span> <span class='ocrx_word' id='word_1_106' title='bbox 416 964 488 1015; x_wconf 81' lang='lat' dir='ltr'><strong>equus</strong></span> <span class='ocrx_word' id='word_1_107' title='bbox 497 952 584 1015; x_wconf 80' lang='lat' dir='ltr'><strong>impetu</strong></span> <span class='ocrx_word' id='word_1_108' title='bbox 593 952 680 1001; x_wconf 78' lang='lat' dir='ltr'><strong>rodens</strong></span> <span class='ocrx_word' id='word_1_109' title='bbox 690 953 718 1001; x_wconf 87' lang='lat' dir='ltr'><strong>ad</strong></span> <span class='ocrx_word' id='word_1_110' title='bbox 725 952 835 1015; x_wconf 70' lang='lat' dir='ltr'><strong>proelium,</strong></span> <span class='ocrx_word' id='word_1_111' title='bbox 846 968 860 997; x_wconf 76' lang='lat' dir='ltr'><strong>u</strong></span> 
     </span>
     <span class='ocr_line' id='line_1_13' title="bbox 55 1024 365 1085; baseline 0 -14"><span class='ocrx_word' id='word_1_112' title='bbox 55 1026 166 1085; x_wconf 77' lang='lat' dir='ltr'><strong>quantum</strong></span> <span class='ocrx_word' id='word_1_113' title='bbox 185 1024 210 1073; x_wconf 84' lang='lat' dir='ltr'><strong>ai</strong></span> <span class='ocrx_word' id='word_1_114' title='bbox 223 1024 365 1075; x_wconf 83' lang='lat' dir='ltr'><strong>secundnm.</strong></span> 
     </span>
    </p>

    <p class='ocr_par' dir='ltr' id='par_1_2' title="bbox 54 1094 863 1301">
     <span class='ocr_line' id='line_1_14' title="bbox 83 1094 862 1159; baseline -0.001 -15"><span class='ocrx_word' id='word_1_115' title='bbox 83 1094 117 1144; x_wconf 79' lang='lat' dir='ltr'><strong>Ad</strong></span> <span class='ocrx_word' id='word_1_116' title='bbox 135 1096 233 1159; x_wconf 84' lang='lat' dir='ltr'><strong>priumm</strong></span> <span class='ocrx_word' id='word_1_117' title='bbox 252 1108 310 1157; x_wconf 78' lang='lat' dir='ltr'><strong>crgo</strong></span> <span class='ocrx_word' id='word_1_118' title='bbox 327 1095 465 1157; x_wconf 79' lang='lat' dir='ltr'><strong>(licendum,</strong></span> <span class='ocrx_word' id='word_1_119' title='bbox 479 1095 539 1159; x_wconf 80' lang='lat' dir='ltr'><strong>quod</strong></span> <span class='ocrx_word' id='word_1_120' title='bbox 559 1098 681 1159; x_wconf 83' lang='lat' dir='ltr'><strong>peccatum</strong></span> <span class='ocrx_word' id='word_1_121' title='bbox 693 1094 862 1157; x_wconf 34' lang='lat' dir='ltr'><strong>(desperationis</strong></span> 
     </span>
     <span class='ocr_line' id='line_1_15' title="bbox 54 1164 863 1232; baseline 0.001 -18"><span class='ocrx_word' id='word_1_122' title='bbox 54 1167 87 1215; x_wconf 83' lang='lat' dir='ltr'><strong>rol</strong></span> <span class='ocrx_word' id='word_1_123' title='bbox 101 1165 294 1232; x_wconf 64' lang='lat' dir='ltr'><strong>presumptionis</strong></span> <span class='ocrx_word' id='word_1_124' title='bbox 310 1180 358 1217; x_wconf 87' lang='lat' dir='ltr'><strong>nou</strong></span> <span class='ocrx_word' id='word_1_125' title='bbox 375 1166 478 1217; x_wconf 70' lang='lat' dir='ltr'><strong>consistit</strong></span> <span class='ocrx_word' id='word_1_126' title='bbox 491 1166 516 1217; x_wconf 92' lang='lat' dir='ltr'><strong>iu</strong></span> <span class='ocrx_word' id='word_1_127' title='bbox 529 1170 572 1218; x_wconf 84' lang='lat' dir='ltr'><strong>lroc</strong></span> <span class='ocrx_word' id='word_1_128' title='bbox 585 1168 645 1231; x_wconf 84' lang='lat' dir='ltr'><strong>quod</strong></span> <span class='ocrx_word' id='word_1_129' title='bbox 658 1168 699 1217; x_wconf 84' lang='lat' dir='ltr'><strong>ltci</strong></span> <span class='ocrx_word' id='word_1_130' title='bbox 720 1164 809 1229; x_wconf 83' lang='lat' dir='ltr'><strong>justitia</strong></span> <span class='ocrx_word' id='word_1_131' title='bbox 825 1167 863 1215; x_wconf 82' lang='lat' dir='ltr'><strong>rol</strong></span> 
     </span>
     <span class='ocr_line' id='line_1_16' title="bbox 54 1235 860 1301; baseline -0.004 -17"><span class='ocrx_word' id='word_1_132' title='bbox 54 1238 267 1289; x_wconf 76' lang='lat' dir='ltr'><strong>misericordiarum</strong></span> <span class='ocrx_word' id='word_1_133' title='bbox 281 1238 397 1299; x_wconf 79' lang='lat' dir='ltr'><strong>credatur,</strong></span> <span class='ocrx_word' id='word_1_134' title='bbox 412 1237 453 1286; x_wconf 87' lang='lat' dir='ltr'><strong>sod</strong></span> <span class='ocrx_word' id='word_1_135' title='bbox 464 1237 489 1286; x_wconf 88' lang='lat' dir='ltr'><strong>iu</strong></span> <span class='ocrx_word' id='word_1_136' title='bbox 509 1240 553 1288; x_wconf 82' lang='lat' dir='ltr'><strong>troc</strong></span> <span class='ocrx_word' id='word_1_137' title='bbox 565 1240 625 1301; x_wconf 84' lang='lat' dir='ltr'><strong>qnod</strong></span> <span class='ocrx_word' id='word_1_138' title='bbox 639 1239 799 1288; x_wconf 77' lang='lat' dir='ltr'><strong>contemnatur</strong></span> <span class='ocrx_word' id='word_1_139' title='bbox 814 1235 860 1300; x_wconf 84' lang='lat' dir='ltr'><strong>(t).</strong></span> 
     </span>
    </p>

    <p class='ocr_par' dir='ltr' id='par_1_3' title="bbox 54 1308 862 1641">
     <span class='ocr_line' id='line_1_17' title="bbox 81 1308 862 1373; baseline -0.003 -14"><span class='ocrx_word' id='word_1_140' title='bbox 81 1312 112 1360; x_wconf 78' lang='lat' dir='ltr'><strong>lul</strong></span> <span class='ocrx_word' id='word_1_141' title='bbox 129 1311 259 1361; x_wconf 77' lang='lat' dir='ltr'><strong>secundum</strong></span> <span class='ocrx_word' id='word_1_142' title='bbox 278 1309 415 1369; x_wconf 83' lang='lat' dir='ltr'><strong>dicendum,</strong></span> <span class='ocrx_word' id='word_1_143' title='bbox 437 1308 495 1371; x_wconf 83' lang='lat' dir='ltr'><strong>quoa</strong></span> <span class='ocrx_word' id='word_1_144' title='bbox 511 1309 634 1361; x_wconf 72' lang='lat' dir='ltr'><strong>obstinatio*</strong></span> <span class='ocrx_word' id='word_1_145' title='bbox 651 1315 675 1361; x_wconf 88' lang='lat' dir='ltr'><strong>et</strong></span> <span class='ocrx_word' id='word_1_146' title='bbox 692 1308 862 1373; x_wconf 85' lang='lat' dir='ltr'><strong>impoenitcutia</strong></span> 
     </span>
     <span class='ocr_line' id='line_1_18' title="bbox 55 1378 861 1444; baseline 0.002 -17"><span class='ocrx_word' id='word_1_147' title='bbox 55 1393 95 1429; x_wconf 88' lang='lat' dir='ltr'><strong>non</strong></span> <span class='ocrx_word' id='word_1_148' title='bbox 109 1382 184 1431; x_wconf 88' lang='lat' dir='ltr'><strong>solum</strong></span> <span class='ocrx_word' id='word_1_149' title='bbox 203 1378 316 1431; x_wconf 74' lang='lat' dir='ltr'><strong>differunt</strong></span> <span class='ocrx_word' id='word_1_150' title='bbox 329 1380 455 1429; x_wconf 81' lang='lat' dir='ltr'><strong>secundnm</strong></span> <span class='ocrx_word' id='word_1_151' title='bbox 468 1383 630 1443; x_wconf 67' lang='lat' dir='ltr'><strong>praeteritum</strong></span> <span class='ocrx_word' id='word_1_152' title='bbox 641 1385 665 1431; x_wconf 84' lang='lat' dir='ltr'><strong>ot</strong></span> <span class='ocrx_word' id='word_1_153' title='bbox 675 1383 806 1444; x_wconf 73' lang='lat' dir='ltr'><strong>futurum,</strong></span> <span class='ocrx_word' id='word_1_154' title='bbox 820 1380 861 1429; x_wconf 82' lang='lat' dir='ltr'><strong>sol</strong></span> 
     </span>
     <span class='ocr_line' id='line_1_19' title="bbox 54 1449 861 1515; baseline -0.002 -14"><span class='ocrx_word' id='word_1_155' title='bbox 54 1452 176 1501; x_wconf 79' lang='lat' dir='ltr'><strong>secuudum</strong></span> <span class='ocrx_word' id='word_1_156' title='bbox 191 1451 305 1515; x_wconf 85' lang='lat' dir='ltr'><strong>quasdam</strong></span> <span class='ocrx_word' id='word_1_157' title='bbox 320 1449 428 1500; x_wconf 82' lang='lat' dir='ltr'><strong>formales</strong></span> <span class='ocrx_word' id='word_1_158' title='bbox 446 1450 559 1511; x_wconf 74' lang='lat' dir='ltr'><strong>rationes,</strong></span> <span class='ocrx_word' id='word_1_159' title='bbox 581 1465 609 1500; x_wconf 84' lang='lat' dir='ltr'><strong>ex</strong></span> <span class='ocrx_word' id='word_1_160' title='bbox 625 1452 713 1501; x_wconf 83' lang='lat' dir='ltr'><strong>diuersa</strong></span> <span class='ocrx_word' id='word_1_161' title='bbox 733 1452 861 1502; x_wconf 79' lang='lat' dir='ltr'><strong>considera·</strong></span> 
     </span>
     <span class='ocr_line' id='line_1_20' title="bbox 54 1520 859 1585; baseline 0.005 -18"><span class='ocrx_word' id='word_1_162' title='bbox 54 1520 112 1571; x_wconf 84' lang='lat' dir='ltr'><strong>tione</strong></span> <span class='ocrx_word' id='word_1_163' title='bbox 128 1534 209 1572; x_wconf 79' lang='lat' dir='ltr'><strong>eorum</strong></span> <span class='ocrx_word' id='word_1_164' title='bbox 225 1534 279 1585; x_wconf 79' lang='lat' dir='ltr'><strong>quac</strong></span> <span class='ocrx_word' id='word_1_165' title='bbox 295 1521 321 1571; x_wconf 92' lang='lat' dir='ltr'><strong>in</strong></span> <span class='ocrx_word' id='word_1_166' title='bbox 336 1523 431 1584; x_wconf 85' lang='lat' dir='ltr'><strong>peccato</strong></span> <span class='ocrx_word' id='word_1_167' title='bbox 447 1520 583 1571; x_wconf 84' lang='lat' dir='ltr'><strong>oonsidcrari</strong></span> <span class='ocrx_word' id='word_1_168' title='bbox 601 1525 714 1585; x_wconf 86' lang='lat' dir='ltr'><strong>possunt,</strong></span> <span class='ocrx_word' id='word_1_169' title='bbox 736 1528 761 1571; x_wconf 89' lang='lat' dir='ltr'><strong>nt</strong></span> <span class='ocrx_word' id='word_1_170' title='bbox 774 1522 859 1571; x_wconf 75' lang='lat' dir='ltr'><strong>«lictum</strong></span> 
     </span>
     <span class='ocr_line' id='line_1_21' title="bbox 54 1596 97 1641; baseline 0.023 -1"><span class='ocrx_word' id='word_1_171' title='bbox 54 1596 97 1641; x_wconf 85' lang='lat' dir='ltr'><strong>est.</strong></span> 
     </span>
    </p>

    <p class='ocr_par' dir='ltr' id='par_1_4' title="bbox 53 1661 862 1797">
     <span class='ocr_line' id='line_1_22' title="bbox 88 1661 862 1726; baseline 0.003 -17"><span class='ocrx_word' id='word_1_172' title='bbox 88 1661 122 1710; x_wconf 70' lang='lat' dir='ltr'><strong>llil</strong></span> <span class='ocrx_word' id='word_1_173' title='bbox 137 1662 223 1712; x_wconf 80' lang='lat' dir='ltr'><strong>tortium</strong></span> <span class='ocrx_word' id='word_1_174' title='bbox 238 1662 379 1723; x_wconf 84' lang='lat' dir='ltr'><strong>dicendum,</strong></span> <span class='ocrx_word' id='word_1_175' title='bbox 395 1662 456 1726; x_wconf 76' lang='lat' dir='ltr'><strong>quood</strong></span> <span class='ocrx_word' id='word_1_176' title='bbox 473 1663 568 1725; x_wconf 79' lang='lat' dir='ltr'><strong>gratiam</strong></span> <span class='ocrx_word' id='word_1_177' title='bbox 584 1666 608 1712; x_wconf 88' lang='lat' dir='ltr'><strong>ct</strong></span> <span class='ocrx_word' id='word_1_178' title='bbox 626 1664 745 1712; x_wconf 76' lang='lat' dir='ltr'><strong>nouitatem</strong></span> <span class='ocrx_word' id='word_1_179' title='bbox 760 1661 862 1713; x_wconf 80' lang='lat' dir='ltr'><strong>Christus</strong></span> 
     </span>
     <span class='ocr_line' id='line_1_23' title="bbox 53 1730 750 1797; baseline 0.004 -19"><span class='ocrx_word' id='word_1_180' title='bbox 53 1730 109 1781; x_wconf 82' lang='lat' dir='ltr'><strong>iecit</strong></span> <span class='ocrx_word' id='word_1_181' title='bbox 120 1744 163 1795; x_wconf 81' lang='lat' dir='ltr'><strong>per</strong></span> <span class='ocrx_word' id='word_1_182' title='bbox 172 1732 230 1783; x_wconf 83' lang='lat' dir='ltr'><strong>dona</strong></span> <span class='ocrx_word' id='word_1_183' title='bbox 243 1733 347 1795; x_wconf 87' lang='lat' dir='ltr'><strong>Spiritus</strong></span> <span class='ocrx_word' id='word_1_184' title='bbox 359 1734 450 1791; x_wconf 78' lang='lat' dir='ltr'><strong>sancti,</strong></span> <span class='ocrx_word' id='word_1_185' title='bbox 468 1748 520 1797; x_wconf 79' lang='lat' dir='ltr'><strong>quo</strong></span> <span class='ocrx_word' id='word_1_186' title='bbox 535 1733 667 1784; x_wconf 83' lang='lat' dir='ltr'><strong>hominibus</strong></span> <span class='ocrx_word' id='word_1_187' title='bbox 680 1732 750 1783; x_wconf 80' lang='lat' dir='ltr'><strong>actia.</strong></span> 
     </span>
    </p>

    <p class='ocr_par' dir='ltr' id='par_1_5' title="bbox 8 1802 862 2065">
     <span class='ocr_line' id='line_1_24' title="bbox 83 1802 862 1867; baseline -0.004 -14"><span class='ocrx_word' id='word_1_188' title='bbox 83 1803 117 1853; x_wconf 74' lang='lat' dir='ltr'><strong>Aul</strong></span> <span class='ocrx_word' id='word_1_189' title='bbox 134 1808 238 1866; x_wconf 80' lang='lat' dir='ltr'><strong>quartum</strong></span> <span class='ocrx_word' id='word_1_190' title='bbox 249 1803 373 1853; x_wconf 81' lang='lat' dir='ltr'><strong>dicendum</strong></span> <span class='ocrx_word' id='word_1_191' title='bbox 382 1840 391 1865; x_wconf 85' lang='lat'><em>,</em></span> <span class='ocrx_word' id='word_1_192' title='bbox 400 1803 459 1867; x_wconf 80' lang='lat' dir='ltr'><strong>qnod</strong></span> <span class='ocrx_word' id='word_1_193' title='bbox 470 1804 530 1853; x_wconf 85' lang='lat' dir='ltr'><strong>nolle</strong></span> <span class='ocrx_word' id='word_1_194' title='bbox 539 1802 630 1853; x_wconf 83' lang='lat' dir='ltr'><strong>obodirc</strong></span> <span class='ocrx_word' id='word_1_195' title='bbox 641 1804 741 1867; x_wconf 80' lang='lat' dir='ltr'><strong>pertinet</strong></span> <span class='ocrx_word' id='word_1_196' title='bbox 754 1804 782 1852; x_wconf 84' lang='lat' dir='ltr'><strong>od</strong></span> <span class='ocrx_word' id='word_1_197' title='bbox 790 1802 862 1852; x_wconf 88' lang='lat' dir='ltr'><strong>obsti·</strong></span> 
     </span>
     <span class='ocr_line' id='line_1_25' title="bbox 8 1872 862 1941; baseline 0.005 -22"><span class='ocrx_word' id='word_1_198' title='bbox 8 1926 9 1941; x_wconf 26' lang='lat'>1</span> <span class='ocrx_word' id='word_1_199' title='bbox 52 1872 182 1935; x_wconf 65' lang='lat' dir='ltr'><strong>nationem</strong></span> <span class='ocrx_word' id='word_1_200' title='bbox 199 1873 318 1924; x_wconf 81' lang='lat' dir='ltr'><strong>simulatio</strong></span> <span class='ocrx_word' id='word_1_201' title='bbox 335 1874 478 1937; x_wconf 79' lang='lat' dir='ltr'><strong>poenitcntim</strong></span> <span class='ocrx_word' id='word_1_202' title='bbox 499 1875 528 1923; x_wconf 88' lang='lat' dir='ltr'><strong>ad</strong></span> <span class='ocrx_word' id='word_1_203' title='bbox 543 1874 749 1939; x_wconf 86' lang='lat' dir='ltr'><strong>impoeuitcutiam;</strong></span> <span class='ocrx_word' id='word_1_204' title='bbox 765 1874 862 1923; x_wconf 83' lang='lat' dir='ltr'><strong>schisma</strong></span> 
     </span>
     <span class='ocr_line' id='line_1_26' title="bbox 8 1943 860 2009; baseline 0.004 -20"><span class='ocrx_word' id='word_1_205' title='bbox 8 1952 9 1959; x_wconf 56' lang='lat'>¹</span> <span class='ocrx_word' id='word_1_206' title='bbox 53 1943 78 1991; x_wconf 87' lang='lat' dir='ltr'><strong>ad</strong></span> <span class='ocrx_word' id='word_1_207' title='bbox 90 1943 243 1994; x_wconf 78' lang='lat' dir='ltr'><strong>inuidentium</strong></span> <span class='ocrx_word' id='word_1_208' title='bbox 259 1944 339 2008; x_wconf 74' lang='lat' dir='ltr'><strong>gratias</strong></span> <span class='ocrx_word' id='word_1_209' title='bbox 354 1945 476 2007; x_wconf 79' lang='lat' dir='ltr'><strong>iratorum,</strong></span> <span class='ocrx_word' id='word_1_210' title='bbox 490 1959 532 2009; x_wconf 90' lang='lat' dir='ltr'><strong>pcr</strong></span> <span class='ocrx_word' id='word_1_211' title='bbox 545 1958 613 2009; x_wconf 77' lang='lat' dir='ltr'><strong>quarn</strong></span> <span class='ocrx_word' id='word_1_212' title='bbox 630 1946 730 1995; x_wconf 84' lang='lat' dir='ltr'><strong>membra</strong></span> <span class='ocrx_word' id='word_1_213' title='bbox 750 1944 860 1995; x_wconf 75' lang='lat' dir='ltr'><strong>Ecclesiae</strong></span> 
     </span>
     <span class='ocr_line' id='line_1_27' title="bbox 53 2015 170 2065; baseline 0.017 -4"><span class='ocrx_word' id='word_1_214' title='bbox 53 2015 170 2065; x_wconf 76' lang='lat' dir='ltr'><strong>uniuntur.</strong></span> 
     </span>
    </p>
   </div>
   <div class='ocr_carea' id='block_1_2' title="bbox 351 2117 566 2167">
    <p class='ocr_par' dir='ltr' id='par_1_6' title="bbox 351 2117 566 2167">
     <span class='ocr_line' id='line_1_28' title="bbox 351 2117 566 2167; baseline 0 0"><span class='ocrx_word' id='word_1_215' title='bbox 351 2117 511 2167; x_wconf 74' lang='lat' dir='ltr'><strong>anricuuus</strong></span> <span class='ocrx_word' id='word_1_216' title='bbox 526 2118 566 2167; x_wconf 89' lang='lat' dir='ltr'><strong>lll.</strong></span> 
     </span>
    </p>
   </div>
   <div class='ocr_carea' id='block_1_3' title="bbox 90 2228 826 2287">
    <p class='ocr_par' dir='ltr' id='par_1_7' title="bbox 90 2228 826 2287">
     <span class='ocr_line' id='line_1_29' title="bbox 90 2228 826 2287; baseline 0 -12"><span class='ocrx_word' id='word_1_217' title='bbox 90 2232 179 2275; x_wconf 77' lang='lat' dir='ltr'><strong>Utrirrn</strong></span> <span class='ocrx_word' id='word_1_218' title='bbox 187 2233 313 2287; x_wconf 80' lang='lat' dir='ltr'><strong>peccatum</strong></span> <span class='ocrx_word' id='word_1_219' title='bbox 326 2230 355 2273; x_wconf 82' lang='lat' dir='ltr'><strong>in</strong></span> <span class='ocrx_word' id='word_1_220' title='bbox 368 2228 485 2285; x_wconf 82' lang='lat' dir='ltr'><strong>Spiritum</strong></span> <span class='ocrx_word' id='word_1_221' title='bbox 493 2232 604 2275; x_wconf 83' lang='lat' dir='ltr'><strong>sanctum</strong></span> <span class='ocrx_word' id='word_1_222' title='bbox 612 2231 643 2274; x_wconf 84' lang='lat' dir='ltr'><strong>rit</strong></span> <span class='ocrx_word' id='word_1_223' title='bbox 652 2231 826 2276; x_wconf 77' lang='lat' dir='ltr'><strong>irremissibile.</strong></span> 
     </span>
    </p>
   </div>
   <div class='ocr_carea' id='block_1_4' title="bbox 53 2344 860 2481">
    <p class='ocr_par' dir='ltr' id='par_1_8' title="bbox 53 2344 860 2481">
     <span class='ocr_line' id='line_1_30' title="bbox 82 2344 860 2411; baseline -0.003 -14"><span class='ocrx_word' id='word_1_224' title='bbox 82 2349 116 2397; x_wconf 72' lang='lat' dir='ltr'><strong>Ad</strong></span> <span class='ocrx_word' id='word_1_225' title='bbox 134 2348 233 2398; x_wconf 71' lang='lat' dir='ltr'><strong>inritum</strong></span> <span class='ocrx_word' id='word_1_226' title='bbox 252 2347 287 2397; x_wconf 90' lang='lat' dir='ltr'><strong>sic</strong></span> <span class='ocrx_word' id='word_1_227' title='bbox 303 2344 435 2410; x_wconf 76' lang='lat' dir='ltr'><strong>procuditur</strong></span> <span class='ocrx_word' id='word_1_228' title='bbox 449 2347 491 2409; x_wconf 72' lang='lat' dir='ltr'><strong>tt).</strong></span> <span class='ocrx_word' id='word_1_229' title='bbox 507 2347 600 2396; x_wconf 81' lang='lat' dir='ltr'><strong>Videtur</strong></span> <span class='ocrx_word' id='word_1_230' title='bbox 616 2345 677 2411; x_wconf 79' lang='lat' dir='ltr'><strong>quiid</strong></span> <span class='ocrx_word' id='word_1_231' title='bbox 699 2351 816 2411; x_wconf 82' lang='lat' dir='ltr'><strong>peccatum</strong></span> <span class='ocrx_word' id='word_1_232' title='bbox 836 2348 860 2396; x_wconf 90' lang='lat' dir='ltr'><strong>iu</strong></span> 
     </span>
     <span class='ocr_line' id='line_1_31' title="bbox 53 2415 860 2481; baseline 0.002 -16"><span class='ocrx_word' id='word_1_233' title='bbox 53 2418 161 2480; x_wconf 84' lang='lat' dir='ltr'><strong>Spiritum</strong></span> <span class='ocrx_word' id='word_1_234' title='bbox 175 2421 282 2469; x_wconf 82' lang='lat' dir='ltr'><strong>sanctuni</strong></span> <span class='ocrx_word' id='word_1_235' title='bbox 294 2415 383 2469; x_wconf 85' lang='lat' dir='ltr'><strong>nonsit</strong></span> <span class='ocrx_word' id='word_1_236' title='bbox 395 2418 560 2467; x_wconf 79' lang='lat' dir='ltr'><strong>irremissibile.</strong></span> <span class='ocrx_word' id='word_1_237' title='bbox 575 2418 634 2467; x_wconf 83' lang='lat' dir='ltr'><strong>Dicit</strong></span> <span class='ocrx_word' id='word_1_238' title='bbox 643 2418 706 2468; x_wconf 86' lang='lat' dir='ltr'><strong>cuim</strong></span> <span class='ocrx_word' id='word_1_239' title='bbox 721 2420 860 2481; x_wconf 74' lang='lat' dir='ltr'><strong>Augustinus</strong></span> 
     </span>
    </p>
   </div>
   <div class='ocr_carea' id='block_1_5' title="bbox 50 2542 862 2851">
    <p class='ocr_par' dir='ltr' id='par_1_9' title="bbox 50 2542 862 2851">
     <span class='ocr_line' id='line_1_32' title="bbox 84 2542 858 2607; baseline 0.001 -19"><span class='ocrx_word' id='word_1_240' title='bbox 84 2542 116 2604; x_wconf 73' lang='lat' dir='ltr'><strong>(ll</strong></span> <span class='ocrx_word' id='word_1_241' title='bbox 132 2545 197 2590; x_wconf 85' lang='lat' dir='ltr'><strong>Sicut</strong></span> <span class='ocrx_word' id='word_1_242' title='bbox 214 2551 239 2589; x_wconf 79' lang='lat' dir='ltr'><strong>et</strong></span> <span class='ocrx_word' id='word_1_243' title='bbox 253 2544 267 2587; x_wconf 84' lang='lat' dir='ltr'><strong>al</strong></span> <span class='ocrx_word' id='word_1_244' title='bbox 279 2544 367 2603; x_wconf 87' lang='lat' dir='ltr'><strong>simili,</strong></span> <span class='ocrx_word' id='word_1_245' title='bbox 381 2542 413 2587; x_wconf 82' lang='lat' dir='ltr'><strong>od</strong></span> <span class='ocrx_word' id='word_1_246' title='bbox 427 2544 507 2593; x_wconf 72' lang='lat' dir='ltr'><strong>lions„</strong></span> <span class='ocrx_word' id='word_1_247' title='bbox 525 2546 563 2603; x_wconf 83' lang='lat'><strong>11,</strong></span> <span class='ocrx_word' id='word_1_248' title='bbox 581 2557 641 2589; x_wconf 79' lang='lat' dir='ltr'><strong>rurs.</strong></span> <span class='ocrx_word' id='word_1_249' title='bbox 655 2544 686 2589; x_wconf 73' lang='lat' dir='ltr'><strong>i:</strong></span> <span class='ocrx_word' id='word_1_250' title='bbox 701 2543 742 2589; x_wconf 74' lang='lat' dir='ltr'><strong>An</strong></span> <span class='ocrx_word' id='word_1_251' title='bbox 755 2545 858 2607; x_wconf 74' lang='lat' dir='ltr'><strong>divitior</strong></span> 
     </span>
     <span class='ocr_line' id='line_1_33' title="bbox 51 2604 861 2663; baseline 0.005 -16"><span class='ocrx_word' id='word_1_252' title='bbox 51 2605 167 2652; x_wconf 77' lang='lat' dir='ltr'><strong>bonitatis</strong></span> <span class='ocrx_word' id='word_1_253' title='bbox 189 2606 245 2663; x_wconf 72' lang='lat' dir='ltr'><strong>ejus</strong></span> <span class='ocrx_word' id='word_1_254' title='bbox 259 2604 414 2651; x_wconf 82' lang='lat' dir='ltr'><strong>contemnis?</strong></span> <span class='ocrx_word' id='word_1_255' title='bbox 429 2606 494 2660; x_wconf 87' lang='lat' dir='ltr'><strong>quusi</strong></span> <span class='ocrx_word' id='word_1_256' title='bbox 514 2606 576 2651; x_wconf 85' lang='lat' dir='ltr'><strong>credi</strong></span> <span class='ocrx_word' id='word_1_257' title='bbox 599 2612 730 2662; x_wconf 86' lang='lat' dir='ltr'><strong>supponat,</strong></span> <span class='ocrx_word' id='word_1_258' title='bbox 746 2608 787 2652; x_wconf 86' lang='lat' dir='ltr'><strong>sed</strong></span> <span class='ocrx_word' id='word_1_259' title='bbox 805 2619 861 2651; x_wconf 90' lang='lat' dir='ltr'><strong>con·</strong></span> 
     </span>
     <span class='ocr_line' id='line_1_34' title="bbox 55 2665 860 2725; baseline 0 -14"><span class='ocrx_word' id='word_1_260' title='bbox 55 2669 140 2721; x_wconf 82' lang='lat' dir='ltr'><strong>temni;</strong></span> <span class='ocrx_word' id='word_1_261' title='bbox 156 2675 183 2713; x_wconf 82' lang='lat' dir='ltr'><strong>ut</strong></span> <span class='ocrx_word' id='word_1_262' title='bbox 191 2675 215 2713; x_wconf 85' lang='lat' dir='ltr'><strong>ct</strong></span> <span class='ocrx_word' id='word_1_263' title='bbox 228 2666 358 2715; x_wconf 71' lang='lat' dir='ltr'><strong>Proceri„</strong></span> <span class='ocrx_word' id='word_1_264' title='bbox 375 2665 463 2723; x_wconf 72' lang='lat' dir='ltr'><strong>xum,</strong></span> <span class='ocrx_word' id='word_1_265' title='bbox 475 2679 535 2711; x_wconf 83' lang='lat' dir='ltr'><strong>vers.</strong></span> <span class='ocrx_word' id='word_1_266' title='bbox 546 2668 560 2711; x_wconf 83' lang='lat'><strong>3</strong></span> <span class='ocrx_word' id='word_1_267' title='bbox 572 2686 577 2712; x_wconf 68' lang='grc' dir='ltr'><strong><em>ι</em></strong></span> <span class='ocrx_word' id='word_1_268' title='bbox 591 2668 686 2725; x_wconf 79' lang='lat' dir='ltr'><strong>Impius</strong></span> <span class='ocrx_word' id='word_1_269' title='bbox 699 2668 792 2713; x_wconf 74' lang='lat' dir='ltr'><strong>ciomin</strong></span> <span class='ocrx_word' id='word_1_270' title='bbox 802 2681 860 2725; x_wconf 71' lang='lat' dir='ltr'><strong>pro</strong></span> 
     </span>
     <span class='ocr_line' id='line_1_35' title="bbox 50 2730 862 2787; baseline 0.002 -16"><span class='ocrx_word' id='word_1_271' title='bbox 50 2730 160 2785; x_wconf 71' lang='lat' dir='ltr'><strong>fundunt</strong></span> <span class='ocrx_word' id='word_1_272' title='bbox 183 2730 282 2775; x_wconf 77' lang='lat' dir='ltr'><strong>uenerit</strong></span> <span class='ocrx_word' id='word_1_273' title='bbox 305 2732 473 2787; x_wconf 70' lang='lat' dir='ltr'><strong>peccatoram,</strong></span> <span class='ocrx_word' id='word_1_274' title='bbox 495 2732 639 2782; x_wconf 83' lang='lat' dir='ltr'><strong>contomnit,·</strong></span> <span class='ocrx_word' id='word_1_275' title='bbox 658 2736 683 2774; x_wconf 85' lang='lat' dir='ltr'><strong>ot</strong></span> <span class='ocrx_word' id='word_1_276' title='bbox 711 2730 862 2775; x_wconf 80' lang='lat' dir='ltr'><strong>Ecotasinrt..</strong></span> 
     </span>
     <span class='ocr_line' id='line_1_36' title="bbox 50 2791 736 2851; baseline -0.003 -16"><span class='ocrx_word' id='word_1_277' title='bbox 50 2792 131 2851; x_wconf 78' lang='lat' dir='ltr'><strong>xiix,</strong></span> <span class='ocrx_word' id='word_1_278' title='bbox 147 2804 211 2837; x_wconf 79' lang='lat' dir='ltr'><strong>vers.</strong></span> <span class='ocrx_word' id='word_1_279' title='bbox 223 2791 239 2835; x_wconf 82' lang='lat' dir='ltr'><strong>s</strong></span> <span class='ocrx_word' id='word_1_280' title='bbox 253 2808 259 2835; x_wconf 87' lang='lat'>:</span> <span class='ocrx_word' id='word_1_281' title='bbox 284 2791 485 2847; x_wconf 56' lang='lat' dir='ltr'><strong>Contemperant</strong></span> <span class='ocrx_word' id='word_1_282' title='bbox 495 2794 605 2837; x_wconf 74' lang='lat' dir='ltr'><strong>timorem</strong></span> <span class='ocrx_word' id='word_1_283' title='bbox 621 2792 682 2839; x_wconf 71' lang='lat' dir='ltr'><strong>Dei,</strong></span> <span class='ocrx_word' id='word_1_284' title='bbox 693 2795 736 2836; x_wconf 80' lang='lat' dir='ltr'><strong>otc.</strong></span> 
     </span>
    </p>
   </div>
   <div class='ocr_carea' id='block_1_6' title="bbox 83 2857 856 2922">
    <p class='ocr_par' dir='ltr' id='par_1_10' title="bbox 83 2857 856 2922">
     <span class='ocr_line' id='line_1_37' title="bbox 83 2857 856 2922; baseline -0.01 -17"><span class='ocrx_word' id='word_1_285' title='bbox 83 2860 116 2921; x_wconf 73' lang='lat'><strong>(2)</strong></span> <span class='ocrx_word' id='word_1_286' title='bbox 133 2865 165 2908; x_wconf 77' lang='lat' dir='ltr'><strong>lic</strong></span> <span class='ocrx_word' id='word_1_287' title='bbox 176 2864 294 2909; x_wconf 77' lang='lat' dir='ltr'><strong>bisetium</strong></span> <span class='ocrx_word' id='word_1_288' title='bbox 308 2862 350 2907; x_wconf 86' lang='lat' dir='ltr'><strong>Ill.</strong></span> <span class='ocrx_word' id='word_1_289' title='bbox 364 2866 436 2919; x_wconf 75' lang='lat' dir='ltr'><strong>pauc,</strong></span> <span class='ocrx_word' id='word_1_290' title='bbox 451 2874 491 2917; x_wconf 84' lang='lat' dir='ltr'><strong>qu.</strong></span> <span class='ocrx_word' id='word_1_291' title='bbox 502 2861 542 2922; x_wconf 77' lang='lat' dir='ltr'><strong>so,</strong></span> <span class='ocrx_word' id='word_1_292' title='bbox 555 2867 599 2907; x_wconf 86' lang='lat' dir='ltr'><strong>nrt.</strong></span> <span class='ocrx_word' id='word_1_293' title='bbox 610 2861 634 2922; x_wconf 82' lang='lat'><strong>3,</strong></span> <span class='ocrx_word' id='word_1_294' title='bbox 646 2862 674 2907; x_wconf 82' lang='lat' dir='ltr'><strong>ud</strong></span> <span class='ocrx_word' id='word_1_295' title='bbox 686 2860 701 2903; x_wconf 70' lang='lat'>2</span> <span class='ocrx_word' id='word_1_296' title='bbox 713 2866 737 2905; x_wconf 85' lang='lat' dir='ltr'><strong>ct</strong></span> <span class='ocrx_word' id='word_1_297' title='bbox 746 2858 773 2910; x_wconf 79' lang='grc'><strong>3;</strong></span> <span class='ocrx_word' id='word_1_298' title='bbox 789 2862 812 2901; x_wconf 83' lang='lat' dir='ltr'><strong>ot</strong></span> <span class='ocrx_word' id='word_1_299' title='bbox 824 2857 856 2909; x_wconf 82' lang='lat'><strong>11,</strong></span> 
     </span>
    </p>
   </div>
   <div class='ocr_carea' id='block_1_7' title="bbox 0 0 1000 3317">
    <p class='ocr_par' dir='ltr' id='par_1_11' title="bbox 0 0 1000 3317">
     <span class='ocr_line' id='line_1_38' title="bbox 0 0 1000 3317; baseline 0 1"><span class='ocrx_word' id='word_1_300' title='bbox 0 0 1000 3317; x_wconf 95' lang='lat' dir='ltr'><strong> </strong></span> 
     </span>
    </p>
   </div>
  </div>
 </body>
</html>
