1992 3317
120 101 155 138 ns
170 100 355 144 marcomere
370 103 395 142 na
410 103 481 142 surr.
496 103 526 142 m
537 104 636 145 marr.
649 103 760 143 conum.
793 93 838 142 tel

35 190 108 241 paam
123 177 212 240 rendit,
226 178 330 230 fraudem
341 179 462 230 committit
473 179 498 230 in
511 180 653 245 venditione3
665 182 726 232 unde
739 181 840 232 venditio

35 248 118 300 ,llicita
127 249 237 302 redditur.
244 251 323 302 lithoc
330 254 365 304 εει
372 252 432 315 quod
439 249 838 317 dicitnreontruqnosdam,leat.,l:

35 339 46 368 a
61 322 197 384 Argentum
210 325 273 372 tuum
286 336 377 374 venum
387 326 422 375 εει
435 324 460 374 in
469 324 662 387 amriumuinnm
669 329 734 375 mum
745 323 841 375 εειιιεω

35 396 67 442 εει
79 391 159 454 aqua3
171 408 185 439 ε
201 393 331 456 quodecim
339 395 477 459 permirtum
487 396 758 461 est,patiturdelectum,
766 409 842 460 quau·-

35 469 83 513 tum
105 464 134 514 ad
151 463 258 528 speciem.
273 466 336 516 llius
347 469 423 518 aunan
438 467 542 518 delectus
556 473 594 518 est
609 467 733 518 secundirm
751 467 842 532 quanti·

35 539 118 596 tatem,
130 547 182 598 quae
191 549 233 598 per
242 549 372 588 mensuram
385 537 539 600 cognoscitur.
550 541 578 588 nt
589 539 641 591 ideo
651 540 671 590 si
681 539 734 604 quis
744 540 844 590 scienter
896 589 899 593 ,

35 611 118 656 utatur
127 607 244 658 dedolenti
254 621 360 660 mensura
370 609 395 660 in
408 611 543 671 vendendo,
553 612 656 662 trandem
669 611 806 675 committit,
820 615 844 662 et

35 683 71 728 εει
90 677 176 728 illicita
184 679 294 730 venditio.
310 681 374 732 Unde
388 682 471 732 dicitur
483 683 597 742 Denter,
614 683 675 733 xxv
691 698 698 732 z
716 684 789 734 ullon
803 685 844 732 lra-

35 749 105 800 bebis
119 749 148 798 in
160 749 250 802 aemulo
258 751 348 804 diversa
365 753 472 818 pondera,
486 754 562 818 majus
571 759 596 805 et
609 753 693 815 minus,
707 767 752 806 nec
762 754 806 804 erit
819 755 845 805 in

36 823 108 872 domo
119 824 161 872 tua
170 821 259 872 modius
269 823 342 886 major
350 827 373 874 et
386 824 492 887 minor3u
503 829 527 876 et
536 829 616 889 postea
628 825 749 876 subditur:
761 843 775 874 u
786 827 845 877 Also-

37 892 143 942 miuatur
153 892 332 946 enimnoninus
341 908 394 946 eum
402 895 442 959 qui
457 896 513 946 tacit
523 898 587 961 haec,
597 900 620 948 et
630 900 747 947 aversatur
754 910 846 948 omnem

36 964 191 1028 injustitiam.
204 981 218 1011 ε
233 966 324 1016 Tertius
335 966 437 1018 delectus
447 972 483 1018 εει
496 976 602 1033 exparte
615 969 746 1033 qualitatis,
757 969 844 1033 puttsi

37 1037 134 1100 aliquod
154 1035 238 1086 animal
258 1036 373 1088 iullrmnm
385 1039 467 1088 vendat
483 1040 551 1103 quasi
564 1053 659 1103 sunum3
675 1041 736 1103 guod
756 1039 776 1090 si
794 1039 847 1102 unis

37 1108 144 1158 scienter
154 1107 244 1168 iecerit,
255 1108 357 1159 fraudem
365 1109 487 1160 committit
497 1110 521 1160 in
531 1111 677 1172 uendition03
687 1111 747 1161 uude
758 1113 794 1160 est
802 1109 848 1159 illi·

37 1181 83 1229 eila
97 1177 214 1229 venditio.
229 1179 259 1228 lit
270 1178 295 1229 iu
309 1180 413 1242 omnibus
421 1181 505 1232 talibm
514 1195 562 1232 non
575 1180 649 1232 solim
662 1181 745 1244 anuum
756 1185 847 1245 peccat,

38 1253 155 1317 injustam
170 1251 326 1304 uenditionem
341 1251 461 1314 iaciendo,
482 1252 612 1304 sedetiam
633 1253 662 1302 ad
683 1253 848 1303 restitutionem

37 1327 142 1375 tenetur.
153 1321 178 1372 Si
192 1321 246 1374 rerd
257 1337 285 1374 eo
293 1323 411 1386 ignorante
421 1324 505 1388 adquin
512 1324 669 1389 praedictorum
680 1323 810 1374 defectuum
822 1322 849 1374 in

38 1408 62 1445 re
78 1393 177 1444 vendita
193 1393 274 1455 fuerit,
288 1395 490 1459 uenditorquidem
500 1408 546 1446 non
560 1399 654 1458 peccat,
667 1394 720 1458 quia
737 1394 792 1444 iacit
810 1394 847 1444 in-

36 1466 131 1529 justum
146 1465 307 1529 materialiter,
321 1479 364 1517 nce
374 1467 426 1528 eius
436 1465 538 1530 operatio
551 1465 689 1529 estinjuata,
698 1469 763 1516 ulex
781 1465 851 1531 suprd

39 1538 110 1588 dietis
122 1539 190 1603 patei
206 1537 262 1600 (qn.
275 1541 319 1598 59,
334 1541 377 1588 art.
389 1537 420 1600 2)
430 1554 437 1600 ;
447 1540 537 1588 tenetur
546 1535 685 1586 taurencium
701 1537 730 1586 ad
743 1537 795 1600 ejus
805 1550 851 1588 uo-

40 1611 118 1660 titiam
129 1608 245 1674 pervenit,
257 1609 364 1661 dmnnnm
380 1603 552 1672 recompensare
561 1607 668 1672 emptori.
682 1609 711 1658 lit
726 1609 787 1672 qnod
799 1609 850 1659 dic·

42 1685 92 1732 tum
101 1681 177 1732 estde
187 1679 314 1744 venditore,
322 1678 392 1730 etiam
402 1679 573 1744 intelligendum
581 1683 616 1729 est
624 1682 724 1743 exparte
732 1680 849 1742 emptoris.

44 1752 167 1816 Contingit
181 1751 242 1802 enim
255 1752 390 1816 quurdtuue
402 1751 546 1802 uenditorem
558 1751 651 1802 credere
663 1764 712 1801 rem
722 1763 786 1800 snam
799 1763 851 1802 esse

43 1823 122 1874 ruinis
135 1822 276 1887 pretiosam,
288 1827 397 1886 quantum
410 1824 437 1874 ad
449 1821 562 1886 speciem,
573 1822 632 1872 sicut
645 1821 666 1872 ai
682 1821 764 1885 aliquis
772 1821 853 1872 rendit

44 1908 126 1945 aurum
144 1895 195 1944 loco
212 1894 348 1955 aurichalci,
363 1900 451 1958 emptor
462 1894 482 1945 si
495 1894 520 1944 id
539 1896 662 1958 cognoscat
677 1892 763 1956 injuste
779 1893 850 1955 emit,

44 1970 67 2016 et
87 1968 118 2017 ad
142 1963 311 2016 restitutionem
324 1969 426 2029 tenetur,
447 1967 470 2016 et
490 1965 569 2016 eaden
585 1964 642 2015 ratio
660 1966 695 2014 est
715 1963 744 2013 de
760 1963 852 2015 deiectu

44 2030 166 2102 qualitate
180 2039 204 2088 ει
220 2035 362 2100 quantitatis.

76 2111 112 2160 dd
127 2107 227 2174 primum
241 2120 295 2170 ergo
308 2108 444 2169 dicendum,
460 2106 521 2172 quod
541 2120 621 2157 aurum
639 2109 663 2156 et
675 2108 793 2168 argentum
806 2119 852 2157 uon
882 2126 886 2142 ·

45 2181 123 2232 sollum
140 2192 195 2230 cara
207 2182 261 2230 suut
273 2182 365 2244 prepter
373 2179 496 2230 utilitatem
508 2191 615 2230 uasorum
627 2190 679 2242 qne
692 2190 723 2227 ex
732 2177 767 2228 eis
778 2176 853 2227 labri-

46 2257 143 2316 cantnr,
162 2254 201 2301 aut
211 2251 307 2302 mierum
321 2252 464 2315 hujusmodi,
478 2249 602 2302 sedetiam
616 2253 707 2314 propter
721 2249 852 2312 dignitatem
881 2258 884 2271 ¹

46 2329 70 2376 et
85 2323 213 2389 puritatem
229 2322 360 2374 sandeuile
378 2322 488 2387 ipserum.
505 2323 536 2372 ιιι
550 2321 618 2383 ideo,
636 2320 749 2371 siaurum
761 2321 800 2370 vel
813 2333 854 2370 ar-
884 2364 888 2376 ,
921 2381 922 2384 Ἴ

47 2403 146 2460 gentum
160 2395 189 2444 ali
202 2393 328 2444 alchimicis
341 2394 439 2455 iactum,
451 2407 530 2445 veram
540 2393 643 2457 speciem
653 2405 700 2444 non
709 2393 793 2443 habeat
805 2392 856 2443 anri

48 2474 72 2520 et
83 2466 189 2532 argenti,
205 2471 240 2518 est
252 2466 397 2518 fraudulenta
407 2469 431 2516 ει
441 2466 527 2530 injusta
536 2463 648 2525 venditio
662 2464 788 2528 presertim
802 2463 856 2514 cim
888 2512 891 2535 ἓ

47 2543 95 2592 εἰει
109 2541 194 2604 alique
203 2537 312 2590 utilitates
323 2538 372 2588 auri
382 2541 406 2588 et
417 2537 506 2600 argenti
518 2534 716 2596 ueri,eecundi1m
728 2535 854 2586 natumlem
885 2596 888 2603 μ

47 2612 209 2677 operationem
218 2623 333 2674 ipsorum
343 2623 394 2673 quae
404 2621 451 2658 non
460 2607 600 2659 oouuemnnt
608 2620 663 2657 auro
674 2619 715 2669 per
725 2606 889 2657 alumniam*

48 2683 225 2750 sophisticam:
242 2682 301 2732 sicut
321 2681 381 2745 quod
398 2681 467 2731 habet
488 2680 650 2744 proprietatem
671 2678 813 2741 laetificandi,
830 2683 855 2730 et
886 2682 888 2709 ¹

50 2761 133 2807 contra
149 2753 259 2818 quasdam
276 2752 421 2804 infirmitates
439 2751 602 2802 medicinaliter
616 2751 689 2814 juvat.
703 2734 891 2813 Frequentids
885 2776 888 2803 ι

54 2828 126 2878 etiam
139 2828 218 2892 potest
230 2824 284 2890 poni
296 2824 321 2876 in
331 2824 471 2889 operatione,
480 2827 503 2874 et
512 2821 616 2876 diutius
609 2834 634 2872 m
643 2833 684 2873 saa
692 2821 789 2887 puritate
802 2832 888 2886 peu,
