1992 3317
377 116 409 149 uu
426 114 527 151 unuusr.
809 110 853 155 253

61 186 148 248 pertinet
158 190 187 237 ad
196 201 265 252 opera
277 190 361 251 carus
371 202 420 238 non
429 188 522 251 quidem
531 194 639 253 quantum
649 191 676 240 ad
693 192 767 255 ipsum
779 198 854 243 actoru

60 257 186 311 infidelitatis
198 264 305 324 respectu
314 260 417 323 proximi
432 259 530 323 objecti,
545 262 585 311 sed
599 263 686 313 ratione
698 276 788 325 carisa,
804 278 854 327 ‹puae

61 333 92 378 est
104 331 135 379 net
146 330 259 398 appetitus
276 330 329 380 duis
341 330 453 393 indebiti,
469 332 592 383 secuudum
607 336 666 397 quod
683 335 756 385 oritur
771 348 800 384 eu
816 348 853 385 su·

9 415 10 468 p
60 400 140 464 perbis,
151 404 187 451 rel
197 399 337 465 cupiditate,
350 406 377 451 ut
394 401 479 451 dicturo
497 406 550 466 est,
561 405 597 454 vel
611 404 683 455 etiarn
693 406 768 469 aitqua
780 408 854 469 piran-

9 497 11 593 t

61 472 131 521 mon
143 473 230 535 illusio,
245 487 297 535 quae
314 476 350 523 est
370 472 510 537 principium
528 474 632 535 curandi,
648 476 754 525 ucetiam
777 478 854 527 Philo·

62 542 137 603 sophus
152 543 204 595 dicit
224 544 249 593 iu
262 544 304 593 IV.
321 546 446 609 Metapa,
467 547 534 608 (text.
556 549 585 595 at
596 549 614 608 t.
634 547 757 605 phantasia
775 552 852 598 autom

63 612 211 673 quodamodo
229 614 259 665 ad
274 628 368 665 caruem
385 614 496 679 pertinet,
512 617 659 681 inquantum
680 622 744 668 actus
758 619 808 683 ejus
819 623 853 668 est

64 696 109 732 cuna
120 697 196 749 organo
206 687 330 750 corporali.

349 848 511 899 aduncatus
528 850 556 898 lt.

124 961 200 1007 Utrdm
209 964 309 1008 haeresis
319 962 352 1005 ait
360 962 456 1018 proprii
465 962 532 1005 cirea
548 976 576 1006 on
593 976 643 1020 qun
653 968 708 1007 nutrit
717 966 787 1019 fidei.

835 1034 844 1063 r

89 1077 119 1126 td
130 1082 251 1130 secundum
266 1080 301 1129 sic
311 1078 445 1142 proceditur
457 1079 501 1141 (n.
519 1080 613 1130 Videtur
626 1079 686 1144 qrrdd
699 1082 793 1130 haeresis
805 1094 850 1131 non

57 1147 84 1195 sit
95 1150 177 1214 proprie
186 1152 251 1201 droa
265 1164 294 1201 ea
305 1164 358 1213 que
375 1154 429 1199 suno
445 1150 506 1199 tidei.
521 1149 585 1200 Sicut
606 1152 667 1200 eninr
681 1154 736 1200 sunt
749 1152 846 1200 naereses

57 1224 76 1266 et
94 1226 155 1271 scote
167 1222 192 1271 in
204 1221 359 1280 christianis,
373 1220 408 1269 ita
421 1218 492 1269 etiaua'
504 1221 595 1271 fuerunt
606 1223 630 1272 in
643 1221 725 1285 judaeis
738 1226 762 1271 et
777 1220 855 1285 pirari-

58 1294 115 1354 suis,
127 1296 186 1345 sicut
208 1294 314 1345 isidorus
328 1292 384 1343 dicit
402 1292 426 1341 iu
438 1292 478 1341 tio.
492 1294 551 1343 Vtit.
567 1294 723 1359 Etpmolop„
739 1294 808 1358 (cup.
829 1298 852 1357 t,

59 1375 82 1410 ae
91 1364 216 1430 deinceps).
230 1366 279 1415 Sed
290 1377 370 1414 eorum
390 1363 544 1413 dissensiones
556 1378 601 1414 non
613 1370 678 1415 eraut
688 1366 749 1415 eirca
762 1378 789 1415 ea
799 1378 853 1427 qun

58 1440 106 1483 sunt
116 1437 171 1487 ddei.
181 1438 247 1501 Ergo
261 1435 357 1485 haeresis
371 1447 418 1483 uun
433 1437 467 1483 ost
480 1434 539 1484 circa
553 1446 580 1484 ea
593 1450 643 1499 quae
657 1440 711 1486 sunt
720 1436 786 1495 fidei,
797 1436 855 1486 sient

58 1505 110 1555 eirea
120 1509 235 1572 propriam
250 1506 380 1556 materiam.

85 1578 107 1625 2.
127 1581 258 1637 Praeterea,
274 1577 369 1626 materia
391 1576 445 1626 ddei
467 1580 521 1626 sunt
536 1589 573 1627 res
590 1588 640 1639 quan
657 1577 787 1627 creduntur.
807 1578 853 1627 Sed

57 1648 144 1699 uerso
153 1664 196 1701 nou
210 1652 290 1701 solum
300 1653 337 1698 est
346 1649 407 1698 eirca
417 1661 467 1710 res,
479 1649 521 1698 sed
533 1649 600 1698 etianr
612 1650 671 1697 circa
680 1648 750 1698 verba
761 1652 784 1697 et
795 1650 854 1697 circa

9 1761 10 1786 p
56 1720 200 1781 expositiones
213 1734 290 1773 saorae
303 1720 443 1783 Scripturae3
455 1719 512 1769 dicit
525 1719 585 1769 onim
599 1720 780 1782 Hieronymus,
796 1718 855 1781 quito

9 1799 10 1828 ³
55 1809 68 1833 u
79 1790 212 1857 quicunque
223 1792 295 1842 aliter
305 1791 442 1855 scripturam
452 1790 573 1853 iutelligit,
585 1790 652 1853 qutun
663 1802 745 1840 seusus
758 1789 855 1852 Spiritus

56 1863 120 1912 unni
135 1862 298 1929 efflagitut‚d
321 1876 367 1927 quo
385 1861 469 1925 scripta
483 1866 540 1924 est,
565 1861 618 1912 lieet
638 1862 666 1911 ab
686 1861 788 1911 Ecclesia
800 1874 856 1912 non

54 1935 177 2000 noesent,
193 1940 276 1986 tamen
296 1933 420 1984 hereticus
431 1932 540 1999 appellari
553 1936 638 1999 potest.
651 1948 666 1979 n
678 1934 706 1983 ut
720 1933 772 1983 aliti
785 1933 854 1995 dicit,

55 2005 106 2065 nuto
119 2023 134 2052 u
145 2020 176 2057 ex
189 2005 274 2057 verbis
287 2002 418 2055 inordinato
425 2004 534 2067 prolatis,
548 2002 578 2054 sit
592 2004 694 2055 derasis.
710 2020 724 2049 »
738 2005 796 2067 Ergo
809 2006 855 2055 ue-

54 2077 103 2125 resis
112 2090 158 2127 uon
174 2082 216 2127 est
230 2076 326 2141 proprie
339 2075 401 2125 cirea
412 2074 531 2124 materiam
548 2075 609 2125 ddei.

82 2154 102 2200 ³.
118 2152 252 2211 Praeterea,
272 2149 342 2199 etiam
360 2146 419 2196 circa
435 2160 462 2197 ea
480 2160 531 2211 uuo
545 2148 573 2197 ad
591 2147 657 2197 tidem
670 2150 803 2211 pertinent,
821 2148 856 2197 iu·

55 2220 167 2271 veniuntur
186 2221 331 2286 quaudoque
348 2218 408 2269 sacri
421 2218 525 2269 doctores
543 2217 678 2283 dissentire,
694 2220 753 2270 siout
777 2220 855 2271 Hiero-

57 2303 128 2354 upnus
144 2297 170 2344 et
192 2292 341 2356 Augustinus
360 2291 420 2340 circa
442 2290 591 2341 coemtionem
605 2290 725 2354 legatium3
744 2294 856 2340 ettamen

57 2362 93 2410 hon
104 2367 140 2413 est
155 2365 251 2428 vartique
269 2362 331 2411 nitio
350 2360 452 2412 burun.
466 2361 526 2423 Ergo
546 2360 639 2411 heresis
653 2365 748 2412 nonest
766 2358 857 2425 propni'e

56 2431 106 2483 uina
114 2435 241 2485 mauriana
255 2432 321 2483 ddei.

77 2506 206 2558 &donnus
220 2502 342 2569 est‚qudd
350 2503 487 2567 augustiuus
498 2504 564 2568 dicit,
578 2506 672 2555 Contra
686 2504 834 2555 Manichacus
847 2518 856 2551 .·

57 2576 114 2634 “Qui
125 2578 151 2627 iu
159 2576 270 2629 Ecclesia
277 2574 364 2627 Chrnti
372 2574 498 2625 morbidum
509 2576 593 2641 aliquid
605 2589 745 2641 pravumque
756 2576 857 2639 sapiunt,

56 2645 175 2714 sicompti
182 2653 212 2699 ut
220 2660 307 2699 sunum
316 2650 446 2709 rectumque
454 2647 555 2711 sapiant,
562 2647 673 2700 resistunt
681 2645 859 2705 contumaciter,

87 2754 116 2816 [1)
132 2759 213 2804 lichia
223 2756 299 2802 etiarn
311 2756 353 2812 Π,
366 2756 443 2804 Sunt..
457 2756 512 2801 dist.
531 2754 570 2817 ta,
585 2768 625 2815 qu.
639 2758 667 2816 Ξ,
686 2763 729 2800 aut.
742 2754 771 2812 1,
788 2754 816 2797 ad
832 2752 859 2803 ὃς

56 2824 77 2859 et
90 2820 112 2864 in
123 2821 142 2865 Ι.
158 2820 192 2865 nd
212 2820 286 2867 eor„
300 2817 390 2879 lectt,
403 2820 448 2864 cot.
461 2818 486 2863 ¹.

146 2932 181 2968 nv.
755 2914 768 2955 8
