1992 3317
132 96 162 133 DE
177 93 310 134 PRAEGEPTlS
326 95 358 134 AD
375 97 528 136 enumerata!
543 97 739 137 ennnnanntnus.
789 90 833 136 ΤΠ

45 171 65 222 de
78 172 196 236 prudentia
209 173 276 222 luerit
285 173 382 224 dandum
394 172 483 237 aliquod
495 179 633 239 preceptum
645 176 704 226 inter
719 179 834 240 precepta

42 243 146 306 decalogi.

71 322 95 366 e.
108 319 233 380 Praeterea,
245 317 269 366 in
281 315 382 367 doctriua
397 319 527 381 evangelica
541 319 671 370 continetur
680 321 726 381 len,
736 319 834 370 maxime

41 391 146 450 quantum
166 389 194 438 ad
212 394 327 452 precepta
344 388 454 452 decalogi.
471 389 515 440 Sed
535 390 560 440 in
580 391 682 440 doctrina
700 391 833 454 evangelica

42 459 105 508 datur
116 463 253 524 praeceptum
267 461 294 509 de
309 460 444 522 prudentia,
458 464 485 510 ut
496 463 627 521 llottt.,ll
643 478 675 511 ιιι
690 463 766 513 Estote
780 477 835 525 pru·

41 529 119 580 dentes
136 529 196 581 sicut
208 533 335 594 serpentes,
348 547 362 578 n
375 532 433 595 Ergo
446 531 506 586 iuter
519 536 632 596 praecepta
646 533 746 596 decalogi
754 532 835 584 debuit

39 601 131 664 praeeipl
145 604 208 651 actus
223 601 357 664 prudentiae.
559 649 563 660 ,

69 677 93 720 3.
111 673 237 735 Praenes,
251 671 296 722 alia
318 674 453 724 documenta
469 673 554 724 veteris
573 674 713 724 Testamenti
729 677 757 725 ad
777 689 835 739 prae·

40 747 103 806 cepta
123 743 224 806 decalogi
241 743 378 797 ordinantur.
393 745 455 795 Unde
482 747 506 795 ot
526 744 647 805 natura,
665 746 707 794 ult.
726 745 832 797 dicitur:

40 831 51 860 u
67 815 205 866 Mementote
222 815 280 877 legis
302 815 373 880 Moysi
397 816 533 878 cerrima,
554 830 620 880 quam
643 817 748 866 mandavi
767 817 790 868 ei
810 819 835 866 in

39 887 104 936 Oreb.
115 902 128 932 ιι
143 886 188 936 Sed
200 886 224 934 in
233 886 284 936 aliis
295 887 435 938 documentis
448 887 535 938 veteris
544 887 674 937 testamenti
686 889 767 938 dantur
777 903 834 950 pre-

40 961 105 1020 cepta
118 956 145 1006 de
156 957 288 1020 prudentia;
304 958 363 1009 sicnt
380 959 508 1018 Prodere,
522 959 552 1008 lll
566 974 572 1008 :
587 977 601 1006 o
613 961 647 1009 llo
660 958 764 1008 innitaris
775 974 834 1023 prn-

36 1028 120 1078 dcntiae
130 1032 191 1091 tumr
206 1045 220 1076 n
236 1032 259 1078 et
272 1028 331 1079 inlrd
344 1030 386 1091 lv,
402 1044 452 1094 cap.
468 1045 475 1077 ι
491 1047 506 1077 ιι
517 1030 632 1094 Palpehrae
644 1034 688 1080 tnae
703 1031 834 1094 precedant

35 1112 128 1160 gressus
140 1103 199 1149 tuos.
214 1115 228 1146 ι)
240 1101 300 1164 Ergo
314 1101 373 1151 etin
386 1102 436 1164 lege
452 1101 530 1151 debuit
542 1100 632 1164 aliquod
650 1105 789 1165 preceptum
806 1102 834 1152 de

33 1170 156 1233 prudentia
172 1170 227 1228 dari,
238 1175 263 1222 et
275 1172 387 1236 precipue
401 1167 461 1223 iute'r
473 1177 585 1236 praecepta
599 1172 707 1235 decalogi.

66 1243 113 1292 Sed
128 1243 263 1292 contrarium
276 1245 339 1308 patet
354 1244 494 1294 enumeranti
507 1248 620 1309 praecepta
632 1244 743 1309 decalogi.

70 1317 229 1378 (Concnmm.
245 1317 420 1378 -Quauquam
442 1315 519 1366 omnia
540 1315 640 1377 decalogi
661 1319 776 1380 praecepta
805 1317 834 1367 ad

33 1385 179 1449 prudentiam
190 1389 299 1449 spectent,
310 1387 362 1449 quia
371 1385 420 1450 ipsa
429 1391 464 1436 est
474 1386 575 1436 omnium
584 1387 736 1437 virtuosorum
743 1390 832 1437 actuum

34 1456 163 1518 directiua,
178 1457 206 1506 de
219 1469 246 1506 ea
262 1459 339 1506 tamen
351 1470 396 1508 non
410 1457 455 1507 luit
467 1456 557 1521 aliquod
580 1457 676 1521 speciale
694 1460 834 1521 preceptum

33 1528 163 1588 dandum.)

63 1599 205 1665 Respondeo
215 1599 334 1650 dicendum
345 1598 420 1662 ,quod
431 1598 490 1648 sicut
501 1597 571 1662 supra
576 1597 662 1648 dietum
670 1600 707 1646 est
717 1598 766 1660 (qn.
777 1602 832 1661 lde,

33 1675 76 1721 art.
97 1670 144 1735 1),
160 1669 212 1720 cnm
225 1670 253 1720 de
267 1668 388 1734 preceptis
401 1671 517 1732 ageretur,
528 1672 644 1731 praecepta
658 1667 759 1729 decalogi
776 1667 835 1717 sicut

33 1744 86 1793 iata
105 1744 161 1792 sunt
175 1741 237 1791 omni
258 1740 358 1804 populo,
372 1739 404 1789 ita
418 1738 485 1790 etiam
502 1739 584 1788 cadunt
604 1739 629 1787 in
647 1737 835 1788 existimationem

33 1813 152 1875 omnium,
163 1811 229 1876 quasi
247 1811 275 1862 ad
291 1810 417 1860 naturalem
430 1810 541 1860 rationem
557 1807 704 1873 pertinentia.
718 1809 835 1872 Praeoipud

33 1889 110 1935 nutem
129 1885 183 1933 sunt
202 1882 229 1932 de
251 1879 371 1932 dictamine
392 1881 485 1932 rationis
500 1879 625 1941 naturalis,
645 1879 703 1929 fines
728 1880 834 1930 humana

33 1956 100 2018 ritae3
117 1955 159 2018 qui
172 1966 197 2004 se
210 1951 295 2003 hahent
306 1953 330 2002 in
347 1952 440 2016 agendis
453 1952 511 2003 sicut
525 1951 639 2015 principia
652 1950 783 2001 naturaliter
795 1964 834 2002 co·

33 2027 98 2088 gnita
109 2026 135 2075 in
147 2023 304 2089 speculativis,
317 2028 341 2073 ut
352 2037 380 2075 ex
394 2023 460 2088 supra
471 2022 539 2074 dictis
547 2027 609 2086 patet
623 2025 677 2086 (qu.
690 2026 733 2083 tu,
745 2027 788 2072 nrt,
800 2024 834 2086 6).

33 2095 163 2148 Prudentia
180 2097 255 2144 autem
271 2099 363 2146 nonest
377 2095 435 2144 circa
447 2095 530 2157 linem,
547 2096 587 2145 sed
601 2093 701 2144 circaea
716 2106 767 2156 qna
781 2099 835 2144 sunt

33 2170 57 2217 rd
74 2168 162 2230 finem,
176 2169 202 2214 nt
218 2165 384 2228 supradictum
398 2169 433 2216 est
446 2165 500 2230 (qn.
518 2169 555 2229 ta,
571 2170 613 2215 art.
629 2165 671 2229 6).
684 2165 714 2216 nt
726 2166 778 2216 ideo
789 2179 835 2217 non

33 2240 76 2288 trit
91 2234 236 2288 conueniens
246 2239 271 2286 ut
281 2236 341 2286 inter
350 2239 462 2300 praecepta
477 2236 586 2300 decalogi,
594 2233 683 2300 aliquod
696 2240 834 2300 preceptum

33 2312 160 2360 acueretur
178 2309 206 2358 ad
222 2307 366 2374 prudentiam
387 2308 503 2370 pertinens
517 2307 617 2371 directe;
630 2308 658 2358 ad
674 2318 742 2370 qnam
760 2311 836 2358 tamen

33 2380 112 2429 emnia
126 2381 240 2443 precepta
255 2377 355 2440 decalogi
374 2378 502 2442 pertinent,
518 2378 641 2437 secundum
660 2379 719 2442 qnod
737 2377 789 2442 ipsa
800 2381 836 2428 est

33 2449 148 2500 lirectiua
162 2449 265 2500 omnium
276 2447 429 2498 virtuosorum
447 2453 549 2499 actuum.

60 2523 100 2571 Ad
117 2521 218 2586 primum
235 2534 288 2584 ergo
302 2520 439 2582 dicendum,
453 2521 513 2583 quod
526 2520 580 2570 licet
592 2521 712 2584 prudentia
727 2520 757 2570 sit
777 2521 835 2571 sim-

33 2592 128 2644 ›liciter
146 2591 293 2658 principalior
309 2589 379 2642 virtus
392 2591 442 2642 aliis
462 2591 582 2642 uirtutibus
599 2591 736 2657 moralibus,
748 2590 836 2656 justitia

33 2679 113 2717 amen
132 2663 282 2730 principalitas
296 2663 386 2728 respicit
405 2663 515 2714 rationem
537 2665 621 2727 detriti,
636 2667 697 2728 qnod
716 2666 838 2728 requiritur

33 2741 52 2790 d
73 2741 227 2804 preceptum,
240 2740 267 2786 ut
283 2733 445 2800 supradictum
462 2739 497 2786 est
512 2736 610 2800 (qaod,
624 2740 667 2786 art.
682 2739 724 2800 l).
739 2737 769 2785 lit
785 2735 837 2785 ideo

33 2807 172 2877 ‚rincipalia
187 2812 300 2874 praccepta
312 2806 384 2874 legis,
401 2817 451 2872 qum
467 2811 521 2859 sunt
533 2812 647 2876 precepta
658 2806 775 2872 decalogi,
788 2818 835 2856 ma-
