1992 3317
122 95 169 146 lod
224 105 331 146 uncunm
345 103 474 154 ermon,
487 103 583 150 uum.
597 103 684 155 xxxiv,
701 102 757 142 aar.
775 106 821 142 vu.

122 181 160 236 niu
171 183 214 248 (1).
228 183 309 233 Odium
322 186 398 232 nutem
412 193 459 232 non
468 179 540 231 oritm
550 179 692 241 extriedtin,
706 181 746 230 eed
756 179 840 244 potina
853 179 935 231 deon-

122 267 203 318 verao3
222 254 340 304 tristamur
356 253 418 304 eninr
441 254 469 302 de
490 252 614 317 prasentia
627 251 738 303 uralorunr
757 265 810 316 qum
830 252 934 303 odimus.

123 326 182 389 Ergo
200 325 277 375 odium
289 325 416 375 nonoritur
427 337 456 375 ex
475 323 571 374 invidia.

156 401 179 446 t.
189 397 299 446 Preteror
307 433 314 456 ,
321 394 397 445 odium
405 394 522 446 dilectioni
530 394 661 459 opponitur.
672 394 718 445 Sed
728 393 823 447 dilucio
832 394 936 459 proximi

125 469 222 520 retertur
234 467 261 516 ud
272 465 420 516 dilectionem
431 465 487 528 ilci,
498 470 525 516 nt
534 465 604 529 euprl
616 465 721 516 halitum
729 468 767 516 eet
777 466 822 530 (Β).
836 467 903 530 Ergo
913 470 936 516 et

127 537 203 589 odium
216 537 314 600 proximi
324 539 420 588 retertur
432 538 460 588 ari
469 538 547 589 odium
555 536 656 589 lleiiled
666 537 744 588 odium
757 537 800 588 llei
811 551 863 588 non
879 551 934 588 cau

127 615 189 660 satur
202 621 231 660 er
243 607 330 659 inuidia
339 625 348 672 ς
358 622 404 661 non
415 610 477 660 enim
488 609 617 660 inridemus
629 608 667 658 hie
676 607 717 672 qui
727 608 830 659 manime
842 609 857 659 dr
867 610 935 661 nobie

127 681 225 744 munt,
245 681 284 732 red
299 681 335 732 lis
351 681 390 744 qui
402 681 524 746 propinqui
536 681 658 744 ridentur,
672 683 698 730 ut
717 683 784 744 patet
796 695 841 744 per
854 681 935 733 Plrilo·

127 753 223 816 sophum
239 751 301 803 lull.
312 751 410 803 lldetoe.
421 752 481 818 (unp.
493 753 543 815 lo).
558 753 617 816 Ergo
631 752 707 803 odium
718 765 765 802 non
779 756 893 804 uruntur
904 767 934 804 ex

127 823 220 874 invidia.

159 898 182 945 d.
198 897 323 959 preterea,
341 894 409 945 nnius
422 894 520 944 cilectris
534 907 580 944 uua
588 897 712 945 excausa.
726 895 770 944 Sed
784 895 868 945 odium
880 908 933 946 can·

128 969 191 1018 suurr
200 980 232 1019 ex
245 967 292 1032 ira3
307 967 364 1018 dicit
378 965 438 1017 cuim
453 965 593 1028 domiduca
605 966 630 1016 in
647 965 743 1030 liepulu
753 966 763 1029 (
772 966 814 1016 ulei
828 967 932 1031 supet),

127 1038 189 1104 qudi
203 1055 217 1087 r
231 1039 265 1089 ira
282 1037 363 1090 crescit
375 1037 400 1088 iu
417 1035 530 1090 cuiun.»
546 1037 598 1087 tlon
614 1049 668 1100 ergo
684 1039 791 1086 causatur
804 1037 886 1088 odium
904 1051 933 1094 ex

125 1109 220 1162 intima

159 1181 204 1232 sut
217 1185 294 1230 eontra
304 1182 352 1240 est,
365 1180 425 1242 quod
434 1179 559 1244 Gregorius
566 1178 632 1242 dicit,
642 1179 715 1230 lllllll
728 1180 824 1233 limat.
839 1181 885 1245 (ut
895 1193 940 1236 eu,

127 1251 168 1317 pri
178 1253 201 1314 l,
220 1251 280 1315 qudd
295 1266 310 1300 a
324 1251 352 1302 de
366 1251 452 1302 inuidia
464 1252 537 1303 oritur
549 1251 659 1304 cilum.»

161 1324 322 1386 (commoneo.
338 1349 370 1362 -
380 1323 410 1374 llt
425 1337 454 1374 ex
468 1324 621 1376 delectatione
638 1323 740 1387 gignitur
755 1335 833 1386 amor,
849 1324 882 1375 ita
903 1338 931 1376 er

128 1395 228 1457 invidia,
241 1409 292 1459 quen
306 1393 400 1446 interior
419 1394 511 1446 tristitia
528 1399 565 1446 est
578 1397 607 1447 de
622 1396 682 1446 bono
702 1394 815 1460 proximi,
829 1396 931 1461 gignitur

128 1465 225 1530 odium.)
691 1466 697 1477 ‘

160 1538 296 1602 lleepondoo
305 1537 435 1594 dicundum.
446 1537 507 1600 quid
518 1538 578 1588 siem
588 1537 674 1588 uicum
686 1540 731 1600 eut,
742 1537 820 1589 mum
830 1539 929 1602 proximi

130 1612 165 1661 eet
175 1609 280 1660 ultimum
288 1609 313 1659 in
324 1621 447 1674 progressu
455 1610 554 1673 peccati,
565 1621 594 1660 eo
602 1609 662 1672 qudd
670 1608 794 1674 opponitur
804 1609 927 1673 dilectioni,

129 1693 175 1745 qun
183 1681 313 1732 naturaliter
325 1681 442 1746 proximus
456 1680 567 1743 diligitur.
577 1679 642 1739 Quod
653 1685 729 1730 antem
741 1679 828 1743 ullqme
837 1681 928 1732 recedat

130 1753 158 1804 ab
169 1767 197 1804 eo
207 1753 268 1817 quod
282 1752 442 1814 calcamento,
457 1751 569 1815 contingit
580 1764 610 1802 ex
621 1752 665 1802 itoe
675 1751 843 1815 quod-intenuit
855 1752 926 1803 ritnre

129 1823 214 1886 aliquid
223 1823 286 1887 qnod
294 1827 329 1875 eat
338 1821 618 1886 naturaliterlugiendum.
626 1822 763 1873 Naturaliter
773 1825 852 1872 autern
861 1835 927 1873 omne

129 1894 213 1944 animal
230 1894 287 1957 ingil
300 1893 427 1956 tristitiem,
441 1892 502 1945 siout
521 1898 546 1943 et
566 1892 655 1958 appelit
670 1891 856 1958 deleo-tationem,
870 1894 928 1945 sium

129 1968 194 2029 pelet
209 1977 250 2028 per
264 1963 425 2029 Philosophum
441 1965 466 2014 in
478 1965 518 2016 llll
532 1966 589 2015 etll
609 1965 692 2015 liidie.
707 1965 738 2014 m
749 1964 816 2027 ideo,
830 1965 889 2029 aiunt
899 1980 927 2017 ea

129 2034 278 2089 delectatione
291 2039 396 2085 causatur
415 2046 490 2096 amor,
505 2037 536 2086 ita
557 2050 587 2086 er
606 2035 699 2086 lustitia
716 2040 823 2087 causatur
841 2037 924 2089 odium.

130 2105 268 2158 sicutenim
279 2118 397 2158 movemur
408 2109 435 2158 ud
449 2107 589 2172 diligendum
599 2121 627 2160 ea
640 2120 692 2172 puae
706 2121 748 2160 uos
762 2109 888 2174 delectant,
902 2110 925 2159 in

129 2181 237 2242 quantum
247 2179 327 2228 extruo
337 2177 536 2243 ipsoeccipiunlur
546 2177 684 2230 spiratione
695 2179 757 2243 loni,
767 2180 799 2229 ita
813 2180 925 2232 moremur

130 2249 289 2300 odediendum
303 2263 330 2300 ca
343 2263 394 2313 que
408 2263 450 2300 noc
463 2251 612 2314 contristant,
624 2251 650 2300 iu
659 2254 769 2314 quactum
781 2264 810 2301 ex
828 2251 924 2316 trocipso

130 2318 271 2385 accipiuntur
282 2321 324 2371 sub
340 2319 428 2372 rulione
443 2321 506 2372 muli.
518 2322 583 2373 llude
596 2319 649 2371 cium
659 2320 744 2370 inuidia
759 2321 790 2370 sit
800 2321 888 2372 tristitie
898 2322 924 2372 de

130 2390 191 2443 loro
203 2391 314 2456 prox-imi,
328 2393 430 2457 coquitur
448 2391 510 2457 quod
528 2393 614 2445 ionum
626 2392 726 2457 proximi
745 2393 850 2444 reddatur
864 2394 924 2445 nolis

130 2463 242 2518 odiosum.
257 2465 286 2515 llt
298 2463 352 2516 inde
366 2467 401 2516 est
415 2463 474 2528 qudd
486 2477 516 2514 er
527 2463 615 2515 inuidia
627 2463 699 2516 oritur
708 2463 795 2515 odium.

162 2534 197 2586 rid
210 2535 306 2599 primum
317 2548 371 2598 ergo
386 2535 522 2598 dicendum,
532 2534 656 2600 quidquia
668 2536 703 2585 vis
717 2535 856 2599 appetitiva,
871 2536 925 2587 aiom

167 2685 198 2751 (l)
213 2690 243 2736 Ut
252 2701 292 2746 qu.
305 2687 346 2748 dd,
355 2693 399 2736 art.
413 2688 437 2750 l,
446 2701 476 2736 ex
485 2688 593 2747 prolerre
603 2689 692 2736 dietum
703 2695 748 2750 aet,
758 2694 784 2736 et
795 2700 825 2737 aa
836 2692 925 2738 Dama·

130 2764 188 2800 oeno
203 2753 336 2810 motatum.

164 2820 195 2886 (2)
209 2823 266 2872 Tum
276 2835 316 2882 qu.
329 2821 359 2868 25
371 2823 440 2882 hujus
450 2823 532 2885 perde,
545 2827 590 2869 art.
603 2821 629 2882 1,
642 2797 691 2868 tum
703 2836 744 2884 qu.
754 2822 795 2886 25,
808 2827 851 2869 art.
861 2823 884 2872 8.
