1992 3317
347 144 376 183 na
391 146 480 185 onoma
495 146 646 187 autmarus.
850 138 896 189 tua

91 220 176 285 abacis
189 218 258 281 ordo,
271 218 312 271 sed
325 222 402 273 omnia
414 222 449 287 (l)
463 224 581 289 equahhr
592 225 722 277 credamur.
742 227 802 291 [drgo
815 239 859 278 nec
871 228 898 279 iu

93 292 206 343 charitate
221 291 288 343 debet
300 293 355 355 poni
368 294 450 358 aliquis
463 298 527 347 ordo.
628 354 633 360 ,

99 408 103 413 .
129 369 151 414 3.
164 365 290 427 Praeterea,
306 364 404 416 charitas
420 370 444 416 in
459 368 574 419 voluntate
585 371 630 421 est.
642 371 751 422 Ordinare
762 374 838 421 autern
851 384 898 422 uon

94 440 131 488 est
147 436 286 499 voluntatis,
308 438 347 487 sed
372 438 476 489 rationis.
493 440 553 503 Ergo
575 442 629 492 ordo
652 454 700 493 non
716 443 784 493 debet
805 442 898 494 attribui

96 508 211 559 charitati.

128 580 172 631 Sed
186 584 265 631 contra
273 582 323 644 est,
333 582 393 646 quod
404 582 485 633 dicitur
497 586 582 641 Gnate,
592 588 627 635 ll:
642 586 791 637 «introduxit
804 600 841 637 nre
858 600 899 637 rex

96 651 123 703 iu
136 651 213 703 cellam
225 652 348 714 vinariam,
363 653 475 705 ordinarit
486 656 512 705 in
524 670 561 707 me
574 657 716 708 charitatem.
732 676 745 704 a

132 723 288 787 (carausio.
301 752 332 762 -
343 725 464 777 charitatis
486 728 585 791 alicuem
601 732 689 793 oportet
709 730 811 781 ominem
832 742 896 792 esse,

97 795 150 847 chm
159 808 187 847 ca
201 809 226 846 se
240 796 348 847 excudat
358 798 382 847 in
393 798 465 849 ileum
477 802 583 863 tauquam
595 800 741 850 beatitudinis
752 801 897 865 principium,

97 868 122 917 in
135 866 201 931 cujus
215 868 417 920 communicatione
435 870 552 920 charitatis
568 869 666 921 amicitia
682 871 820 934 tundatur.)

129 938 265 1003 Respondeo
283 938 402 990 dicendum
415 976 421 1003 ,
436 940 497 1005 qubd
516 941 577 991 sicut
594 941 746 1005 Philosophus
760 943 816 992 dicit
829 943 853 993 in
870 945 900 993 V.

97 1010 208 1074 Metoptr.
225 1008 300 1073 (text.
316 1012 380 1073 itit:
397 1012 488 1063 «Prius
502 1016 526 1063 et
548 1012 661 1076 posterius
681 1012 763 1063 dicitnr·
776 1014 900 1065 secundum

97 1081 230 1131 relationem
243 1082 271 1133 ad
282 1081 372 1145 ahquod
381 1082 532 1149 principium3
548 1101 563 1132 u
574 1086 629 1135 ordo
640 1088 716 1135 antem
730 1084 828 1134 includit
839 1085 863 1133 in
875 1098 901 1135 se

99 1153 197 1217 aliquem
209 1153 302 1204 modum
315 1154 396 1218 prioris
406 1158 429 1206 et
442 1155 591 1221 posterioris:
603 1156 664 1207 unde
674 1158 766 1219 oportet
779 1155 839 1220 qubd
851 1154 902 1206 ubi·

98 1239 197 1291 cumque
212 1230 248 1275 est
262 1226 354 1289 aliquod
367 1225 513 1292 principium,
522 1228 552 1279 sit
565 1229 633 1279 etiam
645 1229 728 1293 ahqnis
737 1228 801 1279 ordo.
810 1228 901 1277 Dictum

98 1303 177 1349 autem
190 1302 227 1349 est
239 1298 307 1363 suprh
322 1299 376 1362 (qu.
392 1303 438 1363 ΞΒ,
452 1304 494 1349 art.
510 1304 541 1362 l,
555 1304 626 1364 etqu.
642 1306 685 1361 25,
700 1303 743 1352 art.
757 1304 787 1349 ih
798 1301 824 1361 i,
839 1298 900 1363 qnbd

99 1369 190 1421 dilectio
204 1368 322 1420 charitatis
337 1370 412 1420 tendit
426 1370 450 1419 in
463 1371 534 1423 ileum
545 1371 604 1421 sicut
614 1372 640 1421 in
652 1372 790 1436 principium
802 1370 901 1421 heatitu-

99 1442 172 1504 dinis,
189 1441 214 1491 in
227 1442 292 1505 cujus
310 1441 513 1493 communicatione
525 1442 627 1492 amicitia
641 1443 757 1493 charitatis
774 1443 899 1492 tundatur:

99 1518 122 1565 et
134 1514 186 1565 ideo
199 1516 289 1577 oportet
303 1513 361 1577 quor
372 1514 397 1564 in
404 1514 442 1565 bis
453 1526 503 1578 quar
516 1528 545 1564 ex
557 1512 669 1565 charitate
679 1515 814 1578 diliguntur,
828 1517 902 1564 alten

101 1586 168 1637 datur
181 1585 263 1649 aliquis
272 1587 326 1637 ordo
337 1586 460 1637 secundum
471 1586 607 1636 relationem
620 1586 649 1635 ad
658 1585 756 1649 primum
767 1584 902 1649 principium

102 1658 173 1722 hujus
191 1657 335 1721 dilectionis,
348 1660 409 1722 quod
422 1661 457 1709 est
471 1660 538 1709 licus.

136 1732 168 1781 hd
182 1730 348 1798 primrngergo
358 1732 476 1781 dicendum
482 1768 492 1794 ‚
501 1729 560 1794 qnbd
572 1728 671 1779 charitas
682 1726 756 1777 tendit
767 1727 791 1777 in
800 1726 904 1778 ultimum

103 1803 173 1853 tinem
188 1796 230 1853 snb
246 1802 334 1853 ratione
352 1803 403 1853 finis
418 1802 507 1863 ultimi,
518 1802 579 1867 quud
598 1814 643 1851 non
661 1798 769 1851 convenit
782 1797 848 1849 ahcui
863 1798 902 1848 alii

103 1873 194 1936 uirtuti,
203 1878 229 1925 nt
240 1874 309 1938 snpr'a
323 1874 408 1925 dictum
419 1876 455 1924 est
465 1876 513 1936 (qu.
524 1878 564 1935 23,
576 1877 619 1922 art.
632 1872 667 1937 7).
677 1870 742 1921 Finis
753 1872 827 1921 autem
837 1871 906 1922 habet

104 1946 214 1997 rationem
227 1945 333 2011 principii
346 1945 371 1995 irr
390 1944 551 2009 appetibilibus
563 1950 587 1995 et
596 1944 621 1994 in
631 1943 742 2006 agendis,
758 1946 784 1993 ut
796 1956 825 1993 cx
838 1944 905 2007 supri

104 2016 172 2067 dictis
187 2020 260 2082 patet.
273 2018 302 2067 llt
312 2016 363 2068 ideo
378 2016 475 2067 charitas
488 2016 587 2067 maxime
596 2016 703 2080 importat
714 2014 905 2077 comparationem

104 2089 133 2140 ad
144 2088 248 2152 primunr-
253 2087 398 2152 principium.
408 2089 436 2137 Et
446 2087 497 2139 ideo
506 2087 531 2137 in
541 2100 568 2138 ea
577 2086 676 2137 maxime
686 2085 840 2136 consideratur
851 2086 906 2135 ordo

104 2161 230 2211 secundum
243 2158 377 2211 relationem
391 2159 417 2209 ad
431 2158 530 2224 primum
542 2158 690 2222 principium.

137 2231 172 2281 hd
185 2232 309 2282 secuudum
320 2229 454 2291 dicendum,
465 2229 525 2294 quhd
534 2230 590 2279 fides
600 2228 700 2293 pertinet
711 2228 739 2278 ad
752 2227 800 2277 rim
810 2239 905 2291 cognos-

104 2304 211 2365 citirarn,
229 2304 295 2368 cujus
314 2301 414 2367 operatio
430 2304 465 2353 est
481 2301 607 2352 secundum
620 2301 681 2363 quod
690 2314 727 2351 res
744 2300 841 2362 cognitae
854 2301 907 2349 sunt

106 2374 131 2425 in
144 2378 311 2441 cognoscente3
324 2373 421 2424 charitas
440 2374 516 2423 autem
529 2376 564 2422 est
580 2372 606 2421 in
624 2371 647 2419 ri
664 2370 768 2421 affectiva
781 2370 815 2436 (2)
821 2407 830 2434 ‚
842 2369 909 2434 cujus

142 2492 174 2557 (1)
189 2494 303 2542 Divinitas
314 2493 406 2551 tradita,
420 2493 480 2539 siout
493 2493 593 2549 explicat
606 2493 631 2537 S.
648 2492 748 2537 Thomas
761 2492 782 2537 l.
797 2490 829 2535 od
841 2490 911 2541 cor„

108 2560 178 2613 xm,
193 2558 257 2614 qnbd
271 2557 378 2602 chorites
398 2557 481 2601 onmia
497 2554 584 2601 credit.
602 2556 634 2600 Et
655 2555 689 2599 sic
709 2554 869 2599 Theodoretus
887 2560 911 2600 ct

110 2622 296 2679 chrysostomus.

145 2690 176 2754 (b)
192 2691 281 2749 Nempd
294 2693 319 2736 in
328 2692 455 2749 voluntate,
466 2694 492 2736 ut
501 2702 541 2747 qu.
553 2688 596 2748 bd,
612 2694 656 2734 art.
668 2687 696 2746 1,
707 2701 736 2734 cx
746 2688 852 2746 protenso
863 2688 912 2733 dic·

111 2760 160 2801 tum
169 2760 205 2803 eut
213 2761 237 2801 et
246 2757 381 2812 probatum:
389 2754 450 2799 sicut
459 2752 529 2799 etiarn
536 2753 599 2809 qudd
607 2753 715 2798 voluntas
724 2756 788 2797 extra
798 2764 824 2796 sc
833 2750 912 2796 tendat

110 2819 135 2863 in
151 2831 189 2865 res
211 2820 247 2864 vol
261 2819 338 2863 animo
351 2830 393 2874 per
411 2817 566 2874 voluntatem,
578 2820 683 2861 notatum
704 2819 740 2859 cst
757 2814 782 2859 in
801 2814 821 2859 i.
838 2818 910 2871 part,

3 2900 13 2917 ι
111 2881 204 2945 qual,
218 2885 262 2927 att.
275 2880 303 2941 t,
319 2880 566 2943 chrudeprocessiouc
580 2877 732 2939 ameriam,
833 2877 844 2914 -’
910 2905 914 2910 ·
