1992 3317
312 142 484 183 promeruere
501 142 604 183 oraora.
831 135 860 185 tl

65 222 157 283 operatur
167 220 192 271 iu
203 220 282 282 robis,
297 224 322 271 ct
333 220 394 271 velle
408 219 561 285 etperfioerc‚
571 236 584 267 u
593 219 655 272 recti
669 220 763 284 gratiam
778 221 811 273 ita
824 222 860 273 di-

67 289 105 341 rid
116 292 261 343 modestum
271 292 334 355 est.)

89 363 217 427 ltespoudeo
232 364 372 427 dicendum,
388 361 448 427 qudd
460 363 522 413 sicut
533 362 601 429 sopri
611 363 698 415 dictum
709 366 802 431 ost(qu.
816 370 861 417 iob

63 438 81 481 et
96 437 148 495 tto,
160 440 204 485 art.
214 434 259 498 a),
271 437 360 501 pratia
370 434 494 498 dupliciter
506 438 581 498 potest
592 435 706 499 intelligi:
721 450 769 488 uuo
783 438 859 500 modo,

64 504 152 555 biduum
164 506 280 557 auxilium
294 520 341 571 quo
356 519 399 557 uos
414 509 494 557 mouet
504 505 532 555 ad
548 505 606 557 baud
618 506 740 557 volendum
754 512 778 559 et
792 522 863 573 agen-

64 575 123 639 duro3
136 576 180 629 alio
201 578 289 639 modo,
310 578 427 629 babituale
444 578 530 627 donetur
548 578 613 629 uobis
627 578 737 630 diuinitus
756 580 860 633 inditum.

63 646 148 712 tlroque
159 652 238 699 autem
249 651 319 701 modo
333 651 423 713 protu'u
441 648 512 709 dicta,
527 650 688 701 conuenienter
703 651 809 702 diuiditur
823 668 864 718 por

65 723 184 781 operantem
195 726 220 771 et
232 724 406 785 cooperantem.
419 719 528 784 Operatio
537 721 598 772 enim
609 722 708 786 alicujus
716 723 809 775 edoctus
818 738 864 777 non

63 790 179 843 attribuitur
188 792 281 856 mobili,
292 793 332 843 sed
345 792 458 843 mouenti.
470 792 498 841 ln
507 790 546 843 illo
554 806 608 856 ergo
617 792 703 844 edoctu
712 793 737 843 iu
746 808 791 859 quo
800 809 865 847 meno

63 865 130 911 rostra
144 868 178 915 est
195 868 262 915 mota
280 867 305 913 et
322 877 369 914 uon
384 876 499 924 mouens,
514 863 576 914 solus
591 868 668 915 autom
682 866 741 917 Deus
753 879 862 925 mouens,

64 934 153 996 operatio
173 937 222 987 lteo
242 936 378 987 attribuitur
399 953 405 985 :
426 939 451 986 ct
467 934 593 986 secuudirm
611 938 656 987 boc
674 938 757 991 dicitur
774 941 864 1003 pratia

64 1018 164 1067 operum.
180 1009 222 1059 lllo
239 1011 319 1059 autem
336 1008 419 1059 ellectu
438 1006 520 1071 inquo
534 1020 598 1057 ruens
616 1013 694 1059 uoetra
714 1013 738 1061 et
753 1015 829 1061 moret
843 1016 866 1061 ct

64 1082 167 1141 moratu,
174 1080 285 1145 operatio
295 1092 342 1130 uon
352 1078 426 1129 solium
434 1078 565 1129 attribuitur
572 1080 630 1141 lieo,
639 1080 681 1130 sed
689 1081 757 1130 etiarn
767 1081 847 1133 anima
858 1098 863 1130 :

63 1154 82 1197 et
100 1150 225 1202 secundina
246 1152 294 1202 boc
312 1151 394 1206 dicitur
417 1151 510 1215 pratia
526 1165 668 1215 cooperans.
691 1152 732 1201 list
749 1156 825 1203 autem
841 1153 866 1204 iu

64 1220 121 1271 robis
137 1222 222 1287 duplex
247 1226 321 1273 actus.
346 1223 438 1272 Primus
461 1220 555 1285 quidem
573 1223 668 1273 interior
687 1223 818 1275 voluntatis.
840 1226 869 1276 lit

65 1296 165 1353 rpuarttum
184 1296 215 1345 ad
236 1294 309 1344 istum
324 1297 414 1355 actum,
429 1293 536 1343 uoluntas
555 1307 579 1344 so
596 1293 666 1343 babet
680 1296 705 1344 ut
720 1298 795 1358 moa,
809 1297 869 1346 oeus

67 1369 133 1414 arrterrr
146 1370 171 1415 ut
187 1378 301 1427 movens3
316 1366 340 1415 et
354 1361 485 1428 pracsertim
502 1362 553 1413 ciem
566 1365 672 1415 uoluntas
688 1364 768 1431 incipit
783 1366 868 1417 bonum

67 1435 128 1499 tolo,
138 1452 190 1501 quae
204 1436 274 1502 priis
284 1437 369 1486 malurn
379 1435 481 1486 volebat.
492 1436 522 1485 lit
534 1435 585 1487 ideo
598 1436 721 1488 secundini
735 1437 796 1501 qubd
808 1440 869 1489 Deus

68 1512 135 1559 moret
156 1511 287 1561 humanam
310 1512 412 1559 mentem
435 1508 464 1557 ad
486 1508 547 1557 hunc
569 1512 658 1569 actum,
680 1508 761 1560 dicitur
779 1513 869 1575 qratia

67 1594 172 1643 operato
188 1582 258 1631 llius
274 1585 351 1631 autem
362 1584 428 1629 actus
443 1582 478 1630 est
494 1580 601 1644 exterior,
616 1580 656 1645 qui
668 1580 720 1631 cim
730 1578 744 1631 b
754 1582 869 1633 uoluntate

66 1656 172 1715 operetur,
188 1651 298 1717 utsupra
310 1651 397 1702 dictum
410 1654 446 1701 est
456 1652 509 1715 (qu.
518 1656 558 1715 lt,
571 1655 616 1703 art.
631 1652 670 1714 9),
680 1664 823 1715 conocqueus
836 1657 871 1705 cst

67 1722 120 1783 qobd
138 1725 253 1777 adhunc
271 1727 347 1773 actum
365 1722 468 1788 operatio
487 1723 620 1773 attribuatur
635 1722 756 1772 uoluntati.
774 1724 804 1773 Et
818 1724 871 1788 quia

67 1793 128 1843 etiam
142 1797 171 1845 ad
186 1797 253 1845 bunc
266 1799 342 1845 actum
362 1796 423 1845 beus
445 1807 489 1845 uos
506 1795 613 1858 adjurat,
628 1797 653 1843 et
671 1793 766 1844 interibo
789 1796 870 1847 unbr-
908 1822 916 1839 .

68 1866 141 1918 maudo
153 1868 301 1919 uoluntatem
312 1869 338 1917 ot
349 1868 378 1917 ad
392 1870 469 1917 actum
480 1865 611 1931 perueniat,
625 1868 649 1915 ct
666 1864 764 1917 exterius
773 1866 871 1919 faculta-

69 1940 109 1986 tem
130 1938 244 2004 operandi
266 1939 405 2003 praebendo,
423 1940 532 2002 respectu
549 1937 680 2001 hujusmodi
703 1941 767 1989 actus
789 1938 872 1989 dicitur

68 2013 149 2071 pratia
164 2026 312 2077 cooperans.
324 2012 387 2063 Unde
403 2011 459 2075 post
476 2009 595 2074 premissa
610 2010 680 2061 uerba
690 2010 766 2061 subdit
780 2011 870 2075 bugua-

71 2081 146 2135 tiuus:
163 2086 220 2136 ullt
232 2089 311 2135 autem
326 2083 440 2145 veducus,
455 2085 576 2146 operatur;
591 2080 643 2133 cim
656 2085 733 2144 autem
752 2082 871 2148 uolumus,

69 2158 91 2202 ut
103 2156 248 2219 perficiamus
263 2154 330 2207 nobit
344 2160 489 2221 cooperatur.
503 2169 517 2200 u
531 2152 556 2204 Si
564 2153 633 2218 igitur
646 2154 734 2219 prutr'u
749 2152 873 2218 accipiatur

70 2240 106 2288 pro
121 2229 221 2291 gratuita
232 2228 278 2279 Dei
290 2227 406 2291 motione,
422 2238 469 2290 qua
487 2228 565 2276 mouet
577 2238 619 2275 cos
635 2226 664 2276 ad
679 2226 765 2277 bonum
778 2225 873 2277 merito-

69 2299 135 2359 rium,
149 2300 317 2351 conuenienter
330 2298 439 2349 diuiditur
454 2295 528 2359 gratia
541 2309 582 2361 per
597 2299 743 2361 operantem
754 2299 779 2346 et
790 2311 874 2361 coope-

72 2374 173 2421 acorem.
190 2372 216 2422 Si
228 2370 285 2423 verb
301 2371 426 2435 accipiatur
445 2367 568 2432 gratiapro
578 2367 688 2419 habituali
699 2367 775 2432 dono,
790 2367 824 2419 sic
840 2371 875 2418 cot

73 2441 150 2506 duplex
159 2442 241 2509 gratiae
254 2442 429 2503 electuarium
439 2444 464 2490 et
475 2438 597 2503 cujuslibet
608 2438 702 2490 alterius
712 2439 807 2502 torma,
818 2451 875 2503 quo·

73 2526 118 2563 rura
129 2515 217 2579 primus
232 2518 269 2565 est
278 2528 345 2577 eboc,
355 2512 471 2564 sccundus
483 2515 517 2562 ost
530 2512 632 2575 operatio
646 2527 651 2559 :
663 2510 722 2561 sicut
731 2509 812 2562 caloris
820 2523 874 2573 ope·

74 2586 124 2636 ratio
143 2590 179 2637 est
202 2586 280 2637 lacero
303 2584 418 2648 calidum,
439 2586 464 2633 ct
484 2582 583 2634 exterior
601 2582 728 2634 calefactio.
748 2581 786 2631 Sic
806 2581 875 2644 igitur

75 2656 190 2709 habitualis
203 2657 277 2723 gratia
288 2657 436 2721 inquantum
450 2653 549 2705 animaru
563 2657 628 2704 sanat
640 2654 675 2704 rel
690 2652 817 2718 justificat,
827 2652 875 2704 siue

75 2732 153 2789 gratam
169 2731 216 2783 beo
234 2728 305 2789 lacit,
319 2728 403 2779 dicitur
418 2726 508 2792 pratia
520 2740 638 2791 operatu
652 2725 678 2775 in
693 2728 804 2789 quantum
821 2723 877 2773 uerb

77 2802 109 2847 est
119 2800 256 2867 principium
269 2800 346 2866 operis
363 2797 489 2862 meritorii,
504 2798 564 2864 quod
584 2812 614 2850 ex
625 2796 697 2849 libero
715 2793 809 2847 arbitrio
823 2804 877 2854 pro-

77 2869 143 2939 oedit,
156 2873 241 2925 dicitur
254 2886 399 2937 cooperatos.
