1992 3317
164 113 211 160 8³2
289 119 399 159 enunnna
413 119 539 169 sumnum,
556 118 649 164 eumer.
665 121 710 170 u,
726 119 783 156 arr.
800 119 834 157 rr.
971 13 973 145 Ι

163 197 266 260 quedem
282 196 306 246 in
320 196 422 260 agendis.
440 197 484 246 Sed
499 195 557 245 nituit
575 195 663 260 deperit
679 195 773 246 ueritati
789 196 952 259 equoreumque

164 267 264 330 ditatur,
279 269 318 318 sed
338 267 352 316 t
370 279 511 330 quocumque
533 270 570 316 eet
589 265 729 330 aecipienda.
745 267 807 330 Ergo
825 267 894 317 etium
906 264 955 315 nihi

165 339 252 403 peperit
262 338 367 403 justitiae,
378 351 521 401 quocumque
530 337 619 400 justum
631 337 797 388 determinetur
811 353 818 387 :
836 340 896 402 quod
913 352 954 401 per·

164 410 223 463 tinet
239 412 267 460 ed
285 411 394 460 rationein
404 409 494 472 judieii.
971 350 973 475 i

196 487 219 531 2.
235 483 357 544 preterea,
368 485 461 545 peecata
471 481 547 545 puniri
556 481 705 546 adjudicium
717 481 829 545 pertinet.
839 484 886 533 Sed
897 481 952 543 aiipi

164 551 305 602 laudabiliter
320 553 426 616 leguntur
438 556 531 616 peecata
542 554 650 616 punisse,
662 553 702 616 qui
714 557 794 603 tamem
808 555 952 605 anctoritatem

166 636 211 672 non
228 623 342 674 habebant
357 637 426 688 super
438 623 489 674 ilios
503 636 561 686 quos
573 624 714 686 puniebant:
726 624 788 673 sieut
804 625 900 689 Moyses
911 624 954 674 orei·
971 620 973 639 '

165 695 239 745 dendo
259 695 404 759 AEgyptium
419 699 444 745 ut
463 695 559 746 habetur
576 695 673 751 ΕΜ,
693 697 732 758 n,
746 698 771 745 et
785 697 888 747 Phineos
908 696 954 744 filins

165 766 280 830 Elearari,
295 767 384 818 zambri
396 767 468 816 tilium
481 766 581 828 Saluuii,
601 770 626 816 nt
643 766 727 828 iegitur
747 767 839 825 Num„
859 769 924 829 XXV,
938 772 954 813 et

168 841 319 900 «reputatum
335 841 372 888 est
385 839 407 888 ei
421 838 586 908 adjustitiam,
601 853 616 884 n
630 839 657 886 ut
669 837 752 888 dieitur
765 839 792 888 in
806 839 909 890 Psalmo
920 839 952 886 Ct'.

167 908 227 972 Ergo
239 910 355 974 usurpatio
366 909 448 972 judieii
462 922 508 959 non
522 908 621 973 pertinet
632 909 661 959 ad
673 908 821 973 injustitiam.

200 987 223 1032 3.
238 985 361 1046 Praeterea,
379 986 481 1047 potestas
500 982 624 1046 spiritualis
645 982 826 1045 distinguitura
839 982 952 1048 temporali.

169 1055 213 1104 Sed
226 1055 359 1118 quandoque
368 1053 453 1118 prelati
468 1054 577 1104 habentes
587 1053 726 1118 spiritualem
737 1057 888 1119 potestatem,
900 1057 953 1104 intro

169 1126 262 1176 mittunt
278 1139 303 1175 se
321 1127 349 1175 do
368 1125 475 1188 hisque
491 1125 607 1188 pertinent
628 1125 657 1173 an
672 1125 806 1175 saecularem
823 1130 953 1190 potestaten.

169 1197 228 1258 Ergo
242 1201 373 1260 usurpatum
388 1197 498 1260 judicium
512 1209 559 1247 non
571 1198 607 1246 est
617 1194 730 1246 iiiieitnm.

202 1269 224 1315 t.
240 1267 364 1329 Praetereo,
380 1267 440 1318 siout
455 1268 482 1317 ad
496 1266 558 1317 reete
572 1266 721 1329 judicandum
735 1266 862 1330 requiritur
873 1266 953 1318 anctori-

170 1342 216 1400 tas‚
234 1337 265 1386 ita
280 1338 348 1388 etiam
367 1342 390 1388 et
402 1338 490 1401 justiu'a
506 1337 631 1402 jurlieantis
640 1341 664 1388 et
681 1337 785 1401 seientia,
798 1341 824 1388 nt
840 1353 871 1389 ex
893 1354 954 1402 snper·

169 1409 237 1458 dietis
252 1411 314 1471 patet
328 1409 381 1472 (art.
397 1413 432 1469 tt.
449 1410 493 1460 Sed
508 1421 554 1458 non
569 1409 650 1459 dieitur
659 1407 774 1471 judicium
783 1421 836 1461 esse
847 1411 952 1476 injustum,

170 1479 190 1531 ei
202 1479 283 1542 aliquis
291 1480 377 1543 judicet
388 1493 434 1531 non
444 1479 640 1531 habeustrahitnm
649 1480 749 1540 justitie
759 1519 766 1544 ,
776 1484 814 1532 vel
824 1495 873 1532 nou
885 1483 954 1532 oeten

170 1551 288 1602 seientiam
298 1551 364 1616 juris.
376 1553 436 1616 Ergo
452 1554 520 1603 etiem
535 1564 608 1614 neque
620 1550 733 1615 judicium
745 1557 897 1616 usurpatum,
910 1551 955 1616 quoi

171 1624 196 1674 tit
204 1638 245 1688 per
257 1625 370 1675 detectum
385 1624 534 1685 auctoritatis,
546 1636 636 1687 semper
649 1622 694 1672 erit
705 1623 828 1688 injustum.

202 1697 246 1747 Sed
264 1701 341 1747 eontra
362 1699 412 1760 eet,
427 1695 486 1759 qnod
506 1695 589 1744 dieitur
601 1696 682 1752 Rom„
695 1695 746 1744 xiv
763 1710 770 1745 z
785 1713 799 1744 u
812 1697 847 1745 'in
861 1699 954 1762 quises,

172 1769 211 1831 qui
219 1768 308 1832 judione
319 1768 418 1820 aiiennm
429 1766 555 1818 servumiu

204 1841 361 1905 (Concessio.
369 1840 471 1891 -Sient
479 1852 562 1903 cogens
574 1839 671 1902 aiiquenr
683 1839 711 1889 ad
725 1839 825 1904 utiquam
837 1841 910 1903 tegern
922 1852 954 1887 noe

172 1912 263 1974 publiea
280 1911 411 1962 anctoritate
424 1910 533 1962 sancitum
544 1911 691 1972 servandam,
705 1909 791 1975 injuste
799 1911 866 1975 fauit,
876 1912 907 1961 ita
917 1910 954 1973 quis

172 1984 241 2033 alirrro
253 1984 356 2046 judicans
371 1997 417 2036 non
436 1985 523 2034 hahens
538 1984 710 2045 arepennem,
724 1983 763 2034 vel
783 1985 911 2048 usurpando
925 1980 954 2031 siti

170 2053 286 2116 judicandi
299 2058 443 2118 potestatem,
459 2054 556 2118 graviter
568 2057 657 2118 peoeute
670 2055 679 2117 )

204 2127 338 2190 Responderi
352 2127 486 2190 dicendum,
501 2126 561 2190 quod
576 2140 629 2176 oum
639 2125 750 2189 judicium
764 2126 795 2176 sit
808 2126 954 2177 ferendnmse

172 2196 271 2247 cundum
281 2198 343 2264 leges
354 2198 458 2262 scriptas,
466 2202 492 2247 nt
502 2197 587 2248 dietum
598 2201 633 2248 est
642 2198 700 2260 (art.
712 2201 726 2245 5
736 2197 756 2260 t,
765 2197 804 2247 iiie
815 2198 853 2262 qui
859 2197 953 2261 judiciuin

172 2267 224 2332 fert,
233 2268 289 2330 legis
300 2269 383 2320 dietum
393 2270 558 2334 quodammodo
568 2269 742 2333 interpretatur,
750 2270 887 2333 applicando
895 2269 953 2332 ipson

174 2341 202 2390 od
215 2341 347 2404 particulare
365 2340 491 2404 negotium.
506 2342 563 2391 Cum
579 2343 655 2397 autern
668 2340 770 2404 ejusdem
787 2339 952 2390 austeritates:

171 2413 246 2474 legem
265 2412 423 2477 interpretari,
442 2415 465 2463 et
480 2413 554 2475 legem
573 2412 685 2475 condere,
699 2411 758 2460 sieut
780 2411 817 2461 lex
840 2411 904 2461 conrii
923 2419 952 2455 ne:

173 2487 248 2548 potest
258 2483 399 2550 uisipuirtiou
413 2483 554 2548 autoritate,
562 2483 595 2533 ita
602 2483 763 2547 mejudicium
772 2483 825 2534 terri
840 2487 914 2548 potest
922 2496 952 2528 nu

173 2557 263 2621 publiea
272 2557 413 2620 auctoritate,
426 2569 475 2620 qnae
484 2555 575 2618 quidem
584 2569 609 2606 ee
618 2554 720 2606 extendit
729 2556 757 2604 ad
770 2568 811 2605 eos
819 2555 860 2618 qni
868 2565 952 2605 eompre-

174 2628 240 2677 nitati
258 2630 391 2679 subduntur.
411 2629 439 2677 Et
459 2627 526 2690 ideo,
542 2627 602 2678 sicut
625 2625 736 2690 injustum
758 2631 820 2678 esset
839 2633 865 2678 ut
890 2626 952 2686 alique

174 2699 338 2761 constringeret
352 2699 419 2748 aliurn
434 2698 462 2748 ad
476 2698 551 2761 legem
562 2699 713 2762 seruandam,
727 2712 779 2762 quoe
794 2711 842 2749 non
854 2702 911 2749 esset
921 2708 953 2756 pr·

174 2767 233 2818 blioa
246 2770 378 2820 auetoritate
390 2771 476 2820 sauoita
484 2806 492 2833 ,
501 2771 570 2821 etiarn
583 2771 694 2834 iniustum
706 2773 742 2820 est
754 2770 775 2820 ei
786 2770 837 2833 quis
851 2766 952 2831 ronptltst

174 2836 272 2902 aliquem
289 2839 346 2889 terre
356 2839 486 2904 judicium,
497 2841 558 2906 quod
574 2839 666 2906 publica
682 2841 816 2894 auctoritate
825 2853 876 2893 vneu
888 2840 951 2890 rerer.
