1992 3317
146 93 192 142 836
282 100 393 143 sedeunt
406 99 530 152 sueonum,
544 99 638 147 onnssn.
654 101 705 152 ur,
721 100 778 139 m.
792 103 811 140 r.

143 193 211 232 sonas
230 183 257 232 ad
272 179 380 232 invicem.
396 178 458 230 blins
474 179 528 228 ordo
544 178 669 228 attenditur
687 177 761 228 tobim
775 178 806 228 nd
818 180 907 242 nautes3
923 180 947 225 et

143 253 196 304 bnio
214 252 288 304 ordini
302 250 439 301 assimilatur
452 251 506 300 ordo
519 248 570 312 ejus
579 251 639 310 qnod
654 254 691 299 est
707 262 832 300 commune
849 250 878 299 ad
893 249 941 298 sin-

143 325 207 388 gutas
221 335 342 387 personas;
357 334 424 385 quem
438 320 529 384 quidem
547 319 651 370 ordinem
663 320 850 384 dirigit.J'nstitia
865 320 945 372 distri-

142 396 233 458 butiva,
252 408 302 459 quae
319 397 355 444 est
371 392 517 444 distributiva
533 391 690 452 oommnninrn
708 392 836 443 secundini
849 406 945 456 propor-

142 465 300 517 tionalitatem.
316 465 406 515 ntideo
424 465 474 516 dnae
484 463 642 527 suutjustitie
660 461 767 528 speeies,
782 464 871 514 scilieet
884 477 944 514 rom·

145 537 255 588 mutatiua
269 540 292 588 et
305 535 458 589 distributiva.

176 609 210 658 td
221 607 318 672 primum
333 621 386 672 orgo
400 607 528 672 dicendum,
543 607 602 671 qnbd
617 608 676 659 sicut
689 607 715 657 in
728 606 894 669 largitionibus
905 608 945 672 pri·

146 682 246 730 vaurum
258 692 406 744 personarum
422 679 590 733 commendatur
599 679 735 741 moderatio,
745 677 829 729 enisio
837 678 895 730 verb
904 680 945 728 oui-

145 753 222 816 patur,
246 750 278 800 ita
293 751 362 802 etiam
379 753 404 802 in
421 749 580 802 distributione
602 750 761 800 communium
779 750 895 800 bonorum
915 757 946 798 est

145 821 268 873 moderatio
281 821 407 880 servanda,
422 822 445 872 in
459 835 504 886 quo
515 821 592 885 dirigit
600 821 694 886 justitia
703 820 863 872 distributiva.

177 893 211 944 id
220 895 345 944 seeundum
360 894 494 954 dioendum,
505 892 563 956 qndd
579 893 639 944 sieut
651 895 737 956 namet
751 893 829 942 totum
843 894 946 957 quodam·

147 966 213 1017 modo
222 969 274 1016 sunt
285 965 344 1017 idem
351 1003 358 1028 ‚
366 965 398 1016 ita
409 965 432 1015 id
442 964 503 1028 quod
513 968 550 1014 est
557 964 636 1027 tubus,
643 964 813 1026 quodammodo
826 969 862 1016 est
870 966 943 1028 unis.

147 1037 176 1087 Et
189 1037 229 1101 ita,
241 1051 293 1086 cum
307 1050 335 1086 ex
350 1035 416 1086 bonis
425 1036 581 1086 communibus
589 1035 675 1100 aliquid
688 1035 713 1084 in
722 1034 944 1098 singniosdistribui·

147 1112 192 1174 tur,
203 1109 297 1174 quilibet
311 1106 385 1172 aliquo
403 1109 469 1158 modo
484 1108 565 1172 recipit
579 1107 638 1171 qnod
658 1121 727 1158 suum
743 1111 789 1158 est.
934 1110 937 1119 ¹

179 1183 214 1232 td
232 1181 323 1232 tertium
345 1179 478 1240 dicendum,
497 1179 558 1243 quod
576 1183 641 1233 amus
657 1178 842 1244 distributionis,
858 1181 897 1244 qni
918 1184 945 1228 est

148 1251 303 1303 communium
321 1251 445 1313 bonorum,
461 1251 560 1316 pertinet
577 1250 651 1301 solbm
663 1252 694 1300 ad
706 1251 876 1315 presidentem
894 1265 945 1301 eom

147 1321 252 1374 munibus
267 1321 348 1387 bonis;
362 1323 402 1373 sed
416 1325 494 1372 tannen
511 1322 602 1383 justitia
620 1320 766 1373 distributiva
787 1327 827 1373 est
849 1322 944 1374 etiamid

147 1392 257 1454 subditis,
273 1393 356 1457 quibus
368 1392 523 1453 distribuitur,
543 1393 569 1442 in
585 1394 806 1457 quantumsoiiieet
824 1398 882 1445 sunt
899 1407 943 1442 ron-

148 1463 205 1515 tenti
213 1463 276 1528 justi
288 1461 577 1528 distributione3'quamnis
591 1464 660 1515 etiam
670 1465 804 1516 distributio
817 1466 944 1530 quaudoque

149 1539 189 1588 fiat
201 1537 311 1590 bonorum
327 1537 494 1602 communium,
514 1550 561 1588 non
580 1537 671 1601 quidem
683 1537 790 1601 civitati,
804 1539 851 1588 sed
864 1537 904 1588 uni
916 1538 945 1583 ia-

150 1609 231 1672 miliae,
243 1606 338 1675 quorum
354 1607 480 1660 distributio
493 1607 544 1659 fieri
555 1612 633 1672 potest
645 1609 783 1660 auctoritate
796 1610 897 1674 alieuius
907 1605 945 1670 pri-

149 1683 209 1731 uatae
226 1693 337 1746 persone.
550 1730 553 1738 ,

179 1753 213 1804 id
229 1757 333 1816 quartum
349 1751 482 1815 dicendum,
500 1751 561 1816 quid
578 1756 654 1804 motus
665 1753 751 1816 ancipit
764 1752 871 1817 speciem
883 1751 898 1802 i
910 1753 946 1799 ter-

149 1823 210 1874 mino
225 1824 260 1874 ud
269 1839 356 1888 quem,·
372 1823 459 1874 etideo
471 1825 500 1874 ad
511 1823 622 1888 justitiam
631 1824 727 1887 legalem
736 1825 842 1888 pertinet
851 1823 945 1874 ordinare

150 1907 177 1945 ea
187 1909 236 1959 quae
247 1899 300 1946 sunt
311 1895 448 1960 privatarum
459 1908 607 1959 personarum
621 1896 645 1945 in
660 1896 745 1946 bonum
761 1909 895 1946 commune.
910 1892 945 1942 Sed

150 1967 263 2030 ordinare,
276 1967 423 2030 boorrtrario,
435 1967 521 2018 bonum
541 1980 660 2018 commune
674 1968 703 2018 ad
718 1980 835 2030 personas
850 1966 943 2032 nmmu-

150 2037 209 2087 lares
221 2051 260 2100 per
270 2039 460 2100 distributionem,
477 2043 512 2092 est
520 2039 617 2102 justitie
628 2039 781 2102 particularis.

181 2107 335 2171 atquinium
353 2109 486 2174 denudum,
504 2110 566 2174 quid
578 2110 668 2174 justitia
683 2109 831 2160 distributiva
848 2111 872 2159 et
889 2120 944 2157 oom-

152 2177 262 2228 mutatiua
276 2193 321 2231 non
332 2179 405 2231 solium
414 2181 583 2246 distinguuntur
591 2181 717 2233 moundbm
729 2194 811 2233 onum
823 2184 848 2231 et
858 2178 943 2232 mutto,

150 2249 191 2298 sed
205 2250 330 2301 serundbm
345 2253 457 2306 divensem
474 2253 545 2304 debiti
556 2253 682 2317 rabonem
697 2250 743 2306 atio
756 2249 822 2302 enim
832 2252 899 2301 modo
911 2250 944 2296 de-

149 2319 300 2401 beturlalioui
312 2323 335 2374 id
353 2325 413 2389 qnod
429 2327 464 2376 est
484 2338 617 2390 mmmuno,
633 2324 713 2376 etalio
727 2324 797 2376 modo
809 2322 945 2387 idnuodest

152 2404 278 2457 proprium.
