1992 3317
131 173 179 223 sto
266 159 374 219 moron
389 173 517 229 moron,
534 172 627 223 ounrr.
641 156 675 227 ι,“
688 172 744 215 ιιι.
759 176 793 215 n.

131 261 191 314 sicud
203 260 315 312 meeum
325 256 373 322 lpsi
389 259 413 306 ot
426 259 502 320 qenes
516 268 595 307 corum
613 268 655 320 per
671 256 740 319 louge
755 254 857 306 colentes
874 260 938 309 tem-

132 347 205 400 pora,
220 331 354 388 mnumunt,
372 328 467 381 liberem
486 326 587 379 inensem
605 325 741 377 obsemandi
758 326 940 394 celebrandique

132 404 257 457 loentum.
270 418 286 449 n

166 475 328 541 (Coronosro.
344 472 508 525 -lulldelium
526 472 599 535 ritus,
614 472 653 536 qui
667 471 753 535 aliquid
771 464 877 524 utilitatis
901 478 942 527 vel

132 546 236 599 veritatis
248 546 306 610 ipsis
324 547 419 598 ederem
430 546 547 609 fidelibus,
566 543 676 595 tolerandi
694 546 761 607 sunt3
776 542 859 609 reliqui
881 547 941 599 nord

133 620 209 681 ritus,
223 619 286 670 nullo
299 618 367 671 modo
379 617 491 669 tolerandi
507 621 568 668 eunt.
582 615 591 681 )

162 691 299 756 Respondco
313 690 449 754 dicendum,
462 688 524 754 qudd
542 690 667 739 humanum
677 686 779 752 regimen
791 688 912 741 derivatur
930 692 944 743 d

132 763 209 816 diuino
220 762 344 827 regimine,
355 767 379 813 ct
391 763 469 827 ipsum
480 761 549 811 debet
558 760 652 811 imitari.
662 760 722 811 Deus
734 762 820 821 eutem,
830 763 944 824 quemvis

131 838 162 889 sit
173 837 316 902 omnipotens
327 840 351 887 et
361 834 450 887 sumunt
459 836 550 899 bonus,
568 832 680 899 permittit
697 836 775 883 nmen
786 833 862 897 eliqua
877 836 945 886 mela

132 908 183 960 lieri
190 908 215 959 in
226 909 343 972 universo,
358 922 408 972 quae
415 907 537 972 prohibere
548 908 637 971 nosset,
646 918 676 955 ne
686 905 719 954 eis
729 903 837 965 sublatis,
850 907 944 971 majora

133 980 193 1031 bona
206 980 348 1043 tollerentur,
364 979 402 1029 ccl
413 978 481 1030 etium
496 979 577 1043 pejora
589 976 650 1027 male
665 980 821 1039 sequerentur.
832 976 870 1027 Sic
885 991 945 1041 ergo

132 1052 192 1104 etin
207 1052 317 1115 regimine
329 1053 437 1114 hnmano,
447 1050 482 1099 illi
491 1049 532 1113 qni
541 1049 657 1113 presunt,
668 1046 729 1097 rectt
739 1046 814 1109 aliqua
828 1046 893 1097 male
905 1053 945 1099 to-

133 1125 215 1188 lerent,
229 1137 259 1174 nc
273 1124 349 1187 alique
360 1123 421 1173 bone
433 1120 596 1186 impediantur,
610 1121 648 1170 vcl
662 1118 731 1170 ctiam
744 1130 775 1169 ne
787 1118 863 1181 alique
882 1122 946 1171 muln

134 1198 214 1262 pejora
231 1196 382 1247 incurrantur
394 1192 458 1242 Sicut
475 1193 614 1255 Augustinus
629 1190 705 1241 dicit'
699 1203 723 1238 nr
737 1189 777 1239 lib.
793 1190 831 1239 Dc
848 1192 947 1241 ordine

137 1267 195 1332 (lio.
215 1268 237 1318 ll
239 1280 306 1329 ,.cuq
322 1264 374 1328 tl:
392 1265 481 1315 «luter
490 1262 622 1314 meretrices
633 1262 661 1312 dc
677 1260 744 1311 rebus
754 1261 879 1325 lrnmenrs
896 1266 946 1314 tur-

135 1338 225 1387 baveris
246 1336 323 1387 omnia
339 1335 478 1387 libidinibus.
499 1351 513 1383 n
533 1335 571 1385 sic
591 1346 660 1397 crgo,
675 1330 779 1395 quemvis
796 1332 928 1385 infideles
922 1350 947 1385 ιιι

137 1408 187 1458 suis
201 1406 285 1458 litibus
294 1410 399 1472 peccent,
410 1406 503 1459 tolerari
516 1409 625 1472 possunt,
634 1405 671 1455 rel
686 1409 779 1469 propter
792 1404 888 1469 aliquod
905 1408 948 1458 ho-

136 1491 192 1529 unm
210 1479 271 1543 qnod
282 1492 310 1531 cx
328 1478 363 1531 eis
379 1479 496 1544 provenit,
512 1478 548 1529 rel
566 1481 658 1543 propter
678 1476 768 1540 aliquod
780 1476 865 1526 melum
882 1482 949 1543 qnod

136 1548 231 1601 vitetur.
249 1550 284 1600 Er
296 1552 340 1601 lroc
357 1553 433 1601 eutem
452 1548 514 1614 quod
530 1548 603 1599 tudsi
616 1548 673 1599 ritus
692 1558 745 1598 suos
761 1547 899 1613 observent,
921 1550 949 1601 in

138 1621 220 1686 quibus
235 1622 291 1674 olim
303 1622 490 1688 prefigurebetur
503 1620 588 1671 sorites
610 1620 664 1670 lldei
678 1630 746 1683 quern
759 1622 866 1671 tenemus
874 1658 884 1684 ‚
899 1622 949 1673 hoc

137 1693 223 1746 bonum
238 1695 356 1762 provenit,
371 1693 431 1758 qudd
449 1692 605 1743 testimouium
619 1692 673 1743 ildei
685 1694 770 1742 nostrae
780 1690 897 1744 hebemus
919 1696 947 1745 sb

136 1766 258 1832 hostibus,
273 1770 297 1818 et
308 1766 374 1831 quasi
386 1766 411 1816 in
429 1766 502 1829 ligura
514 1765 580 1816 nobis
593 1767 768 1829 representatur
782 1765 847 1827 quod
867 1766 948 1818 credi-

137 1850 190 1889 mus
208 1855 213 1888 :
229 1842 253 1890 et
264 1838 316 1888 idco
328 1837 354 1887 in
369 1838 418 1887 suis
427 1836 508 1887 ritibus
521 1838 655 1887 tolerantur.
669 1835 769 1886 iliorum
781 1846 839 1886 vcro
856 1838 949 1889 inlide-

137 1909 193 1959 llum
206 1909 278 1971 ritus,
291 1908 331 1973 qui
341 1908 399 1959 nihil
412 1909 517 1960 scutatis
528 1912 567 1959 eut
583 1908 689 1958 utilitatis
703 1906 815 1970 aderunt,
830 1920 880 1961 non
892 1916 949 1961 suut

137 1980 267 2043 aliqualiter
281 1980 407 2045 tolerandi,
424 1981 472 2032 uisi
488 1980 546 2031 rone
560 1979 589 2031 ed
605 1979 695 2045 aliquod
709 1979 793 2028 melum
807 1979 947 2047 vitandum,

138 2052 228 2105 scilicet
245 2053 274 2103 ad
289 2051 407 2106 mendum
427 2054 575 2119 scandalum,
589 2054 627 2105 uel
639 2052 769 2115 dissidium,
779 2054 842 2116 quod
856 2068 889 2105 en
904 2058 950 2108 hoc

137 2128 218 2189 posset
228 2126 366 2190 provenire,
380 2128 419 2176 rel
434 2125 622 2191 impedimentum
641 2125 720 2175 salutis
731 2136 808 2175 eorum
813 2128 875 2190 ‚qui
891 2142 950 2193 peu-

138 2195 202 2246 letim
220 2196 254 2246 sic
272 2196 361 2248 tolerati
379 2201 541 2249 convertuntur
562 2200 590 2249 ed
608 2198 684 2249 tidem
700 2198 797 2261 Propter
817 2199 865 2249 hoc
884 2202 950 2252 enim
994 2206 995 2215 ²

139 2267 297 2319 hereticorum
312 2273 335 2320 et
344 2282 484 2334 peganonrm
503 2270 559 2321 ritus
573 2270 693 2335 aliqnando
706 2268 808 2321 Ecclesia
823 2270 948 2336 tolerarit,

140 2340 230 2404 quaudo
243 2343 292 2390 oret
305 2354 387 2404 magun
399 2340 524 2393 infidelium
538 2342 668 2393 multitudo.
994 2356 995 2439 q

136 2412 201 2464 'Et
209 2427 251 2479 per
262 2415 305 2465 hoc
315 2418 378 2479 patet
391 2416 509 2482 responsio
525 2416 553 2468 ed
566 2416 664 2481 objecta.

141 2527 282 2574 niterentur
301 2539 393 2575 orooro.
409 2530 479 2575 Vetat
493 2530 563 2587 igitur
580 2541 621 2577 cos
641 2529 765 2589 inquietari
782 2536 898 2589 wantum
920 2536 949 2580 ad

141 2590 196 2651 hoc,
208 2590 253 2637 ιιιΙ
247 2602 271 2637 ru
280 2588 326 2638 line
336 2590 460 2639 concludit.
