1992 3317
302 168 333 209 uu
349 168 488 209 cuernms
507 169 630 210 mucro
821 162 865 214 tot

45 262 116 313 qnam
132 248 229 299 habeat
247 260 315 297 usunu
333 246 438 311 rationis3
454 250 536 313 postea
556 252 630 299 auum
647 248 794 315 distinguitur
808 251 866 303 alius

45 327 119 371 sutus
130 318 245 371 bominis
253 356 261 375 ‚
268 319 360 381 wando
369 318 417 383 jaus
429 318 510 384 incipit
519 319 591 384 loqui,
600 324 625 370 et
632 322 721 373 mione
728 322 771 373 nti.
781 324 866 374 lterum

45 392 131 443 tertius
152 393 235 441 status
248 390 301 453 ejus
316 393 350 440 est
368 390 508 455 pubertatis,
522 391 574 441 οιὶιιι
586 391 635 455 jum
647 392 729 457 incipit
740 406 808 458 posse
819 408 867 459 ge·

46 476 145 526 nerare3
162 466 188 513 et
203 461 240 513 sic
250 461 333 511 deinde
345 475 462 526 quousque
473 463 621 527 peneniatur
636 466 666 514 ad
677 465 815 529 periectunr.
830 468 865 518 lta

48 538 119 587 etiam
129 535 227 589 diremi
237 536 322 599 modos
330 535 448 586 *eharitatis
461 535 630 600 dbfingnuntur
639 540 762 589 anundum
775 539 865 591 disemo

50 610 143 671 stulu,
162 609 192 659 ad
210 620 264 671 quae
283 608 353 657 bomo
369 607 501 671 perducitur
517 622 558 672 per
576 609 692 659 unibus
705 615 863 675 augmentum.

51 684 108 731 Nam
131 678 214 745 primb
238 678 332 742 quidem
349 679 458 729 incumbit
475 679 564 729 bomini
582 679 682 729 nmium
694 682 819 746 principale
836 684 865 735 ad

50 752 211 803 recedendum
226 750 240 800 i
253 752 360 813 peccato,
378 754 400 800 et
422 750 577 801 resistendum
591 750 782 816 concupiscentiis
800 755 864 818 ejus,

52 837 104 888 quae
120 824 150 873 iu
164 821 306 873 contrarium
319 822 436 873 charitatis
448 825 557 885 moreut3
570 824 594 872 et
606 823 651 872 boc
663 823 762 887 pertinet
781 827 808 876 ad
829 828 866 877 io-

52 896 197 958 cupientes,
210 892 236 943 in
253 892 337 957 quibus
350 894 448 944 charitas
466 898 501 945 est
520 894 642 944 nutrienda
657 894 695 944 vei
706 895 818 958 fouenda,
834 911 864 948 nc

54 965 366 1028 commiserescendum
376 966 451 1017 autern
461 964 561 1015 studium
571 963 681 1027 succedit,
691 967 793 1017 utbono
803 968 865 1031 prin·

53 1036 169 1101 cipulitcr
181 1036 287 1087 intendat
301 1036 329 1086 ad
350 1038 393 1089 hoc
407 1038 468 1101 quod
480 1036 505 1087 in
518 1037 578 1099 bono
596 1036 747 1101 proiciat;et
762 1039 807 1089 hoe
818 1042 866 1089 stu-

56 1108 121 1158 dium
131 1108 235 1173 pertinet
245 1108 274 1157 od
284 1109 460 1172 proficientes,
474 1108 514 1172 qui
524 1109 553 1158 ud
567 1110 610 1159 hoc
626 1106 780 1173 principaliter
790 1109 865 1159 inten-

56 1182 112 1231 dunt
131 1183 160 1230 nt
174 1180 200 1229 iu
219 1178 253 1229 cis
271 1179 370 1229 charitas
388 1192 429 1245 per
448 1184 595 1243 angmentum
616 1180 741 1231 roboretur.
763 1178 863 1231 Tertium

58 1256 133 1303 autem
148 1252 251 1303 studium
263 1253 308 1312 est,
326 1254 352 1301 nt
362 1252 431 1301 borno
445 1252 527 1302 adhoc
541 1252 695 1319 principaliter
711 1252 828 1316 intendo,
839 1255 866 1303 nt

58 1326 101 1377 beo
115 1324 247 1387 inbaereat,
268 1327 292 1373 et
307 1335 333 1374 eo
347 1323 447 1387 iruotnr3
463 1326 486 1373 et
501 1324 545 1374 boc
560 1325 660 1388 pertinet
676 1326 705 1375 ad
722 1326 865 1389 perfectos,

59 1398 93 1461 qui
104 1396 204 1463 cupiunt
216 1393 319 1458 dissolui,
331 1397 355 1445 et
364 1408 414 1446 esse
424 1408 478 1445 cunr
491 1394 582 1445 Christo
594 1413 599 1445 :
610 1397 670 1446 sicut
681 1396 750 1447 etiam
760 1398 864 1448 memus

59 1469 80 1517 in
93 1472 159 1519 motu
174 1464 304 1530 corporali,
318 1468 377 1531 quod
389 1466 487 1531 pureum
503 1470 539 1517 est
554 1480 659 1518 recessus
676 1467 690 1516 i
703 1468 812 1531 termino,
828 1482 865 1519 se-

60 1542 160 1590 cundum
180 1542 260 1589 autern
277 1541 312 1587 est
330 1537 517 1603 appropinquatio
536 1539 564 1588 ab
586 1538 654 1589 alum
669 1538 803 1602 termium
818 1541 864 1589 ter·

61 1610 115 1661 tium
131 1612 169 1663 est
182 1609 250 1674 quies
265 1609 291 1658 in
304 1608 409 1660 termino.
606 1646 612 1659 ,
793 1614 796 1619 ’

89 1683 121 1732 bd
130 1681 236 1747 primum
248 1694 302 1743 ergo
315 1680 448 1741 dicendum,
459 1678 518 1743 quibo
527 1678 602 1730 omnis
611 1679 650 1729 illa
662 1676 811 1728 determinata
821 1677 866 1729 dis

61 1754 137 1805 tinctio
153 1767 205 1817 qnae
220 1754 301 1816 potest
318 1752 391 1815 accipi
401 1752 425 1802 in
440 1754 561 1815 augmento
575 1750 703 1809 eharitatis,
717 1749 865 1811 comprehen-

61 1824 170 1875 ditnrsnb
179 1822 233 1873 istis
243 1822 325 1885 tribus,
337 1836 387 1886 quse
396 1824 455 1873 dicta
465 1825 519 1872 sunt
530 1837 537 1871 s
549 1821 608 1871 sicut
617 1821 686 1872 etiarn
698 1819 774 1871 omnis
783 1819 865 1871 divisio
904 1816 908 1823 '

62 1897 221 1947 continuorum
245 1893 442 1957 comprehenditur
469 1892 512 1943 snb
536 1892 608 1943 tribus
629 1891 679 1955 his,
703 1908 717 1939 (ι
737 1890 864 1956 principio,

64 1969 151 2029 inedie,
165 1970 189 2017 et
200 1966 264 2026 tine,
279 1982 293 2014 n
307 1968 332 2014 nt
344 1964 497 2028 Philosophus
511 1963 566 2015 dicit
577 1963 602 2013 in
614 1964 634 2013 1.
645 1964 678 2013 dc
693 1962 756 2013 coelo
771 1962 781 2028 (
797 1962 816 2026 ).

90 2041 123 2091 Ad
134 2038 261 2090 secundum
274 2036 403 2097 dicendum,
415 2033 476 2099 qubd
487 2034 532 2085 illis
542 2036 568 2084 in
577 2035 659 2098 quibus
669 2034 767 2085 charius
774 2033 863 2098 incipit,

62 2112 165 2177 quamuis
177 2110 315 2175 proficiant,
327 2108 483 2174 principaliter
494 2111 571 2159 tumen
580 2120 637 2157 eura
645 2107 751 2158 imminet
762 2110 787 2156 ut
798 2106 865 2159 resis-

63 2188 111 2235 tant
119 2182 239 2249 peccatis,
250 2194 346 2246 quornm
360 2179 529 2245 inpugnatione
542 2178 704 2243 inquietantur.
716 2178 761 2229 Sed
775 2181 863 2243 postea,

64 2258 120 2306 banc
141 2252 341 2319 impugnationem
362 2251 437 2302 minis
455 2251 595 2313 sentientes,
610 2251 658 2314 jam
677 2248 743 2313 quasi
762 2250 865 2301 securim

64 2328 186 2379 intendunt
197 2326 225 2375 ad
237 2324 381 2389 proiectum
394 2336 423 2373 er
433 2336 479 2373 una
493 2327 571 2373 tumen
589 2326 653 2386 parte
666 2320 778 2372 facientes
797 2335 864 2387 opus,

65 2403 85 2450 et
102 2396 191 2451 exalia
206 2400 271 2461 parte
290 2396 400 2446 hebentes
419 2408 511 2445 monum
527 2394 557 2445 ad
570 2392 682 2458 gladium,
698 2396 726 2442 nt
747 2392 827 2445 dieitur
840 2392 865 2444 iu

64 2472 133 2522 Esdra
147 2470 175 2521 dc
189 2466 364 2519 edificatoribns
373 2467 500 2517 lerusulen
511 2464 556 2530 (t).

99 2570 131 2632 (l)
147 2571 192 2617 Vel
201 2570 254 2616 ideo
263 2567 366 2627 predicti
379 2568 463 2625 medua
476 2567 702 2624 comprehenduntur
717 2566 800 2624 tribus,
810 2566 865 2622 quie

70 2636 145 2683 omnia
160 2645 253 2690 qnoque
271 2632 345 2677 tribus
365 2630 458 2676 delinita
475 2636 541 2684 suut;
557 2629 614 2687 puta
626 2630 756 2688 principio,
775 2630 865 2689 medio,

70 2697 122 2757 fine,
134 2701 160 2741 ut
173 2709 203 2741 ex
215 2695 372 2755 Pythagoreis
385 2694 418 2739 ibi
432 2698 500 2739 notat
508 2695 539 2739 ab
550 2688 618 2739 initio
631 2693 692 2738 libri.

99 2766 130 2829 (i)
146 2768 233 2825 Nempe
247 2766 291 2811 lib.
309 2766 341 2810 il.
353 2764 452 2815 Eadroe,
466 2765 506 2821 qui
520 2769 544 2809 et
560 2764 620 2810 liber
632 2764 753 2813 Nebemc'oe
767 2764 863 2820 elicitur,

70 2842 119 2889 erp.
132 2830 161 2889 t,
172 2840 236 2875 sens.
253 2827 297 2887 tl,
313 2828 431 2875 aneorum
442 2827 558 2875 invasioni
570 2826 698 2873 ettuaultui
710 2827 864 2874 resistendam

71 2894 107 2955 qni
119 2892 295 2944 edificationem
306 2891 369 2938 ittam
382 2890 494 2956 impedire
505 2890 635 2939 tentabant.
661 2924 664 2928 .
