1992 3317
131 117 177 164 'itt
261 123 756 173 smnnnrnxccrrnn,ou1er.cr,nxr.
774 126 799 162 v.

129 202 232 254 vendidit
247 215 341 265 agrurn,
356 203 381 250 ot
401 199 515 250 fraudavit
531 199 561 248 de
577 199 651 264 pretio
669 199 729 261 agri.
747 218 762 249 ι
777 201 822 252 Sed
847 200 933 253 illicite

129 272 289 338 usurparcvel
305 269 728 334 retinercreecxterioree,pertinet
745 273 776 322 od
794 271 936 333 injustitiam

128 345 167 395 uel
184 343 368 394 illioeralitateua
384 342 444 405 Ergo
456 342 520 393 trane
532 355 579 392 uon
590 340 693 407 perfinet
707 343 738 392 ad
750 343 868 407 astutiam,
882 358 937 408 quar

130 415 252 480 opponitur
266 413 401 478 prudentie.

163 491 186 535 t.
200 487 325 544 Praeterea,
338 485 414 536 nullm
429 484 514 536 arum
527 483 600 536 utitur
611 487 693 534 eontra
702 485 816 549 reipsum.
829 486 878 538 Sed
889 487 937 537 rii-

130 570 224 620 qnorum
243 555 334 605 fraudes
353 559 406 605 runt
423 559 501 606 contra
514 557 617 620 reipson;
630 556 713 606 dicitur
732 556 797 607 enim
810 563 900 623 moe„
912 561 936 621 1,

130 626 316 690 dequibuedam,
326 625 384 689 queo
403 627 740 678 amoliunturirandreoeptra
749 627 935 679 ammireris.»

130 699 189 760 drgo
201 697 263 748 fraus
276 709 323 748 nou
334 698 435 761 pertinet
447 699 476 747 ad
489 697 604 748 astutiam.

161 769 206 820 Sed
221 771 313 833 eontra,
322 769 385 820 fraus
392 769 421 818 ad
435 769 593 833 deceptionem
604 768 731 831 ordinatur,
743 771 876 822 eorundum
884 771 938 822 illud

131 840 187 896 roo,
203 841 255 890 xlrt
270 856 276 889 :
291 857 305 889 a
318 840 434 904 Numquid
445 841 587 904 decipietur,
601 844 628 890 ut
645 841 730 904 home,
745 841 834 892 restris
847 843 939 892 maudu-

130 911 223 962 lentiis?
234 927 248 958 r
259 912 292 960 to
301 910 361 962 idem
369 909 438 960 etiam
451 910 567 962 ordinatur
576 910 669 961 astuta.
684 911 746 974 &go
755 911 822 964 trane
833 913 865 964 ad
871 917 938 977 ,um

131 983 187 1036 tiam
204 983 312 1048 pertinet.

162 1055 324 1120 (donauero.
332 1079 362 1092 -
373 1053 436 1104 Sicut
446 1054 512 1105 dolua
523 1053 614 1106 astutior
627 1053 733 1105 executio
746 1055 800 1117 eut,
813 1057 938 1106 recum

131 1127 192 1192 quod
210 1140 251 1192 per
267 1126 337 1176 uerba
350 1138 391 1178 sen
404 1126 464 1176 iacta
477 1126 522 1189 sit,
534 1127 568 1176 ita
585 1126 648 1176 irene
661 1125 690 1176 ad
704 1124 817 1178 astutiam
835 1133 937 1194 spectat,

130 1201 198 1262 prout
214 1197 303 1248 acrore
320 1210 378 1262 opus
391 1197 494 1262 expletur
504 1210 545 1261 per
557 1195 648 1260 facta.)

162 1267 296 1331 Respondeo
315 1267 451 1330 dicendum,
463 1267 525 1332 qnod
534 1269 594 1318 nient
609 1267 687 1317 dodru
696 1268 805 1319 constetit
816 1269 844 1320 iu
857 1283 937 1321 exrcu·

129 1339 191 1390 tione
202 1337 301 1400 astutiae,
310 1339 344 1388 ita
353 1339 422 1389 etiam
431 1341 455 1388 et
468 1339 551 1402 fraer.
561 1338 640 1389 sedin
650 1340 696 1389 hoe
711 1338 808 1391 differre
816 1341 933 1403 ammon,

129 1411 191 1476 quod
205 1409 280 1459 dolor
291 1409 392 1473 pertinet
402 1411 564 1460 uniuersaliter
571 1411 600 1460 ad
609 1409 770 1461 executionem
776 1413 884 1479 astutiae,
891 1413 936 1462 rire

129 1482 170 1532 flat
187 1494 229 1546 per
241 1481 311 1532 verba
318 1518 326 1544 ,
341 1482 391 1532 sive
412 1493 453 1545 per
470 1482 543 1545 iaeta3
557 1482 634 1545 truce
652 1484 729 1531 remur
748 1482 826 1544 magio
851 1481 937 1547 proprie

129 1551 229 1617 pertinet
243 1554 272 1603 ad
281 1552 439 1604 executionem
448 1553 545 1614 aeutie,
554 1552 682 1603 eorundum
694 1551 756 1615 quod
768 1550 853 1616 fitper
867 1554 936 1605 treta.

161 1625 195 1675 tn
213 1624 311 1689 primunr
331 1635 385 1686 ergo
406 1622 615 1686 dicendum,un
638 1621 761 1686 Apostolus
780 1635 832 1673 uon
851 1623 937 1675 inducit

131 1697 209 1748 fidelos
224 1693 383 1758 adhocquod
403 1692 582 1757 deciptautorin
599 1691 832 1756 eoguouoendo,eed
849 1695 881 1745 ad
896 1697 937 1744 noc

131 1767 192 1832 qnod
204 1767 310 1818 effectum
327 1763 467 1829 deceptionis
484 1763 596 1829 patienter
614 1763 729 1824 tolerent,
743 1762 771 1813 in
794 1765 937 1816 eustiuendis

131 1839 223 1903 injuriis
235 1837 387 1890 fraudulenter
399 1834 477 1886 illatis.

163 1912 197 1962 Ad
213 1911 337 1962 seeundum
350 1907 486 1970 dicendum,
503 1904 565 1970 quod
578 1905 683 1958 executio
695 1907 785 1958 uriom
796 1911 879 1971 potest
889 1909 936 1959 fieri

131 1993 172 2045 per
189 1980 280 2043 aliquod
294 1979 355 2029 aliud
366 1978 461 2040 uitium,
471 1977 531 2028 sieut
544 1980 569 2027 et
582 1976 688 2028 executio
705 1977 837 2041 prudentie
853 1979 882 2028 tit
897 1991 936 2042 per

131 2051 235 2100 virtuter.
251 2051 280 2099 Et
289 2051 334 2099 hoc
347 2050 413 2100 modo
427 2049 485 2098 nihil
498 2047 605 2112 prohibet
614 2047 809 2100 defraudationem
820 2052 936 2114 pertinere

132 2121 160 2171 ad
177 2119 312 2182 avaritiam,
327 2119 365 2170 vel
374 2118 558 2172 imperantium.

163 2192 197 2242 nd
211 2191 301 2241 tortium
317 2190 451 2254 dicendum,
460 2189 520 2254 quod
535 2189 570 2239 illi
581 2189 622 2255 qui
633 2188 725 2240 fraudes
735 2189 841 2251 faciunt,
855 2203 888 2242 ex
898 2205 935 2242 oo·

132 2274 182 2312 rum
192 2261 320 2313 intentione
333 2275 380 2313 non
388 2261 513 2312 moliuntur
521 2259 608 2324 aliquid
616 2263 695 2312 contra
706 2259 799 2324 seipooe
809 2262 847 2312 rei
857 2265 935 2313 eonor

132 2332 219 2382 animas
235 2345 303 2396 snas3
318 2332 358 2384 ned
373 2345 403 2382 ex
413 2332 476 2396 justo
496 2330 539 2382 liei
552 2330 639 2396 judicio
656 2330 775 2396 prouenit,
795 2333 823 2380 ut
835 2331 860 2382 id
876 2332 935 2396 quod

133 2406 211 2453 contra
229 2402 286 2454 alios
309 2403 443 2466 moliuntur,
457 2405 537 2453 eontra
557 2415 598 2454 eoe
621 2404 796 2465 retorqueatur,
810 2403 934 2455 emendum

132 2472 188 2526 iliud
208 2473 304 2526 Peodm.
322 2475 362 2527 v11
379 2489 386 2524 :
400 2489 414 2523 α
427 2472 508 2526 incidit
520 2471 650 2525 inteream
662 2485 732 2538 quam
743 2472 807 2525 iecit.
