1992 3317
267 175 632 231 pncmmcrronnrrnrrrnn.
805 167 850 215 tit

36 251 85 304 rei
106 251 213 316 prelato,
229 254 267 302 est
280 253 354 304 dicere
370 252 485 304 Ecclesiae.
506 254 623 318 benengo
635 253 725 306 man
746 254 851 306 inductio

38 323 118 374 debet
130 322 260 387 precedere
272 322 386 388 publicam
397 323 601 376 denuntiationem.

76 394 124 444 sed
138 395 218 443 contra
232 399 277 456 est,
291 393 351 456 qubd
364 394 473 446 Dominus
487 394 542 444 dicit
554 396 656 456 natet„
670 397 739 447 xvur
755 412 761 447 :
778 398 851 448 «td-

38 464 105 514 hihe
119 469 194 514 tecum
208 477 279 518 nuum
291 465 327 516 ret
338 467 407 527 dccc,
421 464 483 516 utin
498 467 658 529 ereticorum,
672 472 741 519 etun

82 536 249 601 (Concessio.
259 562 290 574 -
299 537 400 588 Testium
412 536 513 588 inductio
525 538 638 602 publicam
648 540 776 603 procudere
785 539 852 590 debet

39 608 70 658 in
88 607 229 659 correctione
244 608 469 670 denuntiationem.)

80 677 220 742 Respondeo
234 678 363 741 dicendum,
376 679 436 744 quod
449 681 477 732 de
490 693 536 731 nno
548 685 651 732 extremo
666 683 695 732 ad
707 683 769 734 abad
778 685 852 734 entre

43 764 117 803 mum
127 749 291 802 conuenienter
303 751 410 802 transitur
417 764 457 816 per
466 751 575 803 medium.
586 753 613 802 in
622 753 763 805 correctione
774 757 852 804 autem

44 824 152 872 traterm
166 821 276 872 Dominus
290 821 364 872 uoluit
377 821 437 886 qnbd
447 821 586 887 principium
593 826 655 874 esset
669 825 851 888 occuitumdum

44 895 121 944 frater
135 892 260 957 corriperet
272 893 365 944 tratrem
373 894 433 944 inter
446 907 470 944 se
481 897 505 943 et
513 895 588 958 ipsum
600 895 686 958 soinm;
697 896 767 946 tinem
775 900 851 947 numm

43 965 124 1017 voluit
143 979 196 1016 esse
214 963 341 1029 publicum,
357 969 384 1016 ut
397 965 485 1018 scilicet
504 965 613 1018 Ecctenn
631 967 810 1019 denuntiaretur.
822 969 853 1019 ut

44 1038 103 1088 ideo
116 1036 280 1088 mecanicum
290 1037 315 1089 in
325 1037 399 1090 medio
410 1037 502 1102 ponitur
511 1038 603 1090 testium
613 1038 731 1101 inductio;
741 1042 767 1088 ut
777 1039 851 1102 prmo

44 1109 134 1173 paucis
147 1107 261 1158 indicetur
270 1112 388 1172 peccatum
400 1109 491 1172 iratris,
503 1109 543 1173 qni
551 1109 641 1173 possint
653 1110 851 1173 pioecesanum

44 1181 146 1242 obesse,
161 1182 189 1229 ut
201 1179 281 1230 saltem
294 1179 328 1230 sic
345 1179 396 1230 sine
406 1179 559 1232 multitudinis
571 1179 665 1231 mannia
677 1181 819 1231 emendem.

81 1253 118 1302 dd
132 1250 229 1316 primum
242 1263 294 1314 ergo
307 1250 437 1315 dicendum,
446 1251 508 1316 qrrbd
513 1252 607 1316 quidm
615 1252 777 1304 intellexerunt
790 1253 852 1304 ordi.-

45 1337 105 1375 uem
123 1324 229 1374 fraternae
241 1322 385 1374 correctionis
397 1336 447 1374 esse
460 1324 606 1385 serrandum,
618 1327 644 1374 nt
653 1325 727 1389 primo
741 1325 810 1375 irater
822 1323 853 1375 sit

46 1397 72 1445 in
88 1397 178 1446 secreto
190 1393 357 1457 cordpieudus,
374 1398 398 1444 ei
411 1393 429 1445 ei
444 1394 541 1447 audierit
550 1395 609 1446 bend
625 1396 730 1460 quidem3
742 1395 762 1446 si
775 1399 850 1447 autem

47 1482 98 1520 non
111 1466 222 1528 audierit,
235 1466 255 1516 si
265 1469 383 1531 pecudium
394 1467 423 1516 sii
435 1467 527 1518 omnino
537 1468 664 1526 occuitum,
681 1468 788 1518 dicebant
804 1481 851 1520 non

47 1553 102 1591 esse
116 1537 212 1589 ulterius
226 1539 409 1602 procedendum
424 1539 443 1588 si
459 1542 534 1590 antem
551 1538 631 1602 incipit
642 1539 691 1602 jam
705 1539 733 1589 ad
744 1539 851 1590 notitiam

47 1611 152 1676 plurium
171 1610 278 1661 devenire
295 1609 407 1674 aliquibus
421 1608 524 1671 indiciis,
540 1610 608 1660 debet
628 1609 724 1659 ulterius
746 1611 852 1673 procedi,

48 1683 181 1734 seeundum
195 1681 255 1744 chd
273 1681 382 1734 boninus
393 1679 494 1731 mandat.
508 1680 553 1730 Sed
563 1681 608 1730 boc
620 1682 655 1730 est
668 1682 745 1730 contra
758 1679 781 1729 id
793 1681 854 1742 quod

47 1753 197 1817 Augustinus
209 1751 295 1805 dicitin
305 1752 409 1817 Regula,
419 1751 480 1814 quod
490 1767 505 1800 c
515 1755 632 1816 peccatum
645 1750 720 1800 iratris
733 1763 779 1800 nou
788 1751 855 1802 debet

49 1824 163 1876 occultari
179 1835 209 1874 ne
221 1827 336 1889 putrescat
352 1823 378 1874 in
396 1823 461 1873 corde
472 1822 517 1888 (t).
532 1823 563 1873 Et
582 1823 634 1873 ideo
654 1822 719 1872 aliter
732 1820 853 1872 dicendum

50 1902 104 1962 est,
119 1894 182 1961 qubd
194 1899 247 1960 post
259 1895 435 1954 admonitionem
448 1899 560 1946 secretam
576 1894 651 1946 semet
662 1895 701 1944 rei
711 1893 796 1956 plurios
807 1895 854 1944 iac-

49 1973 118 2034 tam,
133 1967 241 2032 quamdin
259 1981 312 2032 spes
327 1965 473 2031 probabiliter
489 1966 584 2016 habetur
597 1965 625 2016 de
645 1965 802 2026 correctione,
814 1979 855 2028 per

51 2043 168 2094 secretam
181 2038 356 2090 admonitionem
371 2039 536 2102 procedendum
549 2040 594 2088 ost.
607 2038 642 2087 Er
651 2050 697 2102 qno
715 2041 793 2092 anum
802 2050 856 2101 pro-

51 2111 161 2164 babiliter
180 2112 230 2176 jam
250 2123 385 2175 cognoscere
404 2123 524 2174 possamus
545 2107 606 2172 qubd
623 2111 709 2160 marcu
729 2108 854 2161 admonitio

53 2197 102 2236 non
113 2183 187 2248 ualet,
199 2183 364 2248 procedendum
374 2187 408 2232 est
421 2181 526 2244 ulterius,
537 2184 742 2244 quantumcumque
753 2180 784 2230 sit
799 2193 854 2244 pec·

53 2259 131 2306 catum
146 2254 274 2318 occultum,
288 2253 315 2304 ad
329 2253 422 2304 testium
433 2251 603 2315 inductionem,
618 2251 663 2302 nisi
676 2250 734 2302 torte
747 2251 854 2315 probabi-

53 2327 108 2382 brer
122 2326 271 2382 estimaretur
284 2324 345 2390 qnbd
355 2327 400 2376 boc
414 2325 442 2374 ad
453 2323 633 2376 emendatiorem
643 2321 720 2373 fratris
731 2335 778 2373 non
788 2322 855 2387 proii-

54 2401 133 2461 esset,
150 2397 192 2448 sed
207 2395 289 2448 exindo
306 2397 403 2449 deterior
422 2396 552 2446 redderetur
557 2411 565 2458 ;
577 2393 630 2458 qnia
644 2397 742 2458 propter
754 2395 798 2445 boo
819 2396 856 2444 est

54 2471 158 2532 totaliter
169 2468 332 2520 incorrectione
344 2468 488 2530 cessandum,
505 2470 532 2516 ut
543 2465 611 2531 cupri
623 2467 709 2518 dictum
722 2470 767 2516 est.

88 2541 124 2594 dd
138 2541 262 2594 secundum
284 2538 418 2602 dicendum,
431 2538 490 2604 quod
510 2540 579 2590 bomo
597 2551 644 2591 uon
656 2537 746 2602 indiget
759 2537 856 2589 testibus

91 2647 122 2712 (1)
140 2649 185 2696 Vol
202 2649 236 2695 sio
252 2648 356 2706 pleniris,
368 2649 408 2696 nbi
421 2646 505 2706 suprd:
521 2646 550 2693 St
567 2649 633 2693 etnim
645 2647 726 2707 semor
736 2650 793 2692 tuos
806 2645 856 2708 (rei

56 2710 140 2775 soror)
159 2711 251 2758 caicus
264 2711 332 2756 babet
345 2713 374 2756 e'n
390 2723 489 2770 corpore
504 2710 567 2768 guod
585 2711 643 2756 cette
658 2711 779 2755 occultare·
796 2710 856 2754 dnm

58 2779 125 2824 timet
138 2776 232 2824 escort,
243 2785 324 2819 monam
338 2774 473 2819 crudeliter
483 2773 498 2816 d
510 2776 531 2818 to
544 2773 674 2823 niteretur,
687 2775 709 2818 et
718 2773 856 2818 meserecor-

60 2839 126 2886 dtter
143 2837 319 2883 indicaretur?
333 2836 429 2893 Quanto
445 2848 503 2894 crgo
517 2836 602 2896 potitor
615 2835 682 2882 attico
700 2834 857 2894 manifestare

61 2914 92 2950 ste
103 2899 211 2948 nonno·
219 2902 342 2959 mercat
353 2899 384 2946 in
394 2897 484 2946 corde?
