1992 3317
137 166 183 214 tlt
244 175 353 214 snounni
368 175 495 222 susumus,
512 175 606 219 onmes.
622 174 711 222 arsur,
728 175 783 211 nur.
803 176 829 211 n.

137 255 227 316 potest,
237 265 281 302 nec
295 252 323 301 cb
332 251 407 314 aliquo
420 251 554 300 accusari.»
569 250 613 300 Sed
628 249 741 313 scriptume
755 250 785 300 cd
794 252 841 300 boc
851 251 939 302 uidetur

137 335 188 373 esse
207 323 285 387 utilis,
303 326 329 372 ut
346 321 475 373 absentdrns
491 322 577 384 aliquid
600 320 756 382 significetur,
773 326 801 370 nt
820 326 886 386 patet
903 336 940 386 per
971 354 973 363 .

137 393 297 456 Augustinnm,
311 393 331 443 ll
344 395 382 442 De
396 393 464 442 Trio.
480 395 548 454 (cap.
559 395 572 440 l
583 391 602 452 t.
618 392 678 454 Ergo
692 392 717 440 in
739 393 891 443 accusatione
900 407 941 442 noc
971 378 973 447 Ι

137 469 173 515 est
191 465 317 515 necessaria
331 464 457 528 scriptura,
477 462 606 528 presertim
622 461 673 511 elim
687 463 768 514 Canon
788 463 868 524 dicat,
886 464 938 526 qnid
971 454 973 525 ξ

141 555 155 584 o
164 551 205 601 per
221 536 305 600 scripta
318 535 403 585 nullius
417 535 530 584 accusatio
542 534 713 597 suscipiatur.»

171 613 193 657 ³.
212 609 335 669 Praeterea,
348 606 408 656 sicut
421 607 508 656 crimen
521 605 619 669 alicujus
632 605 795 656 manifestatur
805 620 849 670 per
855 618 939 656 accusa-

139 681 232 742 tionem,
242 680 273 729 itu
288 692 329 742 per
341 679 547 734 denuntiationem.
562 679 608 729 Sed
623 678 650 726 in
662 678 843 730 denuntiatione
856 692 903 730 non
913 685 939 727 est

140 751 252 814 scriptura
265 750 401 802 necessaria.
415 751 474 815 Ergo
487 752 577 802 uidetur
590 749 650 815 qndd
664 762 742 814 neque
756 751 831 800 etiam
845 752 871 801 in
882 764 939 799 aun-

139 823 235 875 satione.

170 895 215 945 Sed
226 896 304 944 contra
323 897 367 954 est,
379 893 438 956 quod
449 891 533 943 dicitnr
546 893 575 955 ll,
587 906 626 956 qu.
639 896 654 940 8
668 907 676 942 ε
693 893 885 944 cicensatorum
897 906 939 957 per

139 978 200 1017 sonte
214 965 263 1015 siue
277 963 362 1028 scripto
374 977 491 1027 nunquam
507 963 680 1026 recipiuntur.»
971 1018 973 1023 ¹

174 1039 332 1102 (Commune.
345 1065 376 1074 -
392 1037 443 1086 Non
461 1035 528 1088 modb
544 1035 674 1098 accusatio,
689 1037 731 1087 sed
749 1040 776 1087 et
794 1049 938 1101 quormque
971 1028 973 1081 l

140 1111 166 1162 ln
179 1109 279 1176 publicis
292 1113 389 1173 agimtur
400 1109 506 1173 judiciis,
522 1109 547 1159 in
561 1109 652 1172 scriptis
661 1108 711 1158 lieri
725 1109 839 1170 debent.)
971 1114 973 1173 l

172 1181 308 1244 Respondeo
322 1179 455 1240 dicendum,
473 1178 534 1242 qndd
545 1179 605 1229 sicut
618 1177 687 1242 soprt
696 1177 787 1228 dictum
798 1191 837 1230 est
846 1179 856 1244 (
865 1183 907 1229 art.
919 1182 939 1237 l,
971 1182 973 1227 Ι

142 1255 265 1315 eleuet,
281 1253 325 1299 art.
338 1251 379 1312 t),
393 1250 483 1312 quaudo
496 1249 520 1298 in
533 1249 665 1299 criminibus
683 1263 725 1313 per
744 1251 841 1300 modum
856 1263 941 1301 accum-
971 1230 973 1297 Ῑ

141 1322 211 1373 tionis
225 1321 310 1384 agitur,
324 1323 442 1370 accusator
451 1321 596 1372 constituitur
607 1333 674 1384 pars,
685 1321 717 1370 ita
727 1320 789 1384 qnod
802 1323 877 1385 judex
889 1322 941 1370 iuter

142 1395 297 1443 accusatorem
307 1395 332 1442 et
343 1404 396 1440 eum
405 1391 445 1455 qui
455 1397 582 1454 accusatur,
590 1391 680 1442 medius
688 1392 840 1443 constituitur
851 1393 881 1443 ad
893 1405 940 1444 exa*
971 1410 973 1447 5

142 1477 195 1515 men
204 1461 315 1528 justitirc3
328 1463 353 1512 in
362 1477 408 1527 quo
417 1467 514 1528 oportet,
523 1467 633 1527 quantum
642 1462 752 1527 possibile
760 1463 938 1526 est,secundirn
971 1452 973 1505 Ῑ

143 1535 299 1586 certitudinem
307 1537 437 1600 procedere.
449 1536 505 1594 Quia
515 1535 569 1586 verb
580 1549 608 1586 ea
615 1549 667 1599 qua
674 1535 744 1586 verbo
752 1540 823 1587 tenus
832 1538 939 1594 dienmus

143 1606 209 1678 focile
222 1607 350 1657 labunturd
361 1607 483 1670 memoria,
493 1619 540 1658 non
549 1612 628 1672 posset
639 1607 712 1670 judici
724 1620 776 1658 esse
790 1612 881 1658 certum
891 1607 938 1672 qnid

144 1681 167 1729 et
182 1679 279 1742 qualiter
295 1678 379 1728 dictum
400 1678 445 1739 sit,
461 1678 513 1727 edm
527 1679 596 1729 debet
607 1677 708 1742 pmlerre
726 1680 884 1740 sententiam,
899 1677 939 1728 nisi

143 1753 205 1800 esset
221 1749 247 1799 in
270 1749 360 1814 scriptis
374 1751 498 1800 redactum.
519 1751 548 1800 tlt
563 1749 616 1799 ideo
635 1749 802 1801 rationabiliter
816 1749 938 1800 institutum

145 1825 197 1883 est,
212 1826 238 1871 ut
255 1822 381 1881 accusatio,
397 1821 454 1870 sicut
470 1825 494 1871 et
509 1822 555 1871 elia
566 1835 618 1886 qun
630 1820 753 1884 injudicio
765 1826 874 1886 aguntur,
885 1821 939 1872 redi-

145 1895 211 1954 gatur
225 1892 359 1956 inscriptis.

177 1964 210 2013 ld
224 1963 322 2027 primum
334 1975 388 2026 ergo
399 1961 533 2024 dicendum,
550 1961 610 2025 quod
622 1961 705 2012 dificile
720 1968 757 2014 est
774 1962 939 2028 singularem
971 1962 973 1965 ’

148 2037 343 2099 (proptereorum
360 2033 527 2085 multitudinem
542 2038 565 2083 et
581 2033 731 2096 uarietatem)
750 2035 869 2099 retinere3
881 2037 939 2099 cujus

146 2106 237 2167 signnm
246 2109 296 2168 est,
310 2096 369 2168 qubd
384 2103 448 2155 multi
457 2105 535 2155 eedem
551 2105 623 2154 uerba
636 2105 802 2166 audientes,si
820 2106 940 2168 interroga-

146 2181 231 2241 rentur,
247 2191 292 2229 non
303 2177 414 2226 referrent
432 2189 459 2226 ea
475 2176 593 2240 similiter,
610 2181 664 2240 post
676 2177 791 2228 modicum
805 2183 903 2243 tempus.
916 2178 940 2226 lit
971 2236 973 2241 Ι

147 2246 199 2297 cirm
213 2247 300 2298 modica
312 2248 432 2298 verborum
446 2247 571 2298 differentia
584 2249 771 2311 sensnmuariet,
785 2249 849 2314 ideo,
859 2250 939 2301 etiami

146 2324 200 2383 post
208 2319 319 2370 modicam
328 2323 420 2383 tempus
430 2320 510 2369 debeat
519 2318 605 2382 judicis
618 2320 732 2370 sententia
745 2323 898 2386 promulgari,
907 2336 940 2371 ex-

147 2392 211 2455 pedit
222 2391 251 2440 ad
261 2389 418 2441 certitudinem
429 2390 519 2454 judicii,
529 2394 555 2441 ut
566 2391 680 2442 accusatio
689 2391 807 2455 redigatur
816 2393 939 2460 inscriptis.

179 2463 213 2512 bd
230 2459 354 2512 secumdum
367 2461 502 2524 dicendum,
517 2461 577 2526 qudd
591 2463 703 2526 scriptura
715 2475 762 2512 non
778 2464 855 2516 sollum
873 2480 941 2517 necm-

149 2534 208 2583 saria
222 2536 257 2582 est
270 2537 362 2597 propter
376 2533 501 2583 absentiam
511 2547 614 2597 persone
626 2546 677 2597 qne
690 2533 807 2595 significat
821 2538 860 2587 uel
869 2539 904 2587 cni
915 2542 943 2587 est

148 2605 232 2670 aliquid
250 2604 432 2668 significandum,
448 2606 567 2656 sedetiam
579 2604 817 2670 propterdilationem
828 2610 941 2675 temporis,

148 2683 173 2726 nt
187 2678 270 2726 dictum
284 2681 332 2739 est;
343 2680 367 2727 et
379 2675 430 2726 idco
438 2713 447 2740 ‚
456 2676 508 2726 cum
517 2677 572 2726 dicit
584 2677 661 2726 Quen
674 2692 680 2726 ι
691 2677 759 2726 «Per
767 2680 856 2744 scripta
865 2683 943 2731 nullim

148 2748 261 2798 accusatio
274 2747 424 2810 suscipiatur,
436 2765 451 2795 »
465 2748 638 2811 intelligendum
652 2752 687 2798 est
699 2748 729 2798 de
743 2750 842 2802 absente
855 2753 894 2817 qni
907 2767 942 2817 prr

147 2819 232 2880 scripta
256 2818 423 2868 accusationem
449 2818 540 2882 mittut3
561 2833 608 2869 non
630 2823 705 2870 mmeu
726 2821 859 2875 excluditur
880 2826 941 2888 quio,

148 2884 199 2934 edm
210 2901 309 2948 praeseus
327 2888 410 2948 luerit,
424 2891 555 2940 necessaria
565 2891 596 2941 sit
606 2889 726 2954 scripturn.
