1992 3317
133 195 180 245 iii
252 205 360 242 sennenn
377 202 507 253 securem,
522 202 613 247 enssr.
630 202 662 251 n,
679 202 734 241 ssr.
751 201 804 239 ern.
853 218 864 240 t

131 282 198 349 prihs
215 282 330 334 euentum
351 278 498 343 hominihus,
516 292 578 329 nune
602 278 757 329 manifestavit
779 278 820 329 eis.
837 292 853 326 s
871 280 940 347 Ergo

131 359 185 406 ante
198 353 284 405 Christi
293 354 417 402 adrentum
435 366 481 402 nun
495 356 545 403 erut
561 352 676 415 eeyuitum
692 350 752 414 quid
768 349 793 399 iu
812 349 941 406 dinnitate

132 430 192 477 esset
206 424 332 489 paternitas
348 428 372 473 et
384 424 477 487 iiiiatiu3
491 436 539 474 meu
551 437 605 487 erge
618 424 718 474 Trinitas
732 421 842 486 explicite
854 426 939 477 erede-

130 497 205 547 hatur.

163 574 188 619 2.
202 571 328 628 preterea,
342 568 397 617 iilud
413 571 519 618 tenemur
531 566 640 633 erpheite
653 566 746 617 eredere
758 566 783 615 iu
799 567 861 631 Deo,
873 573 941 633 qued
989 578 990 633 t

132 644 168 692 est
183 638 330 690 beatitudinis
346 640 469 704 ehjeetnm.
482 640 528 690 Sed
548 640 662 702 objectum
680 636 827 688 mensuris
844 642 881 689 est
897 641 942 693 hu—
989 636 990 717 i

132 711 192 761 nitas
210 723 310 773 summa,
324 723 375 773 que
389 712 466 774 petest
480 709 579 775 intelligi
592 710 617 760 in
633 712 680 761 Deo
700 708 769 759 etiam
785 708 836 759 sine
851 724 942 774 perso·
989 722 990 773 y

132 782 373 834 nurumdistinctieue.
381 784 442 848 Crge
450 797 497 835 nou
505 782 710 835 fuitneeesserium
718 778 828 845 expliciti
839 783 941 836 eredere

132 854 277 905 Thinitrtem.
362 905 366 909 .
989 892 990 895 ¹

163 926 208 976 Sed
231 930 309 977 uentre
331 938 381 988 est,
399 928 460 991 quiid
477 928 503 977 iu
520 927 592 979 veteri
613 928 758 977 Testamento
780 924 943 990 multipueiter
989 912 990 987 i

132 1010 240 1062 expressa
254 1002 291 1050 est
308 999 408 1051 Trinitas
423 1010 570 1064 personarum
586 1015 592 1048 ε
606 1000 665 1049 sieut
680 997 761 1049 statim
779 997 805 1045 in
821 998 943 1064 prineipiu

133 1069 220 1119 Genes.
236 1070 317 1120 dieitur
326 1072 354 1121 ad
369 1072 539 1136 expressionem
549 1070 684 1120 Trinitatis:
698 1086 712 1118 u
724 1068 853 1119 Faciamus.
859 1071 944 1123 hemi-

133 1153 186 1191 nem
201 1142 230 1192 ad
248 1142 370 1205 imaginem
387 1147 411 1191 et
426 1143 457 1193 ad
480 1142 653 1193 similitudinem
672 1144 782 1193 mestrem.
801 1156 816 1187 n
840 1141 905 1205 Ergo
929 1147 944 1195 i

132 1212 245 1276 principie
258 1214 288 1263 de
305 1212 440 1265 necessitate
452 1214 533 1264 salqu
546 1214 590 1264 tuit
605 1213 697 1264 eredere
710 1212 854 1261 Trinitatem.

166 1283 328 1346 (Cosmnsro.
346 1310 377 1321 -
396 1286 590 1343 Quemadmodum
610 1283 744 1349 mysterium
767 1284 943 1339 tuearnattenis

133 1353 218 1403 cursu
230 1354 259 1404 ar
273 1354 373 1419 arsque
385 1356 511 1420 erutum,
524 1356 557 1427 er
568 1368 657 1420 quoque
670 1353 786 1405 nrtmuus
800 1356 944 1419 mysterium
989 1344 990 1431 t

132 1425 161 1473 ah
172 1423 253 1475 iisdem
265 1426 326 1476 credi
335 1427 447 1491 opertuit3
459 1430 512 1492 pest
521 1430 612 1492 tempus
622 1426 675 1476 veri
689 1424 799 1487 divulgati
812 1426 942 1494 Evangeii,
989 1434 990 1497 i

133 1508 213 1547 omues
228 1497 362 1561 mysterium
377 1498 496 1550 Trinitatis
510 1497 615 1563 expliciti
627 1497 719 1547 credere
737 1496 872 1561 tsnentur.)
989 1498 990 1507 ¹

164 1568 299 1631 Respondes
312 1569 445 1633 dicendum,
457 1570 517 1633 qued
527 1568 661 1633 mysterium
671 1567 837 1618 incarnationis
849 1570 945 1623 Christi

133 1640 240 1703 explicite
255 1641 317 1691 credi
330 1654 375 1692 nen
384 1644 461 1705 petest
474 1640 524 1692 siue
536 1642 578 1691 ide
590 1640 722 1703 Trinitatis3
738 1639 792 1703 quia
806 1640 832 1689 iu
849 1648 945 1709 myste-
989 1664 990 1689 t

132 1712 167 1762 rie
178 1713 344 1763 lneamatienis
352 1712 436 1761 Christi
444 1714 489 1763 hec
497 1710 634 1775 continetur,
640 1711 699 1775 quid
708 1710 780 1761 Filius
791 1712 833 1761 liei
845 1726 944 1766 earnem

134 1783 295 1845 assumpserit,
307 1783 369 1845 quid
384 1783 534 1847 pergratiam
547 1782 646 1846 Spiritus
661 1782 735 1833 saneti
745 1784 857 1833 mundum
871 1798 945 1839 rene

134 1854 236 1916 raverit,
251 1854 382 1916 etiterum,
397 1854 457 1918 quid
471 1854 499 1904 de
509 1853 594 1918 Spiritu
610 1856 688 1903 sanctu
702 1856 828 1917 conceptus
842 1854 920 1909 inerit
937 1876 942 1909 :

134 1929 158 1974 et
174 1925 225 1974 ideo
241 1925 321 1974 eedem
332 1926 399 1975 modu
408 1938 454 1989 que
464 1925 599 1989 mysterium
610 1923 774 1975 iucematienis
788 1923 947 1981 Christianis

134 1996 250 2047 Christum
259 1994 304 2045 init
317 1997 425 2059 explicite
433 1996 543 2047 creditum
556 1997 569 2047 i
580 1996 718 2061 majeribus,
735 1995 845 2059 implicite
861 2002 946 2052 autem

134 2071 158 2117 et
174 2066 240 2131 quasi
255 2067 386 2118 obumbrati
396 2068 409 2118 i
420 2068 559 2133 mineribus3
575 2068 608 2118 ita
621 2068 690 2117 etiam
703 2072 727 2117 et
736 2068 874 2131 mysterium
888 2071 948 2121 Tri-

134 2138 222 2187 nitatis.
233 2138 264 2188 Et
273 2138 325 2188 ideo
340 2138 410 2189 etism
422 2143 477 2205 pest
487 2143 579 2203 tempus
591 2139 669 2203 gratiae
683 2138 815 2201 divulgatos,
826 2140 945 2193 tenentur

134 2222 216 2261 omnes
225 2210 252 2259 ad
262 2209 368 2273 expliciti
381 2211 517 2262 eredendum
532 2211 665 2275 mysterium
676 2209 807 2277 Tsinitatis3
820 2214 844 2260 et
855 2224 946 2265 omnes

134 2281 174 2345 pui
186 2286 333 2331 renaseuntur
344 2282 366 2331 in
377 2283 481 2345 Christe,
492 2284 538 2333 hec
549 2282 704 2347 adipiscuntur
713 2294 754 2345 per
763 2281 945 2337 invocationem

134 2351 263 2413 Trinitatis,
285 2352 409 2404 seeuudirm
430 2354 485 2403 iilud
507 2353 609 2413 Metti„
634 2355 676 2403 uit.
696 2368 731 2403 :u
747 2354 835 2403 Erutes
856 2354 946 2407 decem

135 2435 214 2476 omnes
232 2427 325 2488 gentes,
346 2426 487 2489 baptizantes
505 2436 544 2475 ees
563 2424 695 2477 innomine
714 2422 788 2474 Patris
805 2428 829 2474 et
841 2425 900 2475 Titii
923 2435 948 2479 et
989 2470 990 2477 ,

135 2496 234 2560 Spiritus
243 2497 324 2547 saneti.
343 2511 357 2543 „
989 2482 990 2547 i

166 2568 200 2616 dd
214 2568 311 2631 primum
323 2579 377 2631 erge
390 2568 520 2631 dicendum,
534 2568 593 2632 quiid
611 2568 649 2619 iiia
662 2570 706 2619 due
723 2566 829 2631 explicite
844 2570 950 2623 credere

134 2641 162 2689 de
174 2640 230 2703 heo,
241 2641 302 2691 omni
314 2642 416 2703 tempere
427 2645 450 2692 et
461 2640 535 2705 quoad
544 2653 636 2705 omnes,
648 2638 804 2691 necessarium
819 2638 880 2704 iuit3
892 2654 952 2693 men

134 2715 211 2763 temen
221 2716 258 2762 est
268 2710 385 2763 snideiens
399 2712 461 2763 omui
474 2712 697 2777 temperassemus
714 2723 804 2777 omnes.
989 2734 990 2781 y

167 2786 200 2833 id
214 2784 340 2835 seeundum
355 2782 489 2845 dicendum,
498 2784 562 2849 quid
580 2784 727 2841 antechristi
742 2784 866 2835 adventum
884 2784 952 2839 tides

136 2854 252 2905 Trinitatis
273 2858 321 2905 erut
338 2854 447 2905 eemitets
459 2854 485 2906 in
497 2858 541 2908 tide
563 2856 688 2921 majerum
703 2857 743 2909 ssd
761 2870 801 2922 per
821 2856 953 2911 Christum
989 2852 990 2905 t

138 2924 283 2982 manifestata
300 2928 335 2978 est
347 2927 446 2993 munde,
457 2929 481 2979 et
490 2942 532 2995 per
544 2929 672 2997 Apostolus.
989 2938 990 2961 ¹

984 3134 990 3292 i
