1992 3317
136 176 183 225 tto
246 185 355 226 ercnuna
372 181 603 230 monumentor.
621 183 702 232 metr,
719 183 776 222 aar.
795 186 829 224 rr.

137 275 165 315 et
178 276 228 328 que
238 264 292 313 sunt
302 260 360 320 lent
369 259 477 323 inuenta,
494 259 636 326 applicentur
649 261 676 310 nd
692 273 759 325 opus.
776 261 809 311 Et
820 261 872 313 ideo
883 275 936 328 pre·

137 333 214 400 cipere
229 333 327 399 pertinet
338 335 366 383 ad
379 332 532 398 prudentiam,
544 345 595 396 que
609 335 645 383 est
654 331 713 385 bend
722 332 880 384 consiliatirn.

169 407 202 456 ld
215 404 305 457 tertium
316 403 448 467 dicendum,
461 403 522 468 quod
536 415 627 454 movere
641 403 743 454 absolute
756 404 861 469 pertinet
869 405 895 455 ad
905 418 938 454 no-

136 477 262 538 luntatem;
285 475 325 526 sed
347 475 474 540 precipere
495 475 602 540 importat
622 473 748 526 motionem
768 489 823 526 cum
847 477 938 541 quadan

138 547 300 600 ordinatione:
315 550 338 598 et
354 547 406 597 ideo
419 549 454 598 est
468 550 532 598 acuns
550 545 660 610 rationis,
676 549 703 596 ut
717 545 788 614 supri
809 547 896 600 dietum
911 555 939 598 est

138 617 447 683 ta,e,qu.1r,arr.1).

434 799 646 852 aamcunnsrx.

250 925 337 972 Utrtm
345 923 481 971 sollicitudo
489 925 611 982 pertineat
628 923 661 970 ed
668 923 836 982 prudentiam.

170 1052 204 1104 ld
217 1065 302 1103 nonum
321 1051 354 1103 sic
368 1051 497 1118 proceditur
508 1051 552 1117 (t).
567 1049 662 1101 llidctur
677 1049 737 1114 quod
751 1049 884 1104 sollicitudo
897 1063 937 1102 nou

137 1125 251 1190 pertineat
278 1123 307 1174 ad
331 1123 484 1186 prudentiam.
509 1122 642 1173 Sollicitudo
669 1121 732 1172 enim
755 1121 938 1184 inquietudinem

137 1195 257 1259 quamdam
276 1194 397 1258 importat;
411 1194 467 1243 dicit
484 1191 546 1244 euim
563 1192 663 1243 Isidorus
680 1191 704 1241 iu
718 1191 759 1243 tin,
782 1193 939 1258 Etymolup„

138 1266 198 1331 quod
209 1283 224 1313 «
234 1265 347 1316 sollicitus
360 1265 490 1330 diciturqui
502 1263 667 1329 estiuquietus.
678 1279 692 1311 o
703 1263 748 1315 Sed
760 1263 834 1316 motio
846 1263 938 1316 maximi

138 1336 239 1402 pertinet
253 1336 280 1385 ad
292 1335 338 1384 nim
357 1335 513 1400 appetitivam.
528 1337 588 1400 Ergo
602 1338 626 1384 et
636 1333 775 1384 sollicitudo.
792 1335 838 1385 Sed
848 1336 939 1399 prudeu-
978 1345 979 1420 p

137 1409 169 1460 tin
180 1422 226 1458 uon
238 1411 273 1460 est
285 1407 310 1458 in
330 1408 353 1457 ui
367 1407 504 1472 appetitiva,
517 1408 591 1460 sedin
608 1407 709 1471 ratione,
722 1407 830 1471 utsupra
842 1407 937 1458 habitum
978 1427 979 1474 p

136 1484 174 1532 est
187 1480 241 1545 (art.
255 1480 289 1543 l).
304 1480 361 1544 Ergo
374 1478 503 1530 sollicitudo
517 1491 564 1530 non
580 1478 680 1543 pertinet
694 1479 721 1528 nd
731 1478 886 1542 pmdeutiam.

169 1557 193 1602 t.
207 1552 335 1614 Prolem,
347 1550 494 1602 sollicitudini
504 1549 595 1602 videtur
605 1549 690 1615 opponi
699 1549 812 1601 certitudo
823 1550 934 1611 ventatis3

138 1624 199 1678 nude
211 1623 314 1676 dieiturl
329 1625 396 1689 Rep„
409 1623 451 1686 tlt,
464 1620 523 1688 quod
538 1622 630 1672 Samuel
641 1621 698 1672 dixit
709 1622 738 1672 ad
751 1621 806 1672 Saul
817 1621 873 1686 (2)³
891 1622 937 1670 ulle
979 1638 980 1730 p

138 1699 210 1752 asinis
225 1709 281 1761 quas
298 1694 461 1747 nudiustertius
473 1692 608 1760 perdidisti,
627 1706 674 1745 nou
695 1681 808 1744 sollicitus
825 1693 873 1754 sis,
888 1691 935 1756 quia
979 1731 980 1752 ᾖ

138 1769 238 1821 iuventae
254 1771 316 1819 nunt.
327 1767 394 1818 nSed
407 1765 517 1818 certitudo
526 1765 628 1817 tentatis
637 1763 736 1830 pertinet
747 1766 775 1815 ad
787 1765 935 1830 prudentiam,

139 1840 191 1891 crim
210 1841 240 1890 sit
256 1840 327 1890 mnus
345 1838 514 1890 intellectualis.
530 1839 589 1902 Ergo
608 1835 736 1888 sollicitudo
750 1837 874 1902 opponitur
887 1849 936 1902 pru·

140 1911 238 1973 dcuttae,
257 1909 328 1975 magis
343 1909 411 1975 quim
423 1911 512 1962 adeam
526 1910 649 1975 pertineat.

172 1987 194 2032 t.
210 1983 329 2042 emersa,
342 1981 494 2047 Philosophus
503 1981 558 2032 dicit
569 1981 593 2031 iu
604 1981 634 2031 lll
645 1981 739 2037 Ennio,
754 1979 816 2044 quiid
831 1979 885 2031 «ad
893 1992 936 2029 ma·

140 2052 274 2120 guarinum
290 2053 391 2117 pertinet
404 2054 492 2118 pigrum
510 2067 560 2104 esse
570 2057 594 2104 et
604 2052 710 2104 otiosum.
721 2069 735 2100 n
751 2051 853 2115 pigritie
866 2055 935 2102 antem

140 2123 263 2190 opponitur
276 2124 412 2175 sollicitudo.
424 2124 479 2177 crim
491 2139 545 2189 ergo
558 2125 679 2190 prudentia
693 2136 739 2174 uon
753 2127 880 2189 opponatur
893 2134 934 2171 ma·

86 2250 91 2263 ¹
140 2195 300 2262 gunnimltati‚
313 2195 368 2260 quia
387 2214 401 2244 a
417 2197 501 2248 bouum
520 2210 566 2247 non
585 2199 619 2246 est
641 2197 700 2246 hono
715 2195 866 2258 contrarium,
882 2209 894 2240 u
913 2195 935 2240 ut

139 2267 222 2319 dicitur
234 2267 258 2316 iu
271 2267 490 2320 predicamentis.
505 2267 599 2318 Videtur
612 2280 665 2330 ergo
675 2264 735 2331 quod
749 2265 879 2316 sollicitudo
892 2276 933 2314 nou

139 2339 253 2404 pertineat
270 2339 297 2389 ad
313 2339 465 2402 prudentiam.

171 2408 217 2460 Sed
237 2412 316 2462 contra
334 2414 384 2474 est,
399 2410 459 2475 quod
475 2409 557 2460 dicitur
574 2409 583 2460 l
598 2411 677 2466 Pete..
697 2407 746 2458 lV:
763 2423 778 2456 n
796 2409 875 2460 Estote
885 2420 932 2472 pru·

140 2485 235 2547 denes,
249 2485 273 2534 et
289 2482 380 2548 vigilate
393 2481 418 2532 in
435 2482 583 2535 orationibus.
603 2481 675 2532 used
688 2480 806 2545 vigilantia
822 2483 858 2534 est
878 2480 930 2532 idem

141 2554 297 2607 sollicitudini.
312 2555 371 2619 Ergo
384 2553 513 2606 sollicitudo
526 2553 626 2619 pertinet
640 2554 667 2604 nd
684 2553 837 2618 prudentiam.

175 2715 213 2827 μὲ
224 2723 256 2768 lle
268 2718 304 2764 hin
322 2719 393 2764 etiam
407 2716 481 2776 iniri,
496 2729 536 2775 qu.
555 2714 601 2777 ts,
618 2720 660 2763 art.
684 2713 796 2777 1,su5;
812 2723 836 2764 et
851 2711 932 2775 quit,

143 2789 187 2829 art.
216 2783 261 2840 ‚iu
274 2792 339 2837 corp.

176 2849 207 2912 (t)
223 2854 253 2897 ut
262 2862 324 2898 vm.
334 2850 365 2894 no
376 2851 453 2896 ridere
463 2857 509 2911 est,
516 2849 568 2898 cunr
579 2855 603 2900 et
612 2861 665 2898 eum
673 2852 697 2897 iu
707 2863 786 2909 regem
796 2845 929 2898 consecrarit

142 2926 172 2962 ex
181 2919 237 2960 nutu
251 2924 278 2958 nc
287 2912 397 2959 instinctu
410 2912 499 2961 divino.
