1992 3317
134 113 168 151 nn
181 110 364 152 rmnnurnrsn
378 111 404 150 tn
417 113 491 152 mr.
503 112 535 151 nr
547 111 648 153 vntum
662 110 776 152 tommo.
807 104 857 152 tet

33 192 104 244 tium
116 190 225 255 juvatur,
242 191 317 253 potest
333 187 425 254 proprii
439 193 522 254 sponte
538 188 623 253 aliquid
637 189 745 240 vendenti
760 203 856 256 supere·

40 275 151 327 rogaraq
167 261 228 325 qnod
240 259 339 325 pertinet
349 261 379 310 ad
392 260 442 324 ejus
454 261 606 312 tenentem.

83 335 121 384 Ad
132 332 233 397 primum
242 346 296 396 erqo
306 333 436 396 dicendum,
448 330 509 396 quod
519 332 579 382 siem
593 332 661 397 snprir
669 333 757 383 dictum
767 337 805 384 est
815 336 857 399 (1),

40 408 90 458 lex
114 407 216 455 humana
233 405 318 468 populo
332 405 406 466 datur,
423 404 447 454 in
467 417 513 468 quo
528 407 582 454 sunt
595 404 662 454 multi
674 403 689 454 l
702 405 786 457 virtute
799 407 860 458 deii-

42 479 152 538 cientes,
168 478 302 526 nouantem
319 473 385 526 datur
400 475 477 526 sollum
494 475 593 526 uitiosis.
606 477 635 526 Et
645 476 698 527 ideo
710 477 748 528 lex
762 479 860 529 numana

42 563 100 601 non
116 547 195 614 potuit
206 546 324 612 prohibere
337 547 446 617 quidquid
461 550 496 600 est
505 550 583 599 contra
592 547 713 612 vuintem3
726 551 767 599 sod
776 549 798 600 ei
811 551 859 600 sni-

45 621 102 672 ficit
116 623 144 670 nt
157 618 273 684 prohibeat
286 631 313 670 ea
330 631 381 682 qua
396 615 516 670 destruunt
527 618 645 669 hominnm
656 620 801 685 conuictum,
816 621 861 673 alia

44 691 111 743 uero
124 691 211 742 lrabeat
228 689 293 754 quasi
306 689 381 752 licita,
396 703 441 742 non
457 691 510 755 quia
523 703 550 742 ea
563 691 689 755 approbet,
705 693 745 742 sed
760 693 814 756 quia
832 706 861 744 ea

45 777 102 814 non
116 762 194 827 punit
209 761 246 812 sic
266 773 321 826 ergo
338 761 410 812 *natet
428 761 492 826 quusi
509 761 611 825 fidium,
625 764 716 826 poenani
733 776 780 815 non
793 764 859 816 indu-

47 849 127 898 cens,
144 834 166 886 si
183 833 268 898 absque
286 835 364 885 iraode
380 835 483 885 venditor
496 847 546 886 rem
559 847 624 884 snam
642 836 808 898 superuendat,
822 840 861 888 aut

47 909 150 972 emptor
163 905 235 956 vitiis
245 909 321 969 emat,
332 903 377 956 nisi
385 905 416 956 sit
425 905 510 956 nimius
523 918 646 968 excessus3
658 906 711 969 qnia
721 909 777 956 tunc
790 908 860 958 etiam

47 981 92 1030 lex
109 979 211 1028 hnmana
222 977 281 1040 cogit
291 978 320 1027 ad
330 976 495 1028 restituendum
502 1015 509 1040 ,
516 975 575 1040 pult
584 975 605 1026 si
616 976 698 1040 aliquis
710 976 741 1027 sit
753 977 860 1042 deceptus

48 1051 116 1100 ultra
137 1049 257 1100 dimidium
268 1047 326 1112 justi
342 1047 410 1112 pretii
422 1047 580 1110 quantitatem.
594 1048 639 1098 Sed
652 1048 691 1098 lex
708 1047 786 1099 divina
804 1049 862 1100 nitril

48 1120 200 1186 impunitum
213 1119 328 1184 relinquit,
342 1121 400 1183 quod
415 1118 444 1168 sit
460 1119 539 1169 virtuti
552 1119 688 1170 contrarium
703 1135 709 1169 ε
725 1121 803 1182 unde,
819 1135 860 1172 se-

50 1192 161 1244 cundum
175 1190 276 1254 plainam
287 1191 360 1254 legem
373 1190 477 1240 illicitum
490 1194 622 1255 reputatur,
638 1189 659 1241 si
672 1191 697 1240 in
709 1192 826 1256 emptione
837 1198 862 1244 et

49 1263 193 1315 venditione
205 1275 250 1314 non
260 1261 290 1314 sit
302 1262 419 1326 equalitas
430 1261 526 1325 justitie
538 1263 672 1329 olpsertata3
687 1265 711 1313 et
723 1267 813 1314 tenetur
822 1265 861 1318 ille

50 1336 95 1400 qui
113 1335 169 1399 plus
179 1333 248 1384 natet
263 1346 433 1398 recompensare
448 1333 469 1384 ei
478 1334 519 1398 qui
528 1333 683 1385 damnificatus
693 1338 739 1395 est,
749 1334 809 1385 risit
820 1348 862 1387 no

52 1407 129 1458 labile
143 1407 260 1456 damnum.
272 1405 335 1464 Quod
345 1406 396 1456 ideo
408 1405 474 1468 diuo,
483 1405 536 1470 quia
550 1405 612 1461 istud
621 1405 719 1470 pretium
729 1419 804 1458 rerum
815 1421 862 1458 oon

52 1484 93 1531 est
103 1477 259 1544 punctualiter
273 1477 461 1539 determinatum,
477 1479 516 1528 sed
528 1477 600 1540 magis
613 1477 638 1527 in
651 1479 748 1540 quadam
763 1479 864 1529 estima-

54 1552 125 1602 tione
139 1548 258 1612 consistit,
269 1549 301 1600 ita
316 1549 376 1612 qutd
390 1549 477 1600 modica
493 1548 577 1599 additio
597 1548 634 1599 vet
650 1549 747 1600 mmntio
765 1563 812 1600 non
828 1552 864 1601 vi·

55 1623 130 1675 detor
142 1619 224 1672 tollere
237 1620 388 1684 equalitatem
400 1619 505 1684 justitie.

90 1696 128 1746 dd
138 1692 265 1744 secundnm
278 1693 413 1754 dicendum,
428 1691 487 1756 qntt
503 1692 562 1742 siout
575 1691 716 1755 Augustinus
732 1691 815 1743 ibidem
829 1693 863 1743 di-

56 1769 108 1829 cit,
126 1782 141 1814 n
152 1764 234 1816 liimus
247 1765 286 1816 ilis
300 1763 337 1814 uel
350 1763 450 1829 seipsum
463 1764 587 1827 intuendo,
600 1764 638 1814 uel
651 1763 709 1814 alios
722 1765 862 1828 experiendo

56 1841 101 1892 vili
117 1838 178 1888 uelle
186 1849 261 1888 emere
272 1841 295 1888 et
306 1836 357 1888 cart
368 1836 474 1898 uendere,
485 1835 590 1888 omnibus
600 1836 624 1886 id
635 1836 788 1886 crediditesse
799 1850 861 1888 com·

56 1922 144 1962 mnne.
158 1908 204 1959 Sed
217 1908 324 1972 quoniam
333 1909 410 1959 reuera
419 1907 501 1958 vitium
511 1914 560 1968 est,
569 1912 649 1973 potest
657 1908 755 1972 quisque
765 1908 862 1972 adipisci

57 1979 196 2048 hujusmodi
210 1979 338 2044 justitiam,
350 1993 395 2045 qna
415 1981 469 2030 huic
483 1980 573 2031 resistat
586 1983 610 2031 et
622 1978 714 2030 vincat:
724 1995 739 2026 u
753 1980 784 2029 nt
798 1979 873 2043 ponit·

57 2053 194 2118 exemplum
209 2053 237 2102 de
250 2052 361 2116 quodam
372 2052 412 2116 qui
426 2052 538 2103 modicum
548 2051 648 2116 pretium
659 2051 687 2101 de
697 2051 794 2114 quodam
804 2051 863 2103 libro

59 2126 157 2190 propter
176 2122 326 2186 ignoruntium
339 2123 480 2187 postulanti,
492 2123 581 2187 justum
598 2121 696 2186 pretium
708 2121 781 2172 dedit.
797 2122 862 2174 llnde

59 2198 129 2260 patet
149 2193 210 2257 qnld
228 2193 283 2244 illud
303 2207 421 2245 commune
442 2194 579 2246 desiderium
593 2206 639 2244 non
656 2197 692 2244 est
708 2196 810 2256 naturae,
823 2195 863 2245 sed

58 2267 116 2319 vitii
131 2282 137 2315 :
153 2265 239 2316 etideo
250 2271 415 2320 commentust
428 2265 520 2332 mults,
534 2265 574 2330 qni
586 2279 627 2330 per
639 2266 708 2316 latam
720 2265 781 2316 uiam
795 2265 862 2317 uitio-

60 2353 114 2388 rum
131 2336 248 2388 inceduut.
757 2375 761 2379 .

94 2408 132 2460 ad
143 2407 236 2458 testim
252 2409 384 2470 dicendum,
399 2408 459 2473 quot
480 2409 504 2459 in
517 2408 606 2474 justitie
618 2408 777 2459 commutatiua
795 2408 867 2459 mnn-

62 2482 157 2532 deratur
166 2479 323 2546 principaliter
338 2481 457 2544 equalitas
471 2480 519 2544 rei3
530 2481 570 2531 sed
582 2479 607 2530 in
620 2479 721 2530 amicitia
728 2479 780 2535 utili
789 2479 867 2530 cousi-

100 2651 133 2714 (i)
145 2653 232 2710 Nempe
245 2652 269 2710 t,
281 2651 306 2712 ἢ,
316 2665 356 2710 qn.
367 2651 407 2712 96,
420 2658 464 2700 ert.
474 2651 497 2712 2,
510 2651 550 2698 not
562 2652 645 2698 dieitur
654 2653 693 2698 lex
701 2651 802 2698 hnmana
811 2651 864 2698 ideo

65 2729 115 2762 non
133 2716 213 2761 omnia
226 2717 281 2762 uitia
294 2717 412 2776 cohihere,
428 2716 482 2773 quia
491 2716 597 2774 portitor
614 2715 775 2760 multitudini
785 2716 863 2761 toarti-

64 2779 176 2887 mi?
189 2789 239 2836 quo
254 2780 335 2838 moion
341 2789 403 2838 pura
416 2783 450 2825 est
464 2779 590 2824 tumim
600 2790 651 2823 ooo
660 2778 826 2836 perfectorum
835 2779 864 2824 to
