1992 3317
148 77 194 124 ‘lad
277 83 384 124 sueonos
401 81 632 129 sueonum,onmsr.
649 82 786 133 uv11‚ann.
802 83 821 119 r.
965 123 967 154 Ι

405 270 572 340 QUAESTIO
590 270 683 336 illl.

287 417 322 464 De
332 417 407 474 juro,
421 418 451 462 tn
465 421 571 474 quotuor
585 414 704 465 articulos
718 416 810 461 diuiso.

181 569 351 629 Consequentur
367 568 420 630 post
437 564 580 630 prudentiam
599 563 791 614 considerandum
807 569 845 617 esi
858 565 887 616 de
902 565 941 629 jus

150 639 208 689 titia.

181 710 248 760 Circa
261 719 328 772 qnam
338 707 477 771 quadruplex
490 705 641 758 consideratio
652 706 751 757 ooemril
766 709 864 772 :prima
874 713 914 771 esi,
923 709 942 756 de

149 779 252 846 justitia3
272 779 384 842 secunda,
399 779 427 830 de
445 777 547 842 partibus
563 778 630 841 ejus;
647 776 731 838 tertia,
745 779 775 828 de
790 779 854 830 dono
873 782 898 830 ad
911 782 943 828 lior

151 852 294 918 pertinente;
310 855 403 914 quarta,
418 850 445 900 de
461 848 582 914 preceptis
595 850 621 899 ad
641 848 759 912 justitiam
776 850 942 914 pertinentibus.

183 922 248 973 Cinea
257 921 367 986 justitiam
380 920 435 970 uerd
449 920 612 970 consideranda
623 923 677 969 suut
687 924 787 982 quatuor
800 937 806 969 z
817 922 893 985 primd
902 921 942 984 qui

153 996 213 1058 dem,
224 993 251 1044 de
264 993 327 1057 jure;
339 990 448 1054 secundo,
461 992 488 1042 de
501 991 552 1054 ipsa
559 989 664 1054 iustitia3
681 990 765 1055 tertio,
781 993 811 1042 de
832 993 940 1058 injustitia,

153 1065 249 1130 quartd,
260 1064 287 1114 de
305 1061 400 1127 judicio.

184 1135 247 1184 Circa
259 1134 357 1198 primum
370 1136 502 1197 quaeruntur
520 1137 632 1196 quatuor:
647 1137 674 1182 l⁰
687 1133 770 1183 Utrum
782 1135 867 1198 jussit
880 1137 943 1197 odiar.-

153 1208 201 1254 tum
213 1203 316 1268 justitia.
326 1208 354 1252 2⁰
366 1203 445 1253 Uirium
461 1203 501 1266 jus
515 1205 679 1255 conuenienter
693 1205 810 1256 dividatur
823 1207 850 1256 in
863 1211 900 1271 jus
916 1219 943 1253 m·

154 1275 225 1325 torale
239 1275 409 1338 etposilivum.
426 1279 451 1323 3⁰
464 1274 544 1324 Uirium
555 1277 594 1340 jus
608 1274 708 1340 gentium
721 1275 751 1325 sit
764 1276 830 1333 idem
847 1279 905 1342 quod
916 1278 943 1338 jus

117 1405 120 1408 ¹
154 1347 265 1395 naturale.
287 1347 312 1394 l⁰
332 1345 411 1396 Uirium
427 1345 466 1408 J'ns
486 1347 650 1397 dominativum
664 1349 687 1396 et
706 1349 850 1414 palernum,
866 1349 943 1400 delent

155 1416 285 1480 specialiter
300 1416 417 1478 distingui.

454 1555 611 1608 anniculos
627 1557 646 1604 l.

346 1679 480 1736 Ulurlmjua
487 1681 521 1725 eit
531 1681 647 1735 adjectum
653 1679 767 1734 jornale.

190 1811 223 1862 nd
238 1811 335 1875 primum
346 1809 378 1860 sio
392 1809 528 1872 proceditur.
542 1809 639 1859 Videtur
650 1808 710 1872 quod
720 1808 761 1872 jus
773 1811 868 1861 nonsit
886 1811 945 1872 oloja·

158 1885 205 1931 tum
218 1881 320 1945 justitie.
332 1879 393 1930 llicit
401 1879 462 1930 enim
473 1878 738 1944 Genus-jurisconsultus
755 1880 790 1943 (l)
801 1919 808 1943 ‚
819 1881 908 1944 quiid«
922 1883 945 1941 jus

159 1956 195 2002 est
208 1965 244 2002 ars
255 1952 310 2001 linui
326 1954 349 2002 el
362 1951 431 2014 equi.
442 1966 456 1998 n
470 1951 511 2000 irs
525 1954 659 2013 autemnon
675 1953 711 2000 est
721 1951 842 2014 olp'eotum
851 1952 944 2016 justitia.

160 2023 199 2076 sed
218 2026 252 2071 est
264 2034 306 2085 per
319 2036 344 2072 se
357 2023 430 2072 uirtus
441 2021 609 2073 intellectualis.
619 2021 677 2085 Ergo
688 2022 728 2085 jus
738 2035 787 2072 non
801 2027 839 2073 esi
848 2024 945 2087 onjoetm

158 2089 260 2155 justitiae.

192 2167 216 2212 ἱ.
231 2165 356 2226 Preterea,
366 2165 404 2214 lex
414 2163 474 2214 siout
484 2162 731 2213 lsidorusdioitiulil).
744 2166 895 2228 Etymol.,u
902 2164 946 2227 juris

161 2239 197 2286 ost
210 2235 304 2298 speeies.
319 2251 332 2282 n
343 2236 390 2286 Lex
399 2239 474 2285 autem
483 2238 577 2284 nonest
590 2235 704 2298 objectum
714 2235 813 2299 justitiae
822 2273 829 2297 ,
838 2237 881 2287 ned
890 2234 945 2295 ungi:

160 2305 292 2368 prudentie.
308 2304 371 2355 Unde
382 2309 406 2356 et
417 2307 568 2369 Philosophus
583 2304 799 2370 lepiepositiuam,
811 2311 899 2370 partem
909 2319 946 2369 pru·

162 2374 243 2426 dontio
257 2376 329 2439 pouit.
343 2377 451 2440 ErgoJ'ue
467 2389 512 2427 nou
526 2379 562 2426 est
572 2377 686 2439 objectum
695 2376 803 2441 justitie.

195 2451 218 2496 3.
234 2447 358 2507 Praetereo,
373 2447 462 2510 justitia
482 2447 637 2512 principaliter
649 2448 742 2511 subjicit
761 2448 881 2499 homiuem
896 2451 944 2497 llos.

163 2517 219 2568 dioit
235 2518 295 2568 enim
308 2518 445 2581 Augustinus
461 2519 485 2570 in
500 2519 540 2569 lin.
552 2519 588 2569 De
602 2519 715 2570 moritus
726 2519 820 2568 Euclea.
833 2518 894 2583 (cap.
905 2524 942 2566 15.

163 2589 224 2654 quod
235 2609 248 2640 u
259 2591 347 2654 justitia
357 2594 392 2642 est
403 2605 465 2642 amor
475 2593 522 2644 lleo
535 2594 625 2642 tantum
636 2592 754 2653 servieus,
767 2595 791 2642 ol
802 2592 830 2642 ob
844 2593 889 2642 noc
898 2591 944 2638 lem

163 2661 276 2728 imperans
292 2663 380 2714 ueteris
397 2676 448 2726 quae
468 2662 556 2714 domiui
573 2663 675 2727 subjecta
692 2666 756 2713 suut.
769 2679 783 2710 n
796 2662 841 2713 Sed
861 2664 899 2727 jus
909 2672 944 2708 nit

197 2803 230 2868 (ll
243 2808 273 2852 Ut
286 2805 396 2862 Ulpianus
406 2803 477 2850 relert
487 2803 512 2850 in
525 2804 622 2863 Dianio
634 2805 726 2855 umeri,
738 2805 790 2863 lege
802 2805 822 2850 1.
