1992 3317
116 182 148 231 'rt
253 193 324 229 rurum
340 188 470 241 securos,
485 187 578 235 eunsr.
594 186 666 239 erm,
682 186 734 226 rur.
749 185 782 227 vr.

118 270 180 321 tione
195 269 274 333 impii3
290 267 440 319 diciturenim
455 268 514 324 Iro„
528 266 611 317 xxvii
624 282 629 315 :
645 283 658 312 rr
670 265 713 315 iste
725 267 760 316 est
771 261 849 316 omnis
859 261 925 314 fruc·

117 346 163 405 tus,
180 344 204 391 ut
214 340 327 391 anferatur
341 342 458 404 peceatum
472 338 532 403 ejus.
546 355 561 385 u
574 334 632 403 Ergo
650 337 752 388 remissio
773 338 926 400 peecatorum

118 412 184 463 debet
197 411 354 463 connumerari
364 411 425 463 inter
437 424 464 473 ee
477 424 528 475 qne
538 411 682 476 requiruntur
690 410 718 460 ori
728 408 928 471 justificationem
985 411 987 414 '

116 498 190 549 rmprr.

148 556 304 620 (Connnnsro.
315 584 346 594 -
358 554 413 607 Cium
425 555 485 605 inter
494 555 537 606 ntia
551 570 601 620 quer
617 556 743 607 admotum
759 553 924 617 requiruntur,

115 628 230 691 pertineat
237 628 391 693 ipsiusmotrrs
402 625 643 691 consummationem
652 629 799 691 peccavarunt
808 625 925 674 remissio

116 712 166 761 que
182 712 206 749 se
227 700 294 749 habet
310 699 334 749 'm
350 698 513 763 justificatione
532 703 639 763 tanquum
661 698 714 762 ejus
735 696 926 759 nonsummum,

117 770 145 821 iis
156 775 316 823 annumeratur
329 782 380 833 que
393 771 419 821 ad
434 769 498 834 impii
510 770 697 832 justiiuntienem
706 769 854 834 pertinent.)

148 843 283 908 Respondes
296 841 429 903 dicendum,
446 842 507 905 quod
522 845 620 905 quotuor
634 842 807 901 enumerantur,
817 852 871 903 qum
886 852 928 890 re-

117 912 235 977 quiruntur
252 914 281 965 ati
295 912 483 977 justificationem
501 913 578 977 inpii,
599 913 700 976 scilieet,
718 912 797 975 gratie
813 910 927 974 infusio,

118 988 193 1037 motus
207 983 272 1035 lineri
283 983 370 1035 arbitrii
379 983 404 1033 in
414 986 486 1035 iteum
494 998 536 1049 per
546 985 623 1048 iidem,
632 988 657 1035 et
666 988 742 1034 motus
752 982 818 1032 tiberi
830 980 930 1031 arbitrii

117 1056 142 1107 in
155 1061 289 1121 peecatum,
303 1062 325 1107 et
343 1056 447 1109 remissio
460 1056 534 1119 enine
551 1058 637 1119 :eujus
655 1056 713 1107 ratio
727 1058 777 1115 est,
792 1052 847 1117 orris
863 1053 929 1103 sieurt

121 1127 203 1177 dietum
214 1132 248 1178 est
259 1130 319 1193 (ert.
332 1129 372 1193 i),
384 1145 398 1175 rr
409 1128 545 1178 testificatio
556 1128 692 1192 estquidam
703 1131 777 1176 motus
786 1138 833 1188 qno
843 1125 928 1176 eninm

118 1203 221 1250 movetur
237 1202 250 1249 i
263 1200 308 1250 iteo
319 1202 333 1252 i
346 1204 407 1252 stetu
420 1200 492 1262 eutuae
508 1200 531 1248 iu
542 1203 626 1249 statum
634 1198 740 1262 justitie.
752 1212 766 1243 u
776 1198 802 1245 in
817 1196 929 1259 quotibet

119 1273 192 1321 nutem
209 1274 271 1321 motu
284 1284 329 1335 qno
343 1272 428 1335 aliquit
439 1272 468 1320 ab
480 1270 552 1321 nitere
566 1274 678 1333 moretur,
692 1269 737 1319 tris
749 1268 902 1331 requimntnr
921 1288 927 1318 ε

118 1341 196 1392 Primo
214 1341 320 1406 qrrttem,
333 1342 402 1393 motio
416 1342 488 1406 ipsius
501 1342 627 1406 morentis3
638 1339 761 1402 seeunrlr'r,
776 1343 854 1389 motus
869 1354 929 1391 mo-

118 1410 183 1477 bilis3
200 1414 278 1475 tertio,
295 1414 459 1465 consummatio
483 1416 573 1477 motus,
588 1414 636 1463 sire
655 1412 774 1476 persentio
793 1411 822 1460 nd
840 1410 927 1464 irnenr.

118 1484 152 1533 Ex
171 1488 234 1546 parte
248 1485 317 1549 igitur
335 1486 442 1537 motionis
456 1485 538 1535 divine
558 1484 668 1547 arripitur
682 1482 758 1547 gretie
777 1481 879 1541 infusius
894 1498 929 1535 ex

118 1558 182 1618 perte
196 1555 251 1606 reri)
263 1557 329 1608 tiberi
342 1557 431 1609 arbitrii
444 1558 513 1616 moti,
528 1556 669 1619 reeipiuutur
684 1557 729 1606 rirro
743 1559 818 1605 motus
833 1553 926 1623 ipsine,

119 1627 244 1683 seeundum
258 1640 373 1679 recessum
386 1626 507 1681 intermino
523 1629 541 1677 ὰ
554 1642 616 1691 quo,
628 1631 652 1676 et
665 1639 781 1677 necessum
799 1627 827 1678 nri
840 1629 930 1678 termi-

119 1710 174 1747 num
190 1698 225 1747 od
239 1714 328 1764 quem3
346 1699 514 1751 consummatio
535 1704 611 1748 antem
628 1698 679 1749 sire
695 1697 814 1762 persentio
831 1699 861 1749 ed
878 1702 930 1749 ter-

119 1767 206 1819 minum
226 1772 294 1834 hujus
313 1774 402 1835 motus,
417 1770 549 1835 importatur
566 1782 607 1833 per
623 1768 779 1820 remissionem
795 1769 883 1833 empae3
901 1772 930 1823 in

120 1840 163 1889 troo
178 1842 237 1890 enirn
249 1842 380 1904 justificatio
399 1843 575 1892 eonsummntur.

151 1913 185 1961 Ad
198 1913 296 1975 primum
312 1926 365 1975 ergo
383 1913 517 1975 direntium,
529 1911 590 1976 qnod
609 1913 741 1975 justificatio
754 1912 820 1977 impii
836 1914 931 1967 dieitur

121 1996 171 2033 esse
191 1983 238 2047 ipso
255 1984 357 2034 remissio
371 1988 516 2047 peecatorum
531 1981 657 2035 seeundnm
676 1986 734 2049 qnod
751 1984 827 2038 omnis
844 1991 931 2039 mutus

122 2054 202 2119 recipit
218 2055 318 2119 speciem
333 2054 347 2105 t
360 2056 465 2121 termium
478 2060 501 2106 et
512 2059 589 2107 tumen
600 2058 626 2107 art
637 2058 759 2108 terminum
771 2069 931 2121 consequen-

121 2126 174 2175 dum
189 2127 261 2177 motta
274 2127 318 2177 aiis
332 2129 487 2191 requiruntur,
496 2131 523 2177 nt
535 2142 564 2179 err
579 2129 716 2193 supradietis
724 2132 787 2193 petet
801 2131 859 2190 (art.
875 2136 901 2180 5.
919 2135 927 2195 )

152 2200 186 2248 Ari
207 2200 332 2249 seeundum
352 2200 484 2262 uiuendum,
499 2199 560 2263 quod
578 2200 657 2262 grette
672 2199 801 2251 iniuriosi
816 2202 931 2254 remissio

121 2268 192 2333 rnlpm
212 2270 332 2333 dupliciter
351 2271 488 2321 considerari
509 2275 611 2340 possunt.
631 2272 681 2322 Uno
696 2272 780 2334 modo,
795 2275 930 2325 seeundum

119 2341 191 2403 ipsam
208 2342 356 2391 surtrstentirm
370 2350 448 2405 urtus3
460 2346 483 2393 et
497 2344 531 2393 sie
544 2344 604 2393 idem
624 2346 692 2406 sunt,
703 2342 782 2394 eodem
793 2344 856 2393 euim
871 2351 932 2398 netu

119 2412 178 2461 lteus
192 2415 216 2462 ei
231 2413 326 2475 largitur
343 2414 450 2477 gratiam,
465 2418 489 2465 et
504 2414 599 2464 remittit
609 2414 708 2478 euripum.
721 2414 771 2465 iiio
786 2416 856 2465 modo
870 2431 932 2481 pos-

118 2488 170 2533 sunt
188 2484 327 2538 considerari
346 2498 372 2537 ex
385 2491 447 2551 porte
464 2487 619 2551 obiectorum,
632 2491 655 2537 et
672 2487 705 2537 sie
722 2486 830 2537 differunt
841 2502 932 2543 seeun-

120 2554 173 2604 tinm
186 2556 338 2608 differentiam
349 2557 420 2621 erripre
431 2572 480 2621 qum
491 2559 576 2609 tollitur
582 2596 591 2623 ,
600 2562 625 2608 et
633 2558 711 2621 gretie
720 2573 771 2622 qne
784 2559 930 2615 infunditur.

117 2625 182 2680 Siout
199 2628 269 2681 etiem
284 2628 308 2679 iu
323 2630 390 2680 rebus
404 2630 543 2684 naturatibus
557 2631 672 2694 generatio
686 2635 709 2681 et
721 2631 839 2695 uormptio.
856 2633 930 2687 diiie-

119 2703 170 2749 runt
180 2738 187 2761 ‚
199 2702 302 2765 quamuis
315 2700 431 2764 generatio
443 2702 512 2753 nnius
522 2702 552 2753 sit
565 2702 680 2767 corruptio
696 2702 797 2755 atterius.

149 2773 182 2821 to
197 2774 288 2823 tertium
304 2774 439 2837 diremtum,
450 2772 510 2835 orriri
530 2773 574 2824 istn
594 2788 640 2825 non
653 2779 689 2825 mt
702 2776 878 2841 ¹connumeratio
889 2794 932 2831 se-

120 2844 217 2895 eundum
234 2846 368 2914 divisionem
389 2844 477 2909 generis
494 2846 519 2895 in
534 2847 635 2911 speeies,
651 2848 676 2897 in
695 2853 744 2911 qun
756 2851 846 2912 oportet
863 2856 932 2915 quod

120 2922 279 2971 connumerem
290 2918 335 2983 siet
345 2917 425 2982 simum
435 2916 474 2968 sed
486 2919 612 2972 secuntum
622 2919 772 2973 differentiam
782 2932 864 2974 eorum
873 2936 933 2988 qnae
