1992 3317
139 143 186 190 '1⁰2
249 148 496 200 SECUNDA‘BEGURM,
512 145 604 194 QUAEST.
622 147 697 198 xtvtt,
713 147 769 188 ΛΒΤ.
786 149 829 188 XV.

120 275 124 280 .
138 246 154 277 a
163 228 237 279 vietus
249 225 407 278 intellectualis
418 228 446 276 ut
458 225 581 290 plurimam
601 239 630 276 ex
648 224 751 276 doctriua
769 225 843 277 habet
857 227 881 277 et
901 239 936 290 ge·

137 299 278 350 serationem
295 301 319 348 et
335 300 497 359 augmentum:
513 296 565 348 ideo
575 297 732 362 experimento
743 295 834 360 indiget
845 300 871 347 et
880 299 936 347 tem

136 383 201 437 pore.
211 387 225 417 u
234 370 279 420 Sed
290 368 408 432 prudentia
418 372 454 419 est
465 369 536 418 virtus
543 368 712 431 intellectualis,
721 373 747 418 nt
756 368 827 432 supr'a
838 368 937 419 habitum

138 447 175 494 est
188 443 247 508 (art.
259 440 298 502 t).
311 441 370 504 lingo
383 440 505 504 prudentia
514 453 561 492 uon
576 440 637 492 inest
648 439 712 491 nobis
723 439 737 490 a
747 443 845 503 natura,
862 441 902 492 sed
911 454 937 491 er

138 512 239 565 metam
254 515 278 562 et
291 511 457 576 experimento.

172 583 330 648 (Concussae.
341 610 373 621 -
386 583 525 646 Prudentia,
540 583 592 636 eim
604 597 650 638 nou
664 583 722 635 eirea
735 581 811 646 dues,
831 585 874 636 sed
885 583 938 634 eirea

138 667 166 707 ea
174 668 225 720 que
233 658 287 706 suut
301 656 329 706 ad
338 655 416 719 duem,
430 659 542 719 versetur,
555 669 602 708 ueu
615 655 628 707 i
639 658 718 706 natura
731 653 799 706 uobis
813 654 896 718 inest.)

169 727 305 792 Respondeo
319 727 515 791 dicendumqudd
529 726 588 777 sieut
597 740 625 778 er
639 727 764 792 premissis
773 729 840 792 patet
855 729 939 792 (arta

138 802 162 852 et
176 799 223 863 t),
240 798 360 864 prudentia
374 799 469 850 iueludit
482 799 635 864 coguitionem
648 803 672 850 et
678 799 845 850 universalium
861 803 885 851 et
894 799 939 850 sin·

119 872 249 937 ,guterium
267 871 429 935 operabilinm,
443 871 472 920 ad
490 885 541 935 qua
559 871 658 936 prudeus
672 870 811 922 universalia
828 871 939 938 principia

139 942 247 1008 applicat.
263 944 378 1002 Quantum
394 956 447 1007 ergo
466 943 494 994 ad
512 943 664 993 universalem
680 943 851 1007 coguitionem,
862 945 939 996 eadem

139 1016 196 1066 ratio
204 1019 241 1066 est
249 1017 277 1066 de
286 1014 406 1080 prudentia
415 1018 438 1066 et
449 1016 477 1066 de
487 1013 582 1066 seientia
593 1015 748 1080 speculativa,
758 1015 814 1078 quia
822 1017 938 1080 utriusque

139 1087 211 1153 prima
226 1087 340 1151 principia
353 1086 490 1137 universalia
504 1089 557 1137 suut
569 1086 700 1138 naturaliter
711 1089 781 1150 uota,
798 1089 825 1138 ut
834 1101 866 1138 ex
875 1087 939 1151 supra

140 1159 206 1210 dictis
225 1161 302 1222 patet,
316 1158 361 1209 uisi
378 1157 439 1223 quod
458 1158 570 1224 principia
590 1159 720 1210 eommunia
737 1158 867 1223 prudentie
889 1163 939 1209 snut

139 1229 211 1292 magis
231 1229 385 1280 connaturalia
397 1229 502 1290 homiui;
517 1235 542 1280 ut
556 1229 616 1280 euim
635 1229 788 1294 Philosophus
808 1229 866 1281 dieii
884 1229 938 1280 iuli

139 1301 233 1358 Eiteia,
253 1301 328 1351 avita
342 1315 393 1365 que
409 1305 445 1352 est
466 1301 591 1352 seeundim
608 1301 786 1366 speculationem
808 1305 843 1353 est
863 1303 939 1354 melior

139 1371 206 1437 quim
216 1387 266 1437 quae
277 1373 399 1424 secuudum
410 1371 535 1424 hominem.
547 1389 561 1421 a
573 1373 616 1424 Sed
626 1372 665 1422 illa
674 1371 787 1438 priueipia
797 1373 935 1424 universalia

140 1443 265 1508 posteriore
272 1481 281 1507 ‚
293 1444 342 1495 sive
360 1443 407 1494 siut
419 1442 513 1494 rationis
524 1443 686 1509 speculative,
700 1443 749 1496 sire
763 1444 885 1509 practicae,
895 1458 937 1495 uon

139 1515 249 1567 debentur
262 1529 303 1580 per
316 1518 433 1576 naturam,
448 1515 488 1566 sed
505 1529 547 1580 per
561 1515 716 1566 inventionem
737 1515 865 1566 seeundum
881 1515 938 1565 viam

139 1587 303 1652 experimenti,
317 1588 355 1638 vel
367 1600 409 1652 per
419 1587 571 1652 disciplinam.
587 1587 700 1646 mantum
712 1589 789 1638 autem
801 1587 831 1637 ad
839 1586 938 1650 partien-

139 1659 210 1710 larem
230 1659 381 1723 coguitionem
400 1671 479 1710 eorum
495 1658 556 1709 eirea
579 1671 630 1722 que
652 1657 754 1722 operatio
768 1657 886 1720 consistit,
906 1659 939 1708 est

138 1731 221 1783 iterum
236 1730 433 1795 distinguendum,
448 1729 502 1795 quia
515 1729 617 1794 operatio
635 1728 738 1780 consistit
756 1729 817 1780 eirea
834 1728 932 1793 aliquid,

140 1804 179 1853 vel
200 1802 258 1853 sieut
272 1802 329 1852 emsa
344 1802 426 1864 tinem,
441 1802 479 1852 vel
496 1801 555 1852 sieut
569 1801 627 1851 eirea
639 1811 665 1851 ee
681 1813 731 1864 quae
747 1803 802 1852 sunt
818 1801 846 1852 ad
858 1801 934 1852 duem.

141 1875 211 1926 Fines
224 1877 299 1924 autem
312 1874 368 1924 teeti
379 1874 483 1923 humane
497 1871 613 1923 vitasunt
625 1871 782 1936 determinati;
799 1875 824 1922 et
835 1871 889 1922 ideo
901 1885 939 1936 po

141 1949 187 1996 test
195 1959 246 1996 esse
257 1945 364 1995 naturalis
373 1943 488 1995 inclinatio
497 1948 604 2007 respectu
614 1945 696 1994 horum
706 1943 795 2006 finium,
803 1942 863 1994 aiem
873 1941 938 2008 supr'a

141 2017 226 2067 dietum
245 2019 280 2066 est
299 2018 343 2079 (1,
356 2021 385 2077 2,
399 2030 438 2080 qu.
450 2021 492 2078 ott,
509 2017 553 2065 art.
566 2015 611 2078 tl,
626 2013 687 2078 quid
706 2014 798 2078 quidam
812 2015 902 2066 habent
914 2027 938 2064 er

141 2088 239 2138 naturali
255 2087 403 2152 dispositione
417 2088 525 2152 qumrlam
536 2087 646 2148 virtutes,
659 2086 741 2151 qubus
759 2087 902 2138 inclinantur
913 2086 938 2136 ad

140 2162 217 2210 rectos
225 2158 295 2218 dues,
303 2163 327 2209 et
335 2173 377 2222 per
385 2171 528 2222 consequeus
537 2159 606 2209 eliam
615 2159 702 2208 habeut
710 2159 847 2210 naturaliter
855 2161 936 2210 rentum

139 2229 249 2295 judicium
264 2231 292 2280 de
310 2230 441 2295 hujusmodi
450 2230 542 2281 linibus.
555 2229 599 2280 Sed
613 2243 640 2279 ea
657 2243 708 2293 que
725 2231 818 2280 suntad
836 2228 937 2282 iiuemiu

141 2302 209 2352 relius
224 2300 328 2351 inmanis
341 2314 388 2352 non
400 2305 455 2352 suut
468 2301 632 2363 determinata,
643 2301 683 2352 sed
700 2301 859 2366 multiplieiter
869 2301 937 2352 diser·

143 2372 258 2423 sileantur
271 2373 394 2424 secundini
408 2373 564 2424 diversitatem
583 2383 731 2437 personarum
747 2375 771 2424 et
788 2373 936 2438 nummo.

142 2444 223 2508 Unde,
237 2443 290 2508 quia
304 2443 422 2496 ineliuatio
438 2448 525 2494 nature
546 2457 635 2508 semper
647 2447 682 2494 est
695 2444 724 2494 ad
738 2443 826 2508 aliquid
837 2441 937 2496 deterui-

142 2518 229 2581 uatum,
240 2516 292 2568 talis
299 2515 399 2581 cognitio
412 2529 458 2568 nou
468 2518 544 2581 potest
555 2514 728 2566 homini-inesse
742 2513 937 2579 naturaliter,liedt

142 2600 172 2638 er
188 2587 285 2638 naturali
298 2586 447 2650 dispositione
462 2599 521 2637 uuus
539 2585 570 2638 sit
584 2586 656 2652 aptior
674 2586 702 2636 ad
718 2585 850 2650 hujusmodi
862 2587 937 2638 disner-

142 2660 218 2710 ueuda
230 2658 298 2724 quim
313 2658 386 2722 alius,
398 2659 457 2709 sieut
468 2659 537 2709 etiam
549 2657 631 2708 aeeidit
645 2658 704 2708 eirca
717 2659 881 2712 eonelusioues
891 2671 937 2724 spe

143 2813 227 2858 dentiae
241 2815 320 2868 partes
328 2811 521 2870 assignabuntur,
531 2817 555 2858 et
568 2813 680 2859 voeabula
694 2811 734 2860 illa
745 2815 844 2879 synesis,
860 2826 937 2876 gnome

145 2871 400 2930 vetdmiaprseaiot
410 2871 542 2935 referenda,
557 2875 741 2936 explicabuntur.
