1992 3317
128 168 158 216 tt
261 174 336 215 rarum
353 173 482 223 andnuman,
499 172 594 218 oum.
611 172 668 222 um,
684 172 739 211 aar.
758 173 791 213 rr.

127 254 180 321 qnia
192 269 206 301 ι
219 250 341 305 inrisllrilia
355 250 400 301 Dei
410 263 453 315 par
463 262 490 302 ea
501 263 553 315 pne
563 250 624 300 tante
635 252 699 313 sunt,
709 250 825 301 intellecta
835 254 947 321 censpi-

127 328 226 377 cinntur.
247 323 419 375 »Confirmatio
434 326 525 384 antem,
542 322 568 373 in
580 322 619 372 his
631 334 682 385 qna
694 320 822 372 subduntur
835 324 947 387 undoni,

128 402 163 449 est
175 410 216 462 per
231 398 373 461 argumenta.
384 396 410 445 ln
420 395 457 445 his
467 396 544 445 autem
561 405 612 457 qne
622 398 676 444 nint
692 404 760 457 snpra
770 392 890 446 rationem
908 398 949 449 di-

127 470 212 521 uinitus
221 468 329 531 revelata,
340 466 480 518 oonllrmatio
491 468 527 517 est
535 478 577 531 per
586 477 613 517 ea
625 479 676 531 quar
691 469 744 517 sunt
755 465 842 517 divine
852 467 948 521 virtuti

126 538 225 607 propria,
239 543 263 590 et
274 541 316 591 noo
329 539 455 603 dupliciter.
466 538 519 589 tlno
530 538 622 601 quidem
632 538 716 600 modo,
731 540 757 587 nt
770 537 851 588 doetor
862 553 946 595 sucrae

128 612 233 664 doetrinae
243 612 312 661 iaoiat
322 622 371 673 que
381 610 442 661 solus
454 611 518 660 Dens
533 610 608 659 iaoere
617 611 694 674 potest
702 608 728 659 in
739 608 849 673 operibus
862 612 944 665 mira-

127 683 225 747 oulosis3
239 682 287 733 siue
304 681 348 733 sint
364 683 392 732 ad
411 678 507 731 salntem
524 692 662 745 corporum,
675 683 699 730 et
713 683 822 743 quarum
838 682 870 731 ad
889 685 945 736 troo

127 755 218 819 ponitur
231 755 319 821 qratia
334 753 490 815 uuaa'tnteor;
506 752 556 803 sire
570 751 702 804 ordinentur
717 752 745 801 ad
758 751 829 801 solam
843 753 942 808 dirinae

127 828 245 890 potestatis
261 824 484 887 manifestationem,
496 824 557 873 siout
570 823 631 887 qnod
647 822 681 873 sol
699 825 744 873 stet
758 826 799 872 ant
810 824 945 879 tenebres-

126 896 243 963 estquod
255 908 318 947 mane
331 894 453 957 dividatur,
463 898 487 945 at
498 898 608 958 quantum
617 894 647 944 ad
656 895 702 944 troo
711 893 803 958 ponitur
815 900 943 958 operatio

128 970 262 1019 virtatem.
278 968 396 1030 seorrndo‚
412 971 438 1017 ut
450 966 523 1031 possit
534 967 678 1017 manifestare
691 978 719 1018 ea
731 978 783 1029 qnae
799 966 873 1017 solius
889 971 940 1021 lnei

128 1045 163 1092 est
186 1041 257 1105 seire,
275 1044 299 1091 et
314 1040 363 1091 irae
377 1043 430 1089 sunt
445 1037 602 1100 contingentia
614 1036 690 1087 lutura
708 1052 716 1085 ι
733 1039 757 1086 el
769 1040 884 1099 qnantum
909 1045 944 1093 ad

128 1115 170 1168 noo
191 1112 282 1178 ponitur
299 1111 451 1179 prophetia,-
472 1113 495 1160 et
513 1109 545 1159 ita
565 1109 634 1160 etiam
654 1108 742 1159 ooonlta
761 1107 867 1159 cordium
885 1125 892 1160 τ
911 1119 940 1164 et

127 1188 234 1251 qnantum
248 1185 328 1236 adime
339 1182 433 1247 ponitur
443 1175 726 1245 diseretioepiritunm.
736 1179 940 1236 unanimantem

126 1256 287 1320 pronuntiandi
308 1258 384 1318 potest
403 1252 489 1303 attendi
506 1253 544 1316 rel
563 1255 673 1316 mantum
695 1253 723 1302 ad
736 1252 820 1302 idioma
837 1249 863 1301 in
884 1265 939 1320 quo

129 1326 211 1390 aliquis
222 1326 295 1391 possit
307 1325 416 1390 intelligi,
425 1328 448 1375 et
461 1325 584 1376 seeundum
595 1326 639 1375 hoo
646 1326 763 1388 ponuntur
772 1337 866 1388 perrara
880 1324 937 1377 lin-

126 1412 252 1463 paararrm
273 1398 310 1447 vel
327 1400 435 1461 qnantum
452 1396 480 1447 ad
500 1399 593 1447 sensnm
613 1403 691 1447 eorum
708 1408 759 1459 qum
779 1397 832 1446 sunt
851 1398 938 1461 prote-

126 1470 208 1533 renda,
222 1472 245 1521 et
260 1471 368 1533 quantum
383 1469 412 1519 ad
423 1469 466 1519 troo
479 1468 572 1533 ponitur
582 1468 760 1531 interpretatio
770 1480 934 1521 oermooaaa.

157 1542 190 1592 dd
200 1540 297 1606 primurn
309 1553 363 1605 ergo
373 1540 502 1603 dicendum,
512 1540 582 1604 quod,
594 1539 653 1589 sient
662 1537 729 1603 suprd
741 1537 826 1588 dietum
837 1540 891 1607 tent.
902 1543 931 1603 1)

126 1616 177 1675 est,
197 1624 244 1663 non
258 1612 336 1663 omnia
354 1610 464 1663 beneficia
477 1624 529 1673 qum
548 1610 615 1662 nobis
633 1609 744 1661 divinitus
760 1610 932 1674 menedemus,

126 1684 220 1749 qratia
236 1684 321 1749 pratis
338 1683 407 1733 datm
421 1683 537 1746 dicuntum
554 1683 594 1733 sed
609 1682 682 1731 solnm
694 1680 733 1731 illa
746 1694 797 1745 qum
813 1682 934 1735 exoeduut

126 1756 256 1807 laenitatem
275 1759 376 1821 nature,
395 1755 453 1807 siout
466 1754 527 1817 qnod
544 1754 643 1818 piscator
656 1753 755 1805 arundel
774 1765 880 1805 memore
891 1768 934 1806 sa·

127 1827 218 1890 pientiae
232 1832 255 1878 et
265 1828 375 1891 scientie,
388 1831 411 1879 et
422 1826 473 1877 aliis
486 1824 625 1889 hujusmodi.
643 1826 673 1875 lit
685 1824 739 1874 talia
755 1828 872 1889 monetur
891 1827 934 1879 trie

126 1899 168 1949 suit
180 1898 252 1963 gratia
265 1900 349 1964 pratis
363 1900 434 1949 cloto.

157 1970 191 2021 ud
205 1972 326 2021 seeundum
340 1970 468 2033 dicendum,
483 1971 543 2033 qnod
553 1970 669 2034 fideonon
678 1972 808 2021 numeratur
817 1970 930 2024 triointer

127 2042 209 2105 gratias
224 2040 292 2105 gratis
305 2042 369 2092 datas
381 2080 386 2102 ‚
397 2042 522 2091 secundnm
536 2043 596 2107 qnod
610 2045 646 2093 est
659 2042 760 2106 quedam
773 2042 848 2093 virtus
859 2043 932 2108 justi-

126 2116 195 2165 tioans
213 2112 327 2165 hominem
338 2112 362 2163 in
376 2126 400 2164 se
410 2112 475 2177 ipso3
492 2114 532 2165 sed
548 2114 671 2165 mennatum
684 2116 729 2165 troo
741 2115 802 2179 qnod
820 2114 933 2181 importat

126 2186 245 2250 quamdam
261 2183 467 2247 snpereminentem
478 2185 638 2235 certitudinem
648 2186 710 2247 tidei,
718 2199 748 2236 ex
757 2199 802 2251 qua
814 2187 931 2239 lnomosit

127 2257 223 2309 idoneus
238 2258 265 2307 ad
281 2256 438 2307 instruendum
452 2256 549 2308 aliosde
562 2257 600 2307 his
613 2271 664 2320 qne
677 2259 706 2307 ad
719 2257 786 2308 tidem
800 2258 928 2323 pertnent.

126 2332 183 2394 Spes
205 2334 279 2380 autern
298 2333 321 2379 et
337 2327 435 2379 diarias
448 2328 564 2393 pertinent
575 2330 603 2381 ad
616 2330 665 2379 rim
681 2330 831 2394 appetitivam
844 2342 931 2384 senam·

126 2404 179 2453 dnrn
193 2402 252 2465 qnod
268 2413 371 2464 peream
389 2401 457 2451 homo
470 2396 494 2450 in
509 2401 580 2450 Deum
596 2401 723 2451 ordinatur.

157 2476 190 2525 nd
207 2473 299 2525 tertium
314 2472 431 2523 dioondnm
440 2510 447 2533 ,
457 2472 517 2536 qnod
531 2472 604 2536 gratia
616 2473 740 2524 sanitatum
756 2473 928 2539 distinguitnrd

126 2544 225 2611 generali
241 2544 372 2610 operatione
388 2544 510 2608 virtutum,
528 2543 580 2609 qnia
594 2542 663 2595 habet
676 2546 796 2611 meomlem
814 2548 930 2603 rationem

125 2616 247 2667 inducendi
266 2617 293 2667 ad
305 2616 385 2680 iidem,
396 2616 426 2665 ad
439 2628 507 2680 qnam
520 2615 602 2679 adqnls
613 2616 685 2682 magis
694 2620 812 2681 promptus
824 2621 930 2674 redditur

125 2704 165 2755 per
185 2688 320 2739 beneioinnr
339 2687 461 2753 corporalis
481 2687 585 2738 sanitatis
604 2700 673 2753 qnam
688 2701 731 2754 per
750 2689 803 2741 ddei
815 2691 929 2748 virtutem

126 2760 259 2827 assequitur.
273 2760 381 2811 Similiter
390 2760 459 2812 etiarn
469 2774 483 2807 a
491 2760 554 2825 tonui
562 2760 632 2811 variis
640 2760 765 2825 linguiset
776 2761 929 2829 interpretari

126 2842 258 2896 sermones,
275 2848 289 2880 ιι
306 2830 390 2884 halent
409 2830 644 2897 specialesqnasdrm
657 2832 759 2883 redonas
773 2838 882 2890 monendi
896 2842 928 2895 ud

126 2906 192 2959 tidem
208 2920 213 2956 :
231 2908 254 2958 et
266 2903 317 2959 ideo
329 2906 444 2970 poninitur
456 2904 568 2969 spadana
577 2904 655 2969 rude
670 2904 740 2970 pratu
753 2905 822 2959 dato.
