1992 3317
255 185 286 221 on
301 183 373 223 mrrrs
389 183 510 222 oooosmrs
527 184 676 222 enunnumm.
701 192 713 204 ·
821 177 865 224 765

113 265 132 310 a.
146 261 263 320 Praeterea,
274 260 375 311 maximo
387 260 446 311 bono
460 260 580 326 opponitur
593 261 715 326 marimum
727 262 825 326 malum,
840 267 866 314 ut

83 336 138 397 patet
151 333 174 382 in
186 333 235 381 lllll
248 333 331 380 litote.
348 332 402 395 (ulti
413 331 505 396 snpr'a).
517 334 560 382 Sed
573 333 692 397 prudentia
704 333 777 384 carnis
787 348 863 398 oppo-

80 404 136 454 nitur
146 402 266 468 pmdentim
279 415 330 465 que
342 407 377 452 est
387 403 501 466 praecipua
512 403 571 453 iuter
583 404 679 456 uirtutes
690 406 794 456 morales.
806 407 863 469 Ergo

80 474 187 540 pmdeutiu
203 473 276 523 earnis
293 477 327 523 est
342 475 455 538 precipua
475 475 537 525 inter
554 480 646 539 peccata
667 476 783 538 mortalia3
797 480 821 526 et
834 477 866 527 ita

80 549 113 597 est
124 548 236 610 peceatum
250 547 353 596 mortale.

107 616 149 665 Sed
161 620 249 665 eontra:
261 615 316 666 illud
333 615 394 680 qoud
414 617 520 666 diminuit
538 622 670 682 peceatum,
689 631 734 668 non
759 617 866 683 importat

78 689 105 739 de
118 687 261 738 serationem
274 688 362 750 peccati
383 687 490 737 mortalis.
508 689 552 738 Sed
566 687 632 738 mute
646 689 752 752 prosequi
769 703 797 739 ea
816 703 866 752 qum

76 760 185 823 pertinent
201 759 228 808 ad
238 771 314 808 eurum
324 758 397 808 caruis
411 759 486 821 (quod
496 757 586 808 uidetur
597 759 623 808 ad
638 758 780 822 prudentiam
790 760 865 810 caruis

75 828 199 894 pertinere)
217 829 321 878 diminuit
337 833 462 893 peccatum.
478 830 537 891 ltrgo
554 829 672 893 prudentia
692 830 766 880 camis
784 831 811 880 de
831 830 867 881 sui

75 903 157 953 ratione
169 914 214 952 non
227 902 333 965 importat
345 905 464 965 peceatum
478 902 581 952 mortale.

107 973 257 1037 (Concessio.
272 997 303 1009 -
320 973 443 1022 Prudentia
460 973 536 1022 earnis
559 975 613 1022 tunc
634 973 728 1023 mortale
747 978 863 1037 peccatum

75 1048 120 1108 est,
128 1045 215 1108 quaudo
227 1044 251 1093 in
262 1044 387 1093 carualilms
400 1042 494 1093 ultimus
506 1043 556 1092 duis
567 1043 697 1106 simpliciter
711 1045 865 1107 constituitur,
965 1103 966 1108 Ἰ

74 1116 160 1167 veniale
173 1115 239 1180 uerd,
256 1116 346 1178 mando
358 1125 404 1166 uon
418 1113 562 1164 constituitur
580 1115 631 1166 linis
648 1114 739 1166 ultimus
755 1115 866 1166 incarnis

74 1187 227 1239 delectatione.
240 1187 250 1251 )

103 1260 236 1322 Respondeo
248 1259 367 1308 dicendum
375 1297 381 1319 ,
389 1258 450 1322 quod
460 1259 518 1309 sicut
529 1257 598 1322 supra
609 1259 695 1308 dictum
706 1263 741 1310 est
752 1259 795 1324 (t),
806 1275 867 1324 pru-

73 1333 134 1382 dene
146 1330 226 1380 dicitnr
240 1329 323 1393 aliquis
336 1329 454 1392 dupliciter
466 1345 472 1379 :
485 1343 532 1379 nno
544 1331 609 1380 modo
622 1329 768 1395 simpliciter,
780 1331 867 1382 scilicet

73 1403 97 1454 iu
116 1401 194 1452 ordine
215 1401 244 1452 ad
263 1401 331 1452 tinem
349 1402 418 1451 totius
431 1401 497 1465 uitm3
513 1402 556 1452 alio
575 1403 641 1453 modo
655 1403 778 1453 secundum
795 1403 864 1466 quid,

71 1473 158 1525 scilieet
177 1473 202 1522 in
217 1471 296 1523 ordine
313 1473 341 1522 ad
357 1473 424 1521 tinem
442 1471 540 1534 aliquem
558 1473 727 1536 particularem,
744 1474 798 1536 put'a
808 1474 868 1524 sicut

71 1545 152 1596 dicitur
164 1543 246 1606 aliquis
259 1543 370 1606 prudens
381 1543 405 1591 in
416 1543 586 1606 negotiatione,
598 1543 636 1592 vel
650 1543 673 1591 in
692 1543 766 1606 aliquo
783 1545 866 1606 liujus·

70 1616 140 1666 modi.
153 1615 177 1664 Si
188 1627 241 1676 ergo
254 1614 371 1678 prudentia
381 1614 456 1662 earnis
468 1613 591 1676 accipiatur
603 1613 724 1662 secundum
742 1614 867 1664 absolutam

69 1685 195 1750 prudentiae
216 1686 341 1745 rationem,
354 1684 386 1733 ita
399 1683 487 1734 scilicet
504 1683 564 1746 quod
575 1683 601 1732 in
616 1696 670 1733 curu
689 1683 764 1733 carnis
781 1686 867 1735 consti·

69 1760 147 1807 tuatur
165 1755 260 1806 ultimus
278 1756 331 1805 linis
351 1755 420 1804 totius
440 1755 512 1814 uita,
528 1753 561 1804 sic
575 1757 610 1804 est
624 1757 741 1817 peccatum
758 1757 865 1819 mortale3

67 1829 124 1892 quia
137 1841 178 1890 per
193 1829 238 1877 hoc
250 1828 318 1876 homo
332 1825 439 1876 auertitur
449 1825 462 1876 t
472 1827 536 1888 lieo,
553 1826 606 1874 cium
623 1823 759 1888 impossibile
773 1826 804 1876 sit
819 1839 868 1878 esse

66 1900 146 1964 plures
164 1898 223 1948 fines
238 1898 345 1961 ultimos,
364 1902 390 1948 nt
411 1895 480 1961 sopri
498 1895 601 1946 habitum
618 1899 653 1946 est
669 1897 719 1958 (1,
734 1900 764 1958 i,
784 1911 823 1960 qu.
838 1901 866 1959 t,

67 1974 114 2020 art.
126 1970 164 2032 5).
175 1969 201 2018 Si
211 1968 265 2020 uerd
276 1967 396 2033 prudentia
408 1968 480 2018 caruis
489 1968 613 2032 accipiatur
622 1967 745 2018 secundum
757 1967 867 2019 rationem

63 2038 214 2107 particularis
227 2040 366 2103 prudentie,
384 2040 416 2090 sic
427 2038 546 2103 prudentia
557 2039 632 2090 caruis
649 2042 685 2090 eet
700 2041 820 2102 peceatum
829 2053 868 2091 va·

64 2113 139 2163 niale.
157 2111 275 2174 Contingit
290 2112 351 2162 enim
365 2111 499 2175 quandoque
510 2109 570 2174 quod
582 2110 662 2174 aliquis
674 2109 798 2161 inordinate
816 2111 867 2160 aiti-

64 2184 131 2234 eitnr
141 2182 171 2232 ad
185 2182 275 2245 aiquod
286 2182 419 2233 deteemntle
432 2181 508 2231 caruis
522 2181 607 2243 absque
624 2181 667 2230 hoc
680 2179 741 2242 qudo
754 2185 869 2231 avertatur

63 2255 79 2304 a
93 2256 144 2303 ileo
157 2265 199 2316 per
212 2255 332 2316 peccatum
343 2253 446 2316 mortale,
459 2253 520 2303 uude
532 2263 577 2302 non
588 2251 703 2302 constituit
716 2251 784 2300 tinem
800 2251 870 2301 totius

58 2325 120 2376 uitae
140 2325 166 2373 in
187 2323 335 2374 delectatione
347 2323 422 2373 carnis
432 2341 438 2374 :
449 2327 472 2374 et
485 2323 519 2373 sic
536 2323 640 2373 adhibere
654 2323 753 2373 studium
768 2323 796 2373 ad
809 2324 869 2372 hanc

58 2395 245 2448 delectationem
255 2395 449 2458 consequendam,
459 2400 495 2446 est
504 2399 621 2458 peccatum
633 2394 733 2458 veniale,
746 2394 806 2456 quod
817 2407 870 2457 per·
965 2399 966 2466 ζ

57 2469 125 2518 tinet
141 2467 172 2517 ad
187 2467 328 2530 prudentiam
340 2466 422 2516 earnis.
436 2466 460 2516 Si
474 2465 527 2516 uerit
542 2465 623 2528 aliquis
639 2469 692 2516 actu
705 2477 782 2514 curam
795 2464 870 2515 carnis
965 2481 966 2510 ι

56 2540 151 2589 referat
170 2539 196 2587 iu
216 2539 283 2588 linem
301 2539 435 2601 honestum,
450 2537 505 2600 puta
522 2535 573 2587 cim
591 2536 672 2600 aliquis
690 2537 765 2586 studet
783 2549 870 2587 comes·

55 2611 123 2661 tioni
142 2613 239 2674 propter
255 2609 354 2672 corporis
372 2608 572 2670 sustentationem,
588 2621 633 2659 nou
648 2612 741 2660 uocatur
757 2607 870 2673 pruden-

52 2767 176 2873 im'mz‘ca
189 2766 223 2872 get
238 2764 287 2810 ilco
293 2779 302 2818 ,·
316 2764 365 2822 leot
376 2764 441 2809 emim
454 2763 501 2808 Dei
513 2775 563 2809 mom
573 2767 605 2810 cet
616 2763 722 2824 subjecto
730 2795 740 2814 ,
751 2776 794 2810 mcc
805 2763 870 2808 cotim

50 2833 131 2962 poffi
146 2840 266 2947 ilionfirum
279 2912 320 2958 qu.
332 2897 372 2960 ll,
387 2904 431 2945 art.
444 2897 484 2961 13,
498 2899 523 2946 iu
532 2909 598 2956 oorp¹
