1992 3317
117 81 162 137 tro
222 93 331 140 suemmn
346 91 474 148 secutos,
491 86 764 147 eunomiumne.
781 90 810 134 m.

147 178 181 227 lld
192 176 289 240 primum
303 188 357 240 ergo
367 173 502 238 dicendum,
514 173 576 239 qudd
586 173 666 233 Glossa
675 173 715 224 illa
724 173 826 238 lomritur
838 171 868 223 de
882 183 929 222 se-

116 249 189 298 cunda
199 247 352 310 comotione,
363 261 413 312 quse
422 250 457 298 est
466 251 530 296 actus
537 244 642 310 justitia.
653 245 696 296 Vel
704 244 840 309 siloquatnr
848 244 927 296 ιιιιιιιι

116 319 144 370 de
156 318 238 382 prima,
250 323 305 370 tune
315 318 404 383 justitia
417 317 450 368 ibi
460 317 558 368 sumitur
567 314 691 368 seeundum
703 314 766 380 qudd
779 319 818 367 est
827 315 930 366 uuiver-

116 389 169 440 salis
178 390 262 453 virtus,
271 394 298 440 ut
312 390 370 441 iniri
380 391 466 441 dicetur
476 390 526 454 (1),
538 392 605 454 prout
614 389 682 440 etiam
693 404 708 436 o
718 401 786 439 omne
800 391 930 452 peceatum

116 464 151 512 est
168 461 314 524 iniquius.»
330 467 357 514 ιιι
367 461 448 514 dieitur
462 464 472 513 l
484 468 569 520 douo..
583 461 627 524 ΙΙΙ,
641 459 707 525 quasi
718 464 798 510 contra
807 459 930 524 justitiam

116 533 230 583 existens.

148 604 182 655 ld
190 607 315 658 secuudum
329 605 458 670 dicendum,
470 605 534 670 qnod
545 606 604 656 siunt
614 604 766 668 Philosophus
780 603 838 654 dicit
850 603 875 653 in
892 604 928 655 IX

117 675 213 738 lltlu'c„
222 695 236 725 o
244 679 361 742 prudentia
369 677 425 729 lacit
432 677 589 728 rectitudinem
596 676 622 727 in
630 676 667 728 tris
674 689 726 740 que
736 679 792 726 sunt
799 677 829 727 ad
841 675 927 740 tinem,

117 748 145 798 de
159 749 241 813 quihus
253 752 289 801 est
301 749 420 801 consilium
431 754 454 800 et
465 749 556 800 electio.
575 765 589 798 ι
602 749 688 800 Tamen
700 746 752 797 edm
763 759 806 811 per
820 749 928 812 pruden-

117 819 172 870 tiam
191 821 273 885 aliquid
287 821 350 874 recte
364 821 451 886 agimus
467 823 494 872 ad
511 820 580 872 duem
595 820 692 884 alicujus
705 817 798 869 uirtutis
814 818 925 882 moralis,

117 890 173 954 pou
190 893 345 957 temperantia
361 893 399 944 nel
415 892 567 954 tortitudinis,
582 894 645 942 actus
657 890 697 940 ille
711 896 746 940 est
762 889 928 955 principaliter
992 954 994 965 Ι

117 961 179 1013 illius
199 963 289 1016 virtutis
303 967 331 1016 ad
348 965 414 1029 cujns
429 964 498 1015 finem
512 963 636 1015 ordinatur.
651 961 708 1021 Quia
721 975 775 1025 ergo
794 962 928 1013 admonitio
992 980 994 983 ·

118 1049 168 1099 que
183 1035 209 1086 fit
219 1035 244 1086 iu
261 1035 399 1088 correctione
410 1035 524 1099 fraterna,
538 1033 656 1086 ordinetm
665 1034 695 1084 ad
709 1034 864 1084 amovendum
875 1033 927 1084 ira·

116 1107 159 1157 tris
173 1112 305 1171 peccatum,
319 1107 378 1171 quod
389 1106 487 1170 pertinet
499 1108 528 1157 ad
544 1105 695 1165 charitatem,
713 1102 864 1154 manifestum
883 1109 926 1155 est

117 1176 176 1241 qudd
195 1178 246 1229 talis
262 1178 385 1228 admonitio
406 1177 561 1243 principaliter
579 1181 615 1229 est
631 1179 697 1227 ectus
719 1176 838 1226 charitatis
855 1176 926 1240 quasi

115 1246 264 1311 imperantis3
281 1247 405 1312 prudentiss
429 1247 482 1299 verd
504 1247 639 1301 secundario
656 1247 721 1312 quasi
737 1247 876 1312 exspuentis
899 1251 927 1299 et

116 1317 233 1381 dirigentis
253 1321 339 1370 actum.

147 1389 180 1439 ld
190 1389 281 1439 tertium
296 1388 424 1454 dicendum,
434 1390 494 1454 qudd
504 1391 616 1443 correctio
624 1391 724 1442 fraterna
735 1403 783 1440 nou
794 1389 924 1455 opponitur

115 1461 282 1524 supportatioui
300 1461 456 1524 intirmorum,
475 1465 516 1514 sed
534 1464 607 1528 magis
625 1476 654 1514 ex
673 1475 700 1514 ea
718 1463 881 1527 consepultum
895 1462 923 1513 iu
992 1484 994 1499 ·

115 1535 203 1582 mutum
222 1533 281 1584 euim
294 1533 375 1598 aliquis
388 1539 506 1600 supportat
520 1539 670 1600 peccantem,
680 1535 826 1598 inquantum
839 1538 924 1585 contra
992 1526 994 1535 '

116 1617 168 1655 eum
182 1618 229 1656 nou
245 1606 363 1667 turbatur,
379 1606 420 1656 sed
434 1605 616 1658 benevolentiam
631 1606 660 1656 ad
676 1618 729 1656 eum
742 1609 834 1669 servat3
850 1609 876 1656 et
892 1618 923 1656 ex

99 1675 161 1728 'hoc
172 1675 282 1742 contingit
295 1677 355 1744 qudd
369 1689 421 1728 cum
440 1675 523 1742 satagit
534 1677 662 1730 emendare.

410 1857 573 1908 iuuentus
587 1858 616 1908 ll.

252 1982 335 2028 Utrtem
345 1983 458 2028 eorrectio
465 1982 580 2037 fratem
589 1981 621 2028 att
630 1981 658 2026 ιἰι
664 1984 787 2039 precepto.

150 2103 183 2158 ld
201 2107 325 2158 secuudum
340 2105 372 2158 sie
384 2107 512 2171 proceditur
519 2107 564 2173 (a).
574 2107 667 2158 Videtur
675 2107 736 2172 qudd
747 2106 860 2158 correctio
874 2109 923 2159 lra-

118 2181 182 2228 terua
200 2191 245 2228 nou
262 2179 292 2228 sit
309 2179 334 2227 in
348 2181 468 2243 praecepto.
489 2178 552 2228 Nihil
573 2179 634 2230 enim
652 2179 713 2242 quod
729 2183 765 2228 est
780 2178 923 2242 impossibile

119 2250 179 2299 eadit
193 2251 364 2314 subpraeoepto,
379 2249 504 2301 secuuddm
517 2249 572 2302 illud
588 2249 721 2316 Hieronymi
736 2265 742 2300 z
760 2250 923 2302 «Maledictus
992 2312 994 2315 ¹

118 2321 157 2384 qui
167 2320 222 2370 dicit
234 2321 304 2372 ileum
319 2321 403 2385 aliquid
420 2320 560 2386 impossibile
571 2321 717 2386 precepisse.
730 2337 744 2369 ιι
755 2321 799 2372 Sed
813 2321 921 2377 diocles„

118 2391 174 2455 vll,
188 2391 284 2442 dicitur:
302 2391 448 2444 «Considera
458 2404 526 2458 opera
540 2393 595 2457 llei,
610 2393 671 2457 qudd
682 2406 749 2444 nemo
759 2392 833 2458 possit
846 2395 921 2443 corri-

118 2476 171 2526 gere
189 2477 256 2527 quem
269 2463 307 2515 ille
322 2464 459 2529 despexerit.
470 2481 484 2512 ιι
508 2464 567 2530 Ergo
580 2466 690 2519 eorrectio
706 2465 807 2517 tratema
820 2477 868 2516 uon
885 2475 923 2518 est
992 2480 994 2527 j

117 2534 142 2585 in
158 2539 281 2602 praecepto.

151 2679 186 2746 (1)
200 2683 311 2728 Nimirum
325 2695 365 2740 qu.
376 2679 416 2741 58,
432 2687 475 2727 art.
486 2679 510 2741 5,
521 2695 551 2728 er
559 2682 677 2740 professo.

152 2749 183 2814 (Ι)
198 2754 277 2799 Deliis
293 2754 363 2800 etism
374 2755 421 2812 Ν,
433 2753 512 2804 Sunt..
526 2754 579 2800 dist.
592 2753 637 2813 19,
647 2768 687 2812 qu.
699 2755 729 2817 Ι,
742 2760 788 2801 art.
799 2754 830 2816 2,
842 2767 920 2813 quma·

114 2816 189 2863 tiuue.
203 2815 229 2868 1;
244 2815 310 2862 etde
324 2817 413 2876 virtut,
427 2827 469 2874 qu.
482 2815 510 2875 3,
529 2821 575 2864 ιιι.
585 2816 610 2878 2,
624 2818 654 2863 ad
666 2815 705 2863 td.
