1992 3317
98 183 101 188 ¹
297 137 343 174 <ua
357 123 522 176 emesenum
536 135 673 178 mannua.
847 131 891 178 ott

90 216 148 266 dmm
165 225 196 264 ne
206 212 249 264 tihi
262 212 349 264 derisor
360 251 369 277 ‚
382 212 434 264 cim
450 213 563 277 anguini,
577 213 725 266 contumelias
739 215 839 279 inierat,
854 217 895 267 sed

90 285 171 351 pedm
190 284 351 350 prouidemum
370 299 399 336 no
415 289 504 336 tuone
516 287 544 336 ad
564 286 658 351 odium,
670 287 723 339 inde
735 288 775 338 dat
790 280 893 353 pejorsn

89 359 153 420 meo
167 357 302 408 osmundum
313 361 351 408 eat
362 357 377 408 i
389 356 533 409 correctorie
541 357 746 422 internumerato
756 359 850 410 timetur
864 373 894 412 ue

90 430 132 480 iiat
145 429 183 478 iiie
196 427 250 480 inde
270 427 376 480 deterior.

126 501 464 565 (monnesio-Quanquam
473 501 694 564 nonquamjostitiae
702 501 828 566 correptio,
840 517 891 566 qna

90 572 122 624 ad
134 570 240 635 praelatos
253 573 353 634 spectat,
374 571 507 622 dimittenda
527 572 559 622 sit
576 575 668 636 propter
680 571 832 624 turbationem
842 574 894 638 ejas

90 641 133 708 qui
149 641 282 705 corripitur,
295 641 407 706 correptio
417 646 496 695 tamea
507 642 626 694 omentis
635 643 751 706 interno,
763 645 893 708 uoiproos·

90 713 315 765 biiiterreotimainr
336 713 395 777 qnod
416 718 522 779 peccator
542 713 695 765 admonitione
719 714 851 780 contempte
869 716 894 766 iu

90 785 174 850 pejora
188 784 219 836 sit
229 785 347 850 lapsurus,
365 785 508 836 laudabiliter
519 786 658 847 omittitur.)

123 855 261 920 iiespoudco
270 856 388 907 dimdium
397 895 404 919 ,
414 857 473 921 qnod
483 856 545 908 sicut
556 857 690 919 dictumest,
702 857 786 922 duplex
796 865 832 910 cst
843 875 893 914 cor-

88 931 164 979 rectio
182 925 342 990 delinquentis.
359 931 408 979 Une
423 929 515 992 quidem
529 926 646 992 pertinens
659 929 687 977 ad
705 930 824 994 prolatos,
841 946 893 996 qne

88 997 211 1051 ordinatus
221 999 249 1048 sd
260 1001 343 1049 bonnm
354 1013 473 1052 commune
483 1006 508 1052 et
517 1001 587 1050 habet
597 999 644 1048 vim
658 1000 793 1050 coactivam.
804 1004 833 1052 iit
842 1003 895 1054 talis

89 1069 262 1121 correctiones
274 1074 310 1122 esi
322 1070 454 1124 dimittenda
463 1075 555 1138 propter
567 1071 718 1122 turbationem
727 1071 778 1136 ejus
790 1073 829 1136 qni
843 1079 895 1124 cor·

89 1141 247 1206 ripiturptnm
269 1143 322 1205 qnia
340 1143 360 1192 si
377 1143 467 1207 propria
483 1146 564 1207 sponte
584 1142 700 1194 emendari
717 1157 764 1194 nom
775 1143 845 1207 velit,
857 1157 895 1196 co·

88 1213 185 1278 gendos
198 1215 235 1262 eet
246 1225 289 1277 per
301 1227 380 1278 pmuas
392 1217 418 1264 nt
432 1226 526 1278 peecare
540 1214 648 1277 desistat;
660 1217 709 1264 inm
722 1214 791 1264 etiam
807 1214 861 1278 quia
875 1216 896 1266 si

87 1283 258 1346 incorrigibilis
276 1283 319 1348 ait,
335 1295 376 1348 per
396 1287 440 1337 hoc
460 1286 590 1350 providetur
608 1286 668 1337 hono
686 1285 816 1348 communi,
840 1288 894 1338 dom

88 1357 197 1408 serrator
208 1355 264 1406 ordo
275 1355 380 1419 iustitie,
392 1363 416 1406 ct
428 1357 496 1408 nnius
506 1357 609 1421 exemplo
620 1357 660 1407 aiii
671 1358 820 1409 deterrentur.
830 1359 895 1409 Unde

86 1427 164 1493 judex
182 1439 229 1477 non
246 1427 396 1490 pretermittit
418 1428 478 1478 terre
500 1428 637 1478 sententiam
658 1428 853 1479 condemnationis
868 1429 894 1480 in
989 1468 993 1479 .

88 1501 237 1564 mmmmm,
245 1503 339 1562 propter
348 1498 451 1550 timorem
463 1499 599 1550 tornationis
608 1499 697 1564 ipsius,
708 1501 747 1551 aei
759 1500 895 1551 ctiam-ami-

90 1582 175 1620 corum
195 1569 254 1632 ejus.
274 1569 323 1620 tiis
339 1569 394 1622 aerio
414 1573 450 1622 est
468 1569 578 1622 comestio
592 1570 690 1621 interna
706 1570 838 1635 cnjus-tinia
860 1574 895 1621 eoi

89 1641 228 1694 emendatio
240 1639 407 1705 delinquentis,
422 1655 469 1694 non
482 1643 570 1693 habene
582 1641 738 1705 coactionem,
752 1643 791 1692 sed
804 1641 893 1706 simpii-

89 1724 145 1764 ceut
159 1712 348 1763 admonitionem.
365 1715 393 1764 iit
405 1714 458 1765 idco
477 1714 517 1764 ntoi
535 1713 819 1777 pmbahiiiter‘aestimator
831 1713 892 1776 qnod

89 1787 203 1850 peccator
219 1784 397 1836 admonitionem
416 1796 463 1836 noa
478 1785 587 1849 recipiat,
602 1787 643 1836 sed
655 1785 684 1834 ad
696 1785 776 1848 peiora
794 1784 906 1846 iubetur(

88 1861 131 1909 eei
147 1857 179 1906 ab
193 1856 324 1920 huiusmodi
332 1857 473 1921 correptione
488 1857 658 1920 desistendum
673 1855 727 1920 qnia
738 1868 766 1924 ea
779 1869 830 1920 que
840 1858 896 1906 sunt

90 1931 122 1980 ad
136 1927 221 1990 tinem,
232 1929 315 1978 debent
325 1929 422 1991 regulari
433 1929 560 1980 secundum
574 1928 640 1992 quod·
645 1929 717 1992 exigit
730 1928 795 1978 ratio¹
803 1926 881 1978 iinin

126 2001 160 2050 Ad
171 1999 270 2064 primum
279 2013 332 2064 ergo
340 2001 463 2052 dicendum
473 2037 479 2062 ‚
489 2001 550 2064 qudd
561 2000 660 2051 medicus
670 1999 766 2064 quadam
777 1997 893 2050 coactione

88 2073 167 2124 utitur
185 2069 210 2120 in
226 2073 402 2136 phreneticum,
416 2071 455 2138 qui
468 2084 546 2123 curam
560 2073 611 2136 ejus
623 2071 726 2136 recipere
739 2083 785 2121 non
796 2070 854 2120 vnit.
866 2069 896 2118 at

92 2144 150 2196 iroic
163 2142 301 2194 assimilatur
313 2142 425 2208 correptio
437 2144 595 2208 prolatorum,
607 2157 657 2207 qus
670 2143 738 2194 habet
751 2143 798 2191 nim
811 2140 898 2193 coacti·

92 2227 162 2277 aam,
177 2225 224 2266 noo
238 2217 313 2264 autem
328 2214 424 2280 simplex
437 2215 546 2266 correctio
559 2215 668 2266 fraterna.
775 2214 781 2236 ·‘
894 2231 896 2234 ·

127 2289 162 2338 tid
176 2285 301 2338 secundum
311 2285 440 2348 dicendum,
453 2287 513 2352 quod
525 2287 555 2338 dc
564 2286 702 2338 correctione
715 2285 814 2335 fraterna
828 2285 893 2335 dator

93 2361 250 2425 preceptum,
264 2359 388 2408 emendum
398 2359 459 2423 qood
472 2361 585 2410 est’actue
594 2358 699 2420 virtutis3
714 2358 758 2407 hoc
771 2359 845 2406 autem
860 2358 897 2406 est

94 2430 222 2482 monadum
235 2429 295 2494 qaod
307 2429 489 2494 proportionetur
503 2430 558 2480 tini:
570 2433 594 2480 ct
606 2430 657 2480 ideo
671 2428 761 2494 quando
774 2430 810 2478 cst
823 2426 896 2490 impe·

94 2501 167 2552 ditiea
179 2499 245 2563 finis,
259 2504 313 2565 pata
326 2511 379 2550 cnm
399 2496 496 2552 citicitur
514 2503 582 2552 homo
595 2499 700 2562 deterior,
714 2499 763 2563 jam
775 2511 822 2549 non
839 2504 893 2562 peib

95 2571 155 2624 tinet
169 2573 198 2624 ad
211 2571 333 2624 sennen
345 2572 414 2636 uitae,
426 2585 469 2624 nec
481 2571 541 2622 cadit
555 2573 598 2623 snit
610 2574 732 2636 praecepto.

129 2645 163 2695 tid
177 2644 268 2695 tertium
281 2643 398 2694 dicandum
410 2683 416 2706 ‚
430 2643 490 2708 quod
510 2657 538 2694 ea
555 2657 606 2709 quc
618 2642 750 2694 ordinmtur
765 2641 793 2690 ad
810 2641 896 2702 tinem,

96 2717 182 2768 habent
194 2715 305 2768 rationem
313 2715 408 2766 tonica
420 2716 500 2768 ordine
513 2716 541 2766 ad
549 2717 618 2766 inam
627 2715 674 2781 (i).
682 2713 715 2764 iot
724 2712 777 2764 ideo
788 2711 897 2764 correctio

133 2859 163 2924 (ί)
176 2864 247 2912 1²12·
262 2829 319 2910 iliud
334 2835 522 2924 Pffltwehiotm
538 2863 631 2912 amma
648 2872 678 2910 ex
691 2861 775 2910 Boetia
787 2855 812 2905 tn
828 2853 900 2918 Topi-
991 2884 992 2887 η
