1992 3317
155 218 186 268 et
284 229 358 266 rrum
377 226 503 275 secusne,
520 224 611 270 onnsr.
629 222 699 270 cmv,
716 220 769 259 rur.
787 220 820 259 rr.

157 307 210 357 dnm
223 304 283 369 qudd
296 308 360 356 aeirus
377 302 458 353 dieitur
474 314 526 352 esse
544 298 672 352 meritorius
687 296 746 349 iltius
764 297 834 359 boni,
849 297 879 349 ud
895 301 955 361 quod

156 380 224 430 hume
240 375 349 427 diuinitus
361 376 477 427 ordiuntur
488 389 493 423 :
505 372 605 423 seeundo
614 368 667 422 vero
679 383 707 421 er
716 376 778 435 porte
788 368 854 420 liberi
862 370 957 433 arbitrii,

157 452 301 514 inquantum
318 448 406 499 scilieet
421 448 489 497 trumo
503 446 573 495 nutet
582 457 628 509 pre
641 442 730 493 esteris
739 440 862 506 creaturis,
877 448 904 493 nt
917 456 957 506 per

76 574 87 587 ἱ
157 535 182 572 se
192 524 244 585 egui
253 520 466 582 voiuntanieagens.
478 518 625 581 thnnntnm
633 516 660 565 ud
671 515 960 581 nmnmqneiprineipuiitas

157 594 234 644 meriti
250 606 321 658 penes
339 592 472 642 elraritetem
483 588 594 640 consistit.
607 586 682 637 Primo
694 588 755 637 enim
768 587 958 639 considerandum

157 664 268 729 estquod
281 665 329 713 nita
343 667 429 714 eterna
441 661 465 710 iu
478 659 519 711 [tei
539 658 645 709 fruitione
659 656 771 708 consistit.
789 657 866 709 Motus
883 664 958 710 nutem

159 739 263 787 humanm
277 736 360 786 ruentis¹
373 736 400 784 ad
416 732 547 783 fruitionem
562 730 634 780 divini
650 730 706 780 honi
721 732 756 780 est
770 729 879 794 proprius
894 736 959 782 nctus
982 742 983 763 ¹

159 796 282 869 ementitis,
293 822 334 871 per
345 819 413 870 quem
423 816 503 855 omnes
518 807 581 853 uetus
595 801 689 851 aliarum
702 802 813 851 virtutum
826 804 960 854 ordinantur

160 879 184 928 iu
202 882 262 929 trnue
279 879 360 939 tinem,
375 875 501 927 secundnm
522 872 582 937 qnod
600 873 649 923 ulio
667 873 764 923 virtutes
785 873 930 937 imperantur
950 879 961 926 t
982 928 983 943 ἶ

161 951 278 1002 eduntote.
301 952 329 1001 nt
348 950 399 1000 ideo
415 947 520 997 meritum
541 947 595 997 vitto
617 950 708 997 ueterum
723 944 796 1011 primo
814 948 918 1011 pertinet
937 953 962 997 rut

161 1021 307 1085 enedtutem3
327 1023 356 1070 ud
374 1019 430 1069 alias
447 1023 524 1069 nutem
547 1018 643 1067 uirtutes
663 1016 810 1081 secundario,
835 1020 960 1073 seeundum
982 1005 983 1099 t

161 1092 220 1157 quod
238 1105 316 1143 eurum
327 1095 390 1142 aetus
402 1090 537 1140 teneritate
550 1088 698 1153 imperantur.
708 1089 816 1141 Similiter
826 1091 898 1143 etiam
913 1107 964 1143 mn·
982 1100 983 1131 ³

162 1164 267 1214 nitestnm
278 1169 313 1215 est
327 1162 387 1226 qnod
403 1161 427 1211 id
441 1161 501 1224 qnod
515 1174 543 1210 eu
555 1173 631 1210 umore
644 1160 754 1225 fecimus,
767 1160 867 1211 maxime
880 1163 962 1213 volun·

161 1236 221 1286 turio
235 1236 347 1285 ducimus:
361 1233 422 1282 unde
432 1232 501 1281 etiam
517 1232 640 1282 secundnm
654 1232 713 1296 qnod
723 1232 752 1283 ud
763 1233 876 1285 rationem
888 1237 965 1285 meriti
982 1234 983 1303 t

164 1307 286 1369 rupuiritur
295 1304 355 1369 quod
365 1305 396 1354 sit
406 1304 569 1367 uoluntarium,
577 1301 731 1369 principaliter
739 1304 966 1369 meritumjchorituti
982 1306 983 1383 ἦ

164 1376 301 1427 attribuitur.
982 1384 983 1439 t

194 1447 333 1511 idprimum
345 1461 399 1511 ergo
411 1448 540 1512 dicendum,
551 1446 611 1512 quod
623 1448 721 1497 chonias
733 1447 757 1497 in
772 1451 883 1511 qnantum
894 1451 964 1500 habet
982 1444 983 1493 i

163 1520 269 1569 ultimum
283 1520 351 1569 iineur
370 1531 411 1583 pro
428 1519 533 1583 objectu,
548 1526 625 1570 movet
638 1520 693 1570 alias
713 1520 809 1570 virtutes
822 1523 851 1571 nd
866 1534 965 1587 operun-
982 1538 983 1593 p

164 1592 235 1652 dum,
250 1603 339 1654 semper
353 1591 414 1641 eninr
429 1589 520 1640 habitus
539 1590 567 1639 ud
584 1604 650 1653 quern
667 1590 766 1653 pertinet
781 1590 847 1655 finis,
866 1593 963 1659 imperat
982 1594 983 1615 ¹

164 1660 278 1718 iuditibus
288 1663 316 1711 ud
330 1675 387 1726 quos
400 1661 514 1726 pertinent
525 1675 552 1713 ea
563 1676 612 1725 qne
622 1666 674 1712 sunt
686 1664 713 1713 nd
727 1662 804 1725 finem,
816 1668 842 1714 ut
854 1678 884 1715 en
899 1670 967 1732 supro

165 1735 231 1785 dietis
242 1738 305 1799 patet
315 1736 369 1799 (qn.
381 1739 405 1797 9,
419 1733 461 1783 ort.
473 1731 511 1796 1).

196 1807 230 1856 ud
244 1808 367 1856 seeundum
380 1807 514 1869 dicendum,
526 1805 587 1869 quod
599 1818 656 1871 opus
667 1807 754 1871 aliquod
770 1811 846 1871 potest
859 1825 914 1863 esse
932 1814 968 1863 le-

166 1878 280 1927 boriosum
289 1882 313 1926 et
327 1876 419 1945 diffinite
426 1876 557 1940 dupliciter.
573 1879 621 1928 Uno
631 1878 735 1943 modossen
746 1882 905 1943 magnitudine
915 1900 983 1959 ope-p

167 1952 213 2012 ris;
230 1954 253 2000 et
264 1950 298 2000 sic
308 1949 439 2014 magnitudo
451 1950 535 2001 tubunis
550 1952 649 2015 pertinet
666 1954 694 2003 ud
712 1960 859 2017 augmentum
872 1960 968 2010 meriti:

68 2030 72 2037 ·
167 2025 190 2072 et
204 2021 237 2071 sie
251 2021 349 2071 chorites
362 2034 409 2071 nun
419 2020 527 2075 diminuit
538 2021 654 2087 laborem,
669 2024 715 2076 imo
727 2024 780 2075 iecit
794 2030 890 2089 aggredi
900 2044 969 2095 opera

167 2091 279 2153 munimem
295 2110 309 2138 u
322 2106 404 2154 magna
417 2092 479 2143 enim
492 2096 598 2157 operetur
611 2097 631 2145 si
645 2100 693 2159 est,
708 2114 721 2145 n
737 2102 762 2147 nt
776 2098 900 2163 Gregorius
916 2104 970 2153 dicit

168 2163 193 2211 in
204 2163 300 2226 mudum
315 2163 408 2213 homilia
423 2165 507 2229 (XXX.
523 2178 592 2229 snper
606 2166 727 2231 Endon).
742 2168 790 2219 diio
801 2172 868 2221 modo
884 2186 916 2225 en
934 2176 975 2223 de-

167 2233 229 2283 tentu
245 2232 317 2296 ipsius
327 2235 455 2299 operantis3
464 2234 587 2299 uuicuique
599 2236 660 2287 euim
674 2242 708 2289 est
717 2239 851 2292 laboriosnm
866 2248 892 2293 et
907 2245 983 2301 disti-t

169 2304 212 2353 uite
225 2304 284 2367 quod
297 2315 343 2355 non
352 2312 456 2370 promptu
466 2309 583 2358 rotnutute
596 2309 651 2359 iacit
663 2324 668 2359 :
682 2313 706 2359 et
718 2310 769 2361 tuiis
783 2312 847 2363 tuber
862 2312 983 2378 dimiurritt

169 2376 287 2439 meritum,
303 2379 326 2426 et
338 2376 351 2426 i
364 2378 473 2428 eduntote
484 2380 576 2429 tollitur.

200 2448 234 2496 dd
248 2446 341 2497 tertium
355 2448 488 2513 dicendum,
500 2452 625 2518 quoditidei
640 2459 705 2504 notris
719 2468 762 2507 nou
782 2460 817 2507 est
828 2459 977 2518 meritorius,

170 2519 214 2567 nisi
228 2519 283 2569 fides
298 2533 340 2584 per
354 2520 498 2571 ditectionem
512 2528 625 2587 operetur,
642 2530 667 2575 nt
680 2526 762 2579 dieitur
775 2528 811 2578 od
827 2530 929 2593 Gutum,
942 2535 978 2582 Υ.

170 2590 278 2641 Similiter
288 2592 357 2642 etium
371 2597 435 2643 uetus
446 2594 561 2657 patientioe
578 2600 601 2646 et
614 2596 754 2649 fortitudinis
768 2614 814 2650 nou
826 2607 873 2667 estJ
879 2605 968 2655 merito

171 2663 232 2723 rius,
246 2663 292 2713 nisi
301 2664 382 2727 aliquis
394 2678 423 2715 eu
435 2666 544 2717 enaritate
556 2668 605 2719 lraeo
618 2674 737 2735 operetur,
747 2672 873 2725 seeundum
885 2672 942 2726 iliud
956 2680 978 2727 i.

170 2734 206 2782 ott
223 2736 292 2792 Cur„
304 2736 372 2785 xiii:
389 2753 403 2784 u
416 2735 439 2786 Si
455 2738 666 2805 tradidero1eorpns
682 2755 758 2793 meum
766 2743 820 2807 ,tite
831 2749 858 2797 ut
869 2748 981 2799 ardeam.

171 2805 302 2857 charitatem
316 2810 393 2859 entem
406 2820 453 2858 non
466 2806 574 2875 habuero,
590 2812 648 2863 ninii
659 2812 826 2881 mi-trigprodest.
838 2834 852 2866 n
