1992 3317
134 194 182 244 tit
249 201 359 241 sucum
373 200 501 250 muns,
518 199 610 246 unsar.
628 200 682 250 vua,
699 199 755 239 tur.
773 199 817 238 vu.

165 279 210 330 Sed
223 280 303 330 muer
318 279 368 338 am,
382 276 443 340 quiid
453 277 593 341 Augustinus
606 276 661 329 deit
672 276 697 327 in
709 276 749 327 tih.
765 278 803 328 De
822 292 962 333 &timone

133 350 235 401 nouum
254 350 281 399 tu
297 351 381 398 monte
396 364 406 398 .·
421 365 436 396 u
448 348 518 399 Sexta
536 348 636 413 operatio
657 348 755 412 Spiritus
774 348 876 413 saneti,
897 365 961 415 qum

132 425 170 473 est
178 420 322 483 intelieutus,
334 419 443 471 convenit
452 421 545 471 mundis
558 422 635 485 medo,
643 420 684 484 qui
692 421 789 484 purgato
799 421 874 472 ouuto
895 436 961 487 pos-

134 496 188 543 sunt
197 492 278 543 videre
287 494 349 556 quod
362 492 439 543 ocutus
449 506 496 543 uon
506 492 595 543 mett.»

163 564 173 629 (
184 564 437 614 Concessio-hono
447 562 576 615 intellectas
588 576 615 615 ea
623 565 746 627 respondet
755 562 887 615 beatitudo
905 581 961 631 qua

134 634 229 686 mundo
240 634 316 684 corde
327 634 397 685 denti
408 634 435 685 iu
445 634 572 699 Evangelio
585 634 699 687 dieuutur.
711 634 720 699 )

166 706 301 771 Respondeo
314 705 452 771 dicendum,
464 706 525 771 quot
537 706 563 757 in
576 710 640 759 sexta
650 705 814 759 heatitutudine
822 706 918 769 ‚sicut
934 716 961 763 et

136 778 161 827 in
171 777 238 837 aliis,
250 778 295 828 duo
315 778 460 829 mamerto
473 794 480 827 ι
492 792 563 831 unum
576 792 617 844 par
634 780 727 831 modum
746 776 822 829 meriti
828 814 838 840 ,
855 779 961 835 scilicet

136 848 246 899 munditia
264 848 355 913 mndis3
368 850 430 900 ahud
439 863 483 915 per
492 850 585 901 modum
597 850 700 915 premii,
713 850 799 903 seilicet
812 849 880 902 visio
895 852 957 917 Dei,

137 923 163 971 ut
177 920 245 985 snpvi
257 920 342 973 dietum
352 924 387 973 est
401 923 444 987 (t,
458 926 483 986 Ξ,
494 936 534 986 qu.
548 926 594 985 69,
606 926 649 973 art.
659 922 699 985 Ξ).
709 918 739 973 h‘t
751 924 879 986 uh'unnque
896 938 958 989 per-

138 990 197 1042 tinet
208 992 284 1057 atiquo
293 995 360 1045 modo
369 994 398 1044 ad
406 993 491 1045 dmum
504 993 640 1045 iuteiieetuv.
652 995 693 1045 Est
704 993 765 1045 euim
776 992 866 1057 duplex
874 1008 959 1049 ,mnu-

138 1062 194 1114 ditia
210 1080 216 1115 :
229 1079 276 1117 uua
285 1066 377 1129 quidem
391 1066 530 1129 praeambula
540 1069 564 1117 et
577 1065 710 1131 dispositiva
720 1066 749 1117 ad
762 1064 807 1117 Dei
815 1064 956 1133 vinium,

138 1150 189 1200 que
205 1141 240 1188 est
250 1137 366 1203 deputatio
382 1138 476 1188 attentus
496 1138 525 1189 eh
541 1138 648 1191 ordinatis
665 1136 836 1199 aheotionihne3
853 1140 881 1189 et
898 1140 957 1193 haec

138 1209 230 1273 quidem
242 1208 352 1260 munditia
365 1209 439 1260 eordis
454 1211 480 1260 tit
490 1224 532 1275 per
543 1210 639 1261 virtutes
651 1214 676 1261 et
687 1210 746 1261 dona
758 1222 809 1274 qum
821 1210 957 1271 pertinent

138 1282 168 1331 ad
182 1281 228 1331 vim
242 1281 397 1346 appetitivam.
411 1280 461 1333 iiiia
472 1281 526 1333 vert
539 1282 650 1336 munditia
664 1282 738 1332 cordis
750 1283 786 1331 eet
798 1281 869 1345 quasi
879 1296 954 1335 oom-

139 1351 224 1415 pletiva
237 1354 344 1415 respectu
359 1350 453 1403 visionis
465 1352 547 1405 divine
556 1370 563 1417 3
573 1358 597 1405 et
609 1356 660 1405 huo
672 1353 763 1417 quidem
774 1355 810 1403 est
827 1355 955 1408 munditia

138 1422 224 1473 mentis
236 1424 348 1487 deputatu
359 1422 373 1473 i
385 1425 580 1489 phantasmatibus
592 1429 616 1476 et
629 1425 756 1488 smorhus,
771 1427 798 1474 ut
810 1423 906 1475 scilieet
923 1442 953 1478 ea

138 1507 189 1557 qum
203 1494 231 1544 de
244 1495 290 1545 Deo
303 1500 459 1560 proponuntur
477 1510 525 1548 nou
541 1496 680 1561 aoeipiautur
692 1509 733 1559 per
754 1495 847 1546 modum
862 1509 954 1563 eorpo-

138 1564 219 1615 raiinm
231 1568 415 1630 phantasmatum
427 1580 470 1618 neo
486 1568 610 1619 secundnm
632 1568 749 1618 iveretieas
764 1568 951 1631 perversitates.

137 1636 168 1687 nt
181 1638 239 1688 hanc
257 1637 390 1688 munditiam
411 1638 467 1689 fauit
484 1640 569 1690 donum
587 1638 725 1689 intellectus.
744 1636 855 1688 Similiter
873 1638 951 1692 etiam

139 1710 224 1775 duplex
236 1714 272 1761 est
285 1709 328 1761 itei
340 1710 397 1761 visio
413 1724 477 1761 :uua
492 1711 582 1777 quidem
596 1710 707 1777 perfecta,
717 1724 758 1777 per
768 1722 836 1777 quam
851 1710 952 1764 videtur

140 1782 181 1833 nei
196 1782 306 1847 essentia3
321 1781 365 1833 atie
376 1795 430 1834 vero
444 1783 589 1847 imperfecta,
604 1796 645 1847 per
659 1794 727 1847 quam
740 1780 782 1831 etsi
795 1794 841 1832 non
852 1782 950 1836 'videa-

141 1868 194 1903 mus
206 1854 234 1905 de
250 1855 296 1904 lieo
306 1854 360 1918 quid
374 1858 421 1918 est,
434 1854 539 1905 videmus
550 1858 626 1905 tamen
640 1854 696 1919 quid
709 1867 754 1904 nnn
767 1856 802 1903 est
817 1868 823 1901 ε
840 1856 866 1904 et
877 1856 951 1908 tanto

140 1925 165 1974 in
178 1926 222 1975 hac
235 1926 281 1975 vita
291 1930 361 1993 tipum
374 1926 499 1991 perfectius
506 1926 664 1990 cognoscimus
674 1961 681 1987 ‚
690 1928 775 1989 quanto
789 1924 864 1991 magis
875 1926 952 1979 iutel-

140 1995 231 2059 ligimus
243 2010 295 2046 eum
312 1998 420 2048 excedere
434 1997 544 2063 quidquid
557 1997 674 2049 intellectu
686 1996 900 2061 comprehenditur.
918 2000 952 2051 Et

140 2070 235 2136 utraque
246 2068 288 2117 liei
299 2066 356 2119 visio
366 2069 465 2133 pertinet
478 2070 507 2120 ad
517 2071 601 2121 donum
609 2068 755 2119 intellectus:
767 2064 840 2133 prima
849 2068 951 2133 quidem

142 2140 169 2191 ad
186 2140 270 2191 donum
285 2140 413 2192 intellectus
430 2144 625 2205 consummatum,
641 2138 766 2191 seeundivm
779 2138 841 2204 quiid
855 2140 901 2191 em't
924 2142 951 2191 in

141 2210 225 2276 patria3
240 2210 339 2261 secanda
349 2212 403 2265 verh
416 2214 444 2263 ad
458 2214 543 2265 donum
557 2213 686 2265 intellectus
697 2211 842 2273 inchoatum,
857 2225 949 2265 secuu-

142 2281 195 2332 divm
204 2280 265 2345 quhd
277 2282 373 2340 hahetur
392 2283 417 2335 in
434 2284 480 2335 via.

173 2354 202 2404 Et
214 2367 255 2419 per
263 2354 308 2403 hoe
320 2358 384 2419 patet
397 2356 513 2421 responsio
527 2356 556 2407 ad
565 2356 664 2421 objecta.
676 2356 733 2407 Nam
749 2354 829 2418 prime
844 2356 899 2407 duae
910 2372 952 2410 ra-

139 2424 214 2477 tiones
230 2425 355 2490 proeedunt
367 2428 395 2478 de
413 2428 485 2493 prima
498 2427 626 2493 munditia3
639 2426 705 2479 tertia
722 2426 778 2477 vero
793 2427 821 2478 de
839 2430 952 2493 perfecta

140 2498 182 2549 liei
204 2498 301 2548 visione.
326 2499 390 2549 hona
407 2504 483 2553 autem
507 2504 530 2552 et
549 2501 588 2551 hio
609 2514 652 2551 uos
672 2500 794 2565 perficiunt
816 2502 951 2553 secuudum

140 2571 259 2635 quamdam
272 2568 453 2638 inchoationem,
470 2572 534 2624 etin
553 2572 630 2623 futuro
643 2570 809 2637 implebuntur,
826 2575 854 2623 ut
875 2572 952 2638 supri

140 2641 226 2693 dietum
240 2644 277 2693 est
289 2640 332 2707 (t).

174 2749 206 2814 p)
220 2751 278 2800 rue
290 2750 319 2812 r,
332 2750 362 2810 e,
377 2766 417 2810 qo.
427 2752 467 2815 ee,
484 2752 563 2814 aree,
577 2758 600 2800 u
613 2752 704 2815 quen,
719 2758 761 2799 m.
772 2752 796 2798 a.
