1992 3317
370 167 583 210 osuumosrrrr.
829 156 877 206 tlt

75 246 145 312 hujus
159 248 233 310 notus,
248 247 308 311 quod
321 259 371 298 esso
386 249 465 312 posset
478 259 508 298 ox
521 246 634 312 superfluo
644 257 721 297 amoro
733 244 873 312 dotorum,

74 323 168 388 propter
182 333 250 386 quern
263 319 346 385 uliquis
364 319 461 372 eldoitur
473 319 544 373 nimis
555 318 681 372 retentione
698 330 784 374 esrom.

371 499 534 552 ARTICULUS
547 500 576 552 11.

92 628 178 674 Utrtm
187 624 353 672 convenienter
363 625 563 682 eleemosynarnm
573 637 660 682 ymera
670 626 862 686 distinguerentur.
902 629 907 638 ¹

107 756 141 806 ld
163 753 288 804 seeundum
306 751 340 803 sio
359 752 487 817 proceditur
501 751 548 816 (l).
568 751 661 802 Videtur
683 753 743 817 quod
765 753 873 806 intonue-

74 827 165 878 nienter
174 827 371 889 eleemosynarnm
387 836 469 888 genera
484 823 658 887 distinguantur.
674 825 794 876 Ponnmnr
813 827 876 878 enim

72 902 161 964 septem
172 899 324 962 eleemosynae
336 896 475 961 corporales,
488 895 575 946 soilioot
594 908 712 960 «pascere
723 896 871 958 esurientem,

72 975 152 1034 potare
164 969 290 1030 sitiemem,
301 968 385 1019 vestire
396 967 491 1029 undum,
506 966 638 1030 recolligere
650 967 873 1032 hospitemuisitare

71 1042 195 1105 infirmum,
208 1039 319 1092 redimere
331 1039 446 1104 ouptiuum
455 1038 501 1104 (2),
509 1042 534 1089 et
544 1038 642 1103 sepelire
655 1042 783 1103 mortuum3
798 1053 874 1103 »qno

72 1113 98 1164 in
109 1115 154 1164 lroo
166 1125 237 1162 uersu
248 1111 401 1162 eontinentur.

202 1228 270 1276 viduo,
281 1235 333 1278 polo,
344 1229 395 1278 elbo,
406 1228 487 1276 redimo,
497 1235 548 1278 tego,
558 1229 635 1278 colligo,
644 1226 724 1290 eundo,

104 1335 226 1384 Ponuntur
245 1332 313 1384 etium
335 1329 385 1386 ulie
401 1336 488 1398 septem
510 1334 661 1398 eleemosuoe
677 1331 819 1398 spirituales,
834 1332 878 1384 sei·

73 1405 127 1457 litet
142 1405 248 1455 «dooere
260 1403 409 1468 ignorantem,
425 1404 545 1455 oonsnlere
558 1403 686 1467 dubitanti,
700 1403 810 1455 consolari
823 1403 877 1454 tris-

73 1481 120 1528 tem
125 1513 135 1540 ,
150 1475 264 1539 corrigere
278 1481 421 1540 metuentem,
433 1476 548 1527 remittere
559 1475 703 1539 offendenti,
716 1478 807 1538 portum
821 1489 877 1527 one-

73 1563 140 1601 rosos
157 1551 181 1598 et
198 1559 293 1612 graues,
308 1551 332 1598 et
346 1560 387 1611 pro
402 1547 507 1598 omnibns
519 1560 595 1612 orere3
611 1563 625 1595 u
642 1561 693 1612 qne
710 1546 779 1600 etiem
791 1546 816 1598 in
832 1548 876 1598 troo

73 1635 144 1673 versu
162 1619 317 1672 eontinentur.

213 1737 301 1786 Consule,
313 1737 389 1788 ormign,
400 1739 469 1786 solere,
480 1737 565 1787 remitto,
573 1737 614 1785 ter,
622 1748 662 1777 ora.

105 1841 140 1892 lte
151 1843 229 1892 temen
245 1841 304 1905 quod
319 1841 360 1892 sub
375 1841 454 1892 eodem
469 1839 608 1904 intelligatur
622 1838 759 1890 consilium
775 1844 799 1891 et
816 1840 875 1891 doo-

76 1914 155 1963 tn'no.
169 1911 263 1964 Videtur
284 1915 360 1962 entem
380 1912 439 1976 quod
458 1912 644 1963 inconvenienter
665 1911 796 1977 hujusmodi
811 1914 877 1964 eleo·
910 1931 914 1938 ·

75 1997 177 2050 mosynae
204 1983 381 2046 distinguantur.
396 1983 545 2050 Eleemosyna
555 1984 617 2034 euim
630 1984 745 2035 ordinatur
755 1985 783 2034 ed
796 1987 877 2036 subue-

74 2055 184 2106 niendum
204 2054 316 2118 proximo.
333 2055 378 2106 Sed
398 2068 438 2118 per
456 2055 500 2104 hoo
518 2056 578 2120 quod
598 2059 700 2106 mutunus
716 2055 837 2120 sepelitur,
851 2055 877 2106 iu

74 2127 137 2178 nullo
154 2127 175 2177 ei
194 2125 340 2192 subsellium
351 2125 451 2190 alioquin
465 2140 511 2176 non
523 2131 585 2178 esset
597 2139 676 2178 verum
693 2127 754 2191 qnod
768 2128 878 2179 Dominus

76 2199 130 2250 dicit
146 2199 250 2255 ornum„
266 2200 303 2264 ll;
317 2201 387 2258 Luto,
398 2200 439 2251 llll
451 2215 456 2248 :
468 2216 482 2248 n
496 2199 572 2250 Nolite
580 2199 661 2250 timere
671 2211 711 2251 eos
724 2200 763 2264 qui
772 2200 878 2252 occidnut

74 2283 175 2335 eorpus,
186 2273 270 2336 etpost
283 2271 326 2322 hoo
340 2284 386 2321 non
402 2270 487 2322 habent
502 2268 599 2336 emplius
613 2271 667 2335 qnid
681 2271 772 2321 iaciant.
785 2287 799 2319 u
812 2272 877 2324 Unde

73 2346 99 2393 et
111 2342 222 2394 Dominus
237 2341 339 2399 Mutilo„
353 2341 422 2405 XXV,
437 2355 616 2394 commemorans
626 2343 785 2395 misericordie
797 2356 875 2409 opero,

76 2413 104 2465 de
123 2413 242 2478 sepultura
260 2417 397 2466 mortuorum
414 2415 555 2466 mentionem
567 2414 690 2466 'nonteoit
709 2415 768 2480 Ergo
786 2415 877 2466 uidetur

76 2486 139 2551 qndd
156 2486 344 2538 inconvenienter
356 2487 485 2552 hujusmodi
503 2488 654 2552 eleemosuuae
668 2487 843 2550 distinguuntur.

106 2563 130 2610 Ξ.
143 2559 267 2621 Preietos,
277 2559 421 2624 eleemosyna
432 2561 496 2610 detur
510 2560 539 2610 ed
557 2560 737 2610 subveniendum
753 2559 876 2611 neoessitu·

75 2777 92 2822 u
109 2710 142 2774 (ί)
157 2715 243 2824 {eut}
251 2713 320 2760 sulm
335 2712 376 2772 ru,
391 2713 469 2768 suu,
483 2715 536 2762 uro.
552 2713 597 2775 rs,
607 2727 647 2773 qu.
667 2715 692 2774 s,
705 2720 749 2761 ur.
762 2715 786 2775 s,
801 2727 875 2785 «ω

94 2788 149 2822 uno.
191 2791 204 2823 θ
246 2811 252 2822 .

112 2845 143 2908 (2)
159 2850 205 2895 Vel
219 2849 242 2894 iu
252 2861 345 2898 eunome
356 2853 438 2910 quouis
448 2851 517 2899 modo
526 2853 652 2916 detentum,
660 2857 687 2899 nt
698 2847 795 2904 rursm,
803 2851 876 2912 XXV,

76 2925 99 2959 r.
113 2909 144 2957 36
156 2917 180 2958 ot
193 2912 235 2976 39,
245 2913 367 2962 luduntur.
867 2915 871 2918 ’
