1992 3317
119 135 153 176 on
167 134 275 180 suornm
289 133 433 184 rimamus
448 144 564 187 ramnus
579 147 761 194 rrrnoamrnus.
795 129 840 194 ila

74 219 98 266 t.
114 215 240 282 Praeterea,
252 218 383 285 principalis
394 226 458 275 actus
469 226 596 289 prudentie
604 233 641 280 εει
653 230 789 297 precipere,
805 248 841 286 sc-

40 288 164 340 cundarius
178 292 254 341 nutem
268 295 304 342 cst
314 292 416 356 judicare
429 298 453 347 et
472 297 599 350 consiliari.
619 300 663 352 Sed
683 302 740 353 nihil
759 305 842 356 horum

39 360 133 411 videtur
145 361 263 426 importari
275 365 367 429 proprie
383 379 425 432 per
441 381 524 421 nomen
537 371 695 435 providentie.
711 376 772 442 Ergo
789 391 842 444 pro·

38 432 145 483 videntia
157 438 250 486 nonest
264 449 318 500 pars
328 439 463 501 prudentiae.

69 505 202 555 Scdcontra
209 508 245 556 est
253 508 374 559 auctoritas
380 510 449 560 'l'ullii
456 516 479 562 ct
486 513 603 579 Macrobii,
617 517 656 580 qui
665 522 752 582 ponunt
759 527 842 586 provi-

38 575 159 626 dentium
172 580 257 642 partem
268 580 404 646 prudentie,
414 585 440 632 ut
450 597 480 634 cx
492 585 561 649 sopri
573 587 640 638 dictis
654 593 718 653 patet
728 591 777 657 (qu.
790 593 840 658 ts).

71 647 239 713 (Gonmusno,
249 675 281 687 -
293 650 441 703 Prouidentia
461 659 496 705 cst
513 669 566 719 pars
583 659 729 723 prudentie.)

69 719 211 782 Respondeo
221 720 356 786 dicendum,
369 723 430 786 quod
443 725 502 776 sicut
515 726 584 791 suprd
596 728 724 783 dictumest
739 733 788 798 (qu.
800 739 839 801 tr,

35 793 81 840 art.
96 789 132 854 7),
145 791 267 854 prudentia
280 793 370 858 proprie
383 798 418 846 est
432 794 491 847 circa
508 811 535 848 eu
548 813 599 862 quac
614 806 667 852 sunt
680 803 802 868 adfinem,
818 812 841 858 et

36 862 83 912 lroc
99 861 130 912 ad
146 861 198 924 ejus
208 862 308 915 officium
322 864 413 930 proprie
427 868 539 933 pertinet,
554 873 580 920 ut
593 873 620 921 ud
632 873 699 924 finem
711 874 788 928 debiti
803 891 840 929 or-

35 933 161 997 dinentur,
179 937 204 985 ει
220 935 323 998 quamvis
340 937 415 1002 aliqua
430 941 560 996 neccssaria
580 942 626 992 sint
645 949 737 1009 propter
758 946 838 1012 duem,

34 1018 89 1067 quae
102 1004 255 1069 subjiciuntur
267 1007 350 1060 dirinae
365 1011 514 1073 prurldcntiae
521 1050 530 1077 ,
544 1015 650 1066 humane
671 1019 746 1068 tamen
765 1021 840 1082 provi-

34 1075 123 1128 dentie
138 1089 184 1127 uon
193 1078 345 1145 subjiciuntur
355 1081 401 1132 nisi
414 1082 570 1148 contingentia
584 1087 721 1152 operabilia‚
733 1103 784 1154 que
800 1103 840 1155 per

34 1146 157 1197 hominem
170 1153 266 1217 possum
278 1150 328 1201 lieri
341 1156 433 1216 propter
445 1153 522 1206 duem.
538 1157 653 1208 Proterita
668 1162 743 1210 autem
756 1160 781 1210 in
799 1175 839 1212 ne·

33 1219 172 1269 cessitatem
185 1220 306 1282 quamdam
320 1225 454 1290 transeunt,
467 1227 521 1290 quia
533 1228 671 1292 impossibile
684 1235 719 1282 εει
733 1245 779 1282 non
789 1245 840 1284 εεεε

32 1291 95 1353 quod
114 1289 204 1340 lactum
221 1296 264 1342 εει.
279 1291 388 1345 Similiter
403 1295 472 1347 etiam
488 1299 607 1363 presentia
628 1301 652 1351 in
668 1305 778 1366 quantum
794 1305 839 1355 lru·

31 1361 156 1425 jusmodi,
179 1365 341 1416 necestitatem
361 1368 481 1431 quamdam
500 1371 599 1435 habent,
614 1385 708 1425 necesse
725 1379 758 1426 cst
778 1376 839 1427 eninr

32 1434 156 1484 Socratem
172 1433 252 1486 sedero
265 1437 318 1486 dum
329 1438 401 1489 sedet.
418 1438 483 1490 Unde
496 1453 639 1506 consequens
655 1449 690 1494 est
704 1445 764 1508 qudd
784 1460 838 1498 con·

31 1505 153 1570 tingentia
168 1505 258 1570 futura,
269 1508 393 1560 secundim
411 1510 471 1574 qudd
485 1517 541 1562 sunt
553 1527 592 1578 per
607 1515 722 1568 hominem
735 1517 759 1568 in
772 1519 840 1570 linem

31 1579 144 1629 humana
158 1578 213 1628 rite
226 1579 373 1643 ordinabilia,
392 1583 521 1645 pertineant
535 1585 563 1634 ed
577 1585 731 1650 prudentium.
747 1589 838 1640 Utrum-

31 1663 78 1714 que
94 1652 177 1699 autem
186 1649 269 1699 horum
278 1651 412 1716 importatur
421 1653 446 1702 in
456 1655 548 1706 nomine
559 1656 706 1718 providentie
716 1659 841 1724 ;lmportat

31 1721 98 1772 cuim
112 1720 257 1785 prouidentia
269 1727 398 1787 respectum
408 1727 529 1788 quemdam
545 1727 641 1792 alicujus
651 1729 755 1781 distantis
770 1732 797 1781 ad
813 1745 841 1784 ca

29 1807 84 1856 quae
102 1792 129 1842 in
148 1794 256 1856 presenti
267 1799 390 1846 occurrunt
406 1800 430 1847 et
446 1798 569 1850 ordinanda
587 1803 649 1850 sunt.
668 1801 731 1852 Unde
749 1805 841 1866 prcol-

30 1865 126 1914 dcntiu
143 1867 246 1928 estpars
259 1867 395 1930 prudentie.

63 1937 102 1987 dd
124 1935 226 2000 primum
249 1949 304 2001 ergo
320 1938 456 2005 dicendum,
475 1943 535 2006 qnod
558 1944 745 2009 quandocumque
771 1947 841 1998 mulla

28 2008 184 2073 requiruntur
197 2009 225 2059 ud
240 2022 327 2072 unum,
344 2024 440 2062 neccsse
453 2017 489 2063 εει
505 2027 577 2064 unum
596 2027 739 2068 commosse
755 2018 841 2082 princi·

28 2081 100 2145 pale,
120 2080 150 2130 ad
161 2081 222 2143 qrrod
238 2081 314 2131 omnia
327 2082 372 2133 alia
391 2083 522 2135 ordinantur
542 2100 548 2134 :
565 2086 623 2136 unde
637 2086 661 2136 in
680 2088 780 2151 quolibet
792 2094 840 2142 toto

29 2165 133 2204 necesse
148 2155 185 2202 εει
200 2165 253 2203 csse
269 2167 338 2206 unum
354 2155 471 2207 formalem
487 2160 576 2220 partem
590 2161 613 2208 ει
623 2159 839 2224 praedominantcm,

28 2224 42 2274 l
62 2237 112 2288 que
131 2226 206 2274 totum
225 2227 337 2276 unitatem
354 2227 431 2278 habet.
453 2229 481 2278 Et
500 2227 622 2279 secunddm
638 2230 682 2281 hoc
698 2232 841 2295 providentia

28 2301 68 2347 cst
82 2294 220 2360 principalis
233 2297 293 2348 inter
305 2310 385 2349 omues
397 2303 472 2364 purtes
482 2301 623 2365 prudentie,
639 2302 692 2366 quin
706 2303 780 2354 omnia
795 2304 839 2354 alie

28 2382 86 2432 que
100 2367 248 2431 requumtur
267 2370 296 2419 ad
313 2370 470 2435 prudentiam,
487 2373 515 2422 ad
533 2373 577 2424 hoc
597 2375 726 2426 necessaria
744 2379 797 2425 sunt
815 2377 840 2426 ut

28 2440 123 2504 aliquid
141 2438 205 2490 recte
223 2439 341 2492 ordinetur
356 2441 383 2491 in
397 2441 474 2493 linem.
489 2444 519 2494 Et
532 2443 583 2495 idco
602 2457 686 2496 nomen
699 2445 771 2511 ipsius
784 2460 840 2511 prn-

27 2513 121 2564 dentiae
136 2511 234 2562 sumitur
247 2512 261 2563 d
274 2514 416 2578 prouidentia
429 2515 511 2566 sicuti
523 2516 677 2581 principaliori
690 2531 731 2568 sua
748 2522 823 2582 parte.

61 2586 100 2636 nd
118 2583 247 2634 secundum
256 2584 390 2649 dicendum,
404 2585 464 2649 quod
482 2587 608 2652 speculatio
624 2591 659 2639 εει
670 2589 729 2640 circa
746 2590 841 2640 univer-

26 2658 90 2708 salia
106 2659 133 2708 ει
145 2654 208 2705 circa
219 2657 362 2719 neceswia,
376 2671 427 2722 que
440 2657 564 2709 sccundim
579 2672 605 2710 sc
621 2672 666 2710 nou
681 2665 735 2713 sunt
751 2660 839 2725 procul,

26 2728 86 2779 ciam
106 2727 154 2778 sint
173 2725 258 2790 utiquc
274 2730 298 2778 et
312 2740 415 2794 sempcr3
431 2729 476 2780 etsi
489 2732 542 2780 sunt
558 2730 636 2795 procul
655 2732 729 2795 quoad
746 2743 801 2794 nos,
815 2729 840 2782 in

25 2802 147 2864 quantum
159 2797 189 2848 ab
199 2811 278 2850 corum
288 2799 417 2864 cognitione
428 2800 554 2852 deficimus.
563 2801 625 2852 Unde
636 2801 778 2867 providentia
792 2813 840 2852 non

25 2869 127 2942 proprld
149 2869 235 2922 dicitur
253 2869 277 2922 in
294 2871 454 2937 speculativis,
467 2872 506 2925 ced
521 2871 594 2926 nolim
606 2871 631 2924 iu
645 2871 760 2940 practicis.
