1992 3317
95 504 408 601 sucuuol
445 506 756 606 sucorum.
815 488 818 494 ’

335 727 537 753 ...Φ-..-

290 899 573 973 PROLOGUS.

52 1236 109 1285 Post
124 1246 275 1285 communem
285 1236 497 1287 considerationem
510 1237 537 1288 de
548 1238 671 1289 virtutibus
686 1243 709 1289 et
726 1240 800 1306 vitiis,
815 1248 837 1293 et

30 1307 70 1354 tiis
86 1307 117 1356 ad
135 1307 260 1357 materiam
275 1309 387 1359 moralem
403 1308 585 1373 pertinentibus,
600 1324 694 1362 neeesse
710 1316 746 1363 est
761 1314 835 1365 eona-

36 1377 99 1427 ²erurc
110 1378 208 1441 singola
218 1378 245 1429 iu
254 1378 359 1442 speciali.
376 1378 499 1429 Sermones
512 1379 574 1429 enim
586 1382 682 1433 morales
697 1382 837 1435 universales

31 1449 96 1498 ninius
109 1455 167 1499 mut
180 1450 252 1501 utiles
263 1449 308 1515 tl),
324 1450 424 1514 eoquod
437 1451 540 1503 actiones
552 1452 575 1501 in
585 1453 758 1516 particularibus
774 1460 836 1505 sunt.

30 1525 99 1569 coust
115 1527 198 1571 numm
212 1522 299 1585 aliquid
309 1520 334 1571 iu
348 1521 446 1585 speciali
459 1522 596 1573 considerari
614 1524 672 1575 circa
683 1526 778 1578 moralia
791 1526 835 1576 du-

42 1591 112 1642 lciter
135 1606 211 1643 :nno
230 1594 299 1643 modo
316 1606 346 1642 ex
362 1596 429 1656 parte
446 1592 546 1643 materiae
566 1594 638 1657 ipsius
658 1596 761 1659 moralis,
781 1597 836 1661 putd

42 1661 74 1709 ‘um
88 1663 249 1714 musideratur
260 1665 289 1714 de
298 1665 342 1715 hae
351 1664 436 1713 virtute
446 1664 485 1713 vel
492 1665 536 1713 hoc
547 1664 617 1729 viti03
631 1665 675 1715 alio
686 1666 753 1716 modo
762 1680 836 1729 quan-

44 1749 71 1782 m
89 1736 119 1785 ad
132 1736 248 1800 speciales
262 1739 336 1786 statue
349 1734 486 1798 hominnm,
501 1735 556 1799 put'a
573 1736 628 1787 edm
638 1737 794 1789 consideratur
807 1740 835 1788 de

32 1807 119 1857 uoltis
136 1815 161 1858 et
177 1808 294 1873 prelatis,
307 1808 336 1858 de
350 1807 432 1857 activis
445 1810 469 1857 et
483 1807 678 1873 contemplativis,
693 1808 731 1858 vel
742 1809 835 1872 quibus·

30 1893 121 1943 ¹¹umque
130 1880 185 1930 aliis
195 1879 335 1930 dideremiis
345 1880 474 1930 hondnum.
485 1878 564 1930 Primo
574 1893 629 1944 ergo
640 1880 834 1933 considerabimus

31 1951 198 2010 peculiorum
214 1951 318 2015 hisquae
330 1950 447 2015 pertinent
467 1952 496 2001 ad
514 1964 595 2001 omnes
612 1951 730 2004 hominum
747 1956 831 2017 statum

31 2022 123 2071 ecundd
135 2024 200 2087 uero,
213 2022 346 2094 specialiter
354 2022 384 2072 de
392 2021 430 2073 his
439 2036 492 2086 quae
505 2023 622 2087 pertinent
634 2024 662 2073 ad
671 2022 832 2075 determinatos

29 2099 105 2143 status.
537 2129 541 2141 .

55 2167 97 2214 Est
109 2172 188 2218 antem
201 2166 394 2217 considerandum
410 2166 469 2217 circa
487 2167 603 2231 primum,
618 2166 679 2229 qudd
693 2166 713 2215 si
723 2179 832 2227 ,morsum

43 2238 267 2290 aterminaremusde
277 2238 410 2301 rutulius,
422 2238 497 2301 donis,
509 2236 605 2288 uitiiset
617 2237 749 2303 praeceptis,
764 2250 831 2301 opor-

31 2314 83 2357 ‘aret
99 2309 159 2362 idem
176 2310 298 2361 multoties
308 2308 392 2359 dicere.
414 2310 457 2368 Qui
468 2308 533 2361 euim
548 2309 687 2359 sufficienter
704 2310 754 2359 vult
767 2312 827 2359 trae-

31 2391 76 2428 t-ue
88 2382 118 2430 de
131 2383 176 2432 troc
188 2386 306 2447 precepto
322 2398 328 2431 ε
343 2398 357 2430 a
370 2382 422 2431 Non
439 2380 604 2444 moechaberis,
624 2396 638 2427 n
656 2393 749 2431 necesse
763 2380 832 2431 labet

60 2497 93 2556 tl)
104 2502 139 2545 llx
148 2512 202 2558 cap.
218 2502 247 2559 Ξ,
262 2502 306 2546 lib.
316 2502 348 2546 11.
363 2502 456 2551 scota,
468 2502 508 2546 ubi
523 2501 671 2546 nihilominus
685 2500 830 2557 particularis

33 2574 122 2617 uroque
138 2575 214 2609 armo
230 2576 280 2609 non
293 2564 390 2609 omnimo
404 2569 510 2610 exactam
525 2562 734 2609 considerationem
747 2562 832 2607 dicitur

32 2626 148 2670 continere
165 2625 213 2695 (μὴ
225 2627 252 2677 τὸ
265 2622 361 2696 impedio
374 2626 462 2691 ἔχειν),
477 2626 582 2683 adeoepie
601 2626 692 2671 debere.
704 2625 832 2682 prudentie

32 2696 155 2755 iterumad,
169 2710 221 2754 que
234 2699 260 2742 in
272 2710 330 2743 casu
344 2698 449 2754 modoet
462 2702 597 2743 oecurreme
610 2708 658 2743 non
671 2696 777 2742 iacienda
791 2696 828 2741 vel

33 2758 138 2803 iacienda
153 2760 277 2815 dijudicet:
291 2759 389 2818 proinde
402 2760 544 2808 concluditur
555 2756 618 2816 quod
630 2760 654 2805 s'r
662 2760 721 2805 ratio
737 2758 832 2803 uniuer-

33 2822 116 2866 aalium
128 2822 163 2867 rel
173 2823 254 2869 nautia
273 2822 442 2880 experientiam
459 2823 609 2881 singularium
622 2834 670 2867 non
686 2822 773 2867 hebeat
791 2819 833 2865 ad-

32 2888 148 2943 iunctam,
161 2885 218 2945 repe
228 2886 256 2935 tn
269 2884 361 2945 amodo
374 2883 472 2948 errabit,
486 2882 663 2937 eieutmedieas
675 2883 701 2928 in
716 2878 829 2929 sanando.
