1992 3317
96 138 145 187 tet.
194 143 304 184 sncnune
321 142 454 195 secusne,
467 142 560 191 quesn.
576 142 651 194 xxm,
666 141 721 183 tur.
738 143 791 182 xm.

95 223 148 288 quie
158 225 193 273 est
202 220 339 284 diuturnius,
351 219 437 271 utilitas
446 219 509 274 enim
517 218 561 270 citit
570 218 667 282 transit,
679 223 704 271 et
711 219 834 271 delectatio
845 233 903 272 me·-

98 294 176 345 moriae
189 296 283 343 nonest
297 292 355 343 sicut
368 292 488 342 delectatio
499 290 533 342 rei
543 291 671 356 presentie
684 295 733 342 tum
745 291 829 355 edun,
842 292 913 356 quie.

97 366 157 418 bona
170 367 266 417 honesta
280 364 353 427 magis
366 378 417 415 cum
432 361 555 413 dilectione
568 363 689 414 recolimus
702 362 770 427 quim
786 360 898 416 utilitates

98 451 150 503 quae
166 438 231 489 nobis
244 437 272 487 ab
286 436 335 486 eliis
350 440 512 500 provenerunt.
521 434 608 496 Tertio,
617 435 669 498 quie
681 436 711 487 ed
720 438 836 487 amemur
846 450 901 499 per-

97 509 156 559 tinet
169 522 250 571 egere,
263 508 312 557 vult
326 506 385 557 enirn
400 511 423 557 et
437 510 544 571 operatur
554 507 639 557 bonum
650 509 740 569 emittm
754 506 784 556 ed
797 510 901 559 amatum

99 584 173 631 autem
190 579 289 643 pertinet
304 580 389 631 benum
402 580 450 644 peti
466 594 471 627 :
489 579 577 629 et‘ideo
594 577 741 629 excellentius
757 580 793 628 est
807 591 899 643 nmere5

99 652 122 701 et
133 654 224 719 propter
236 650 289 712 hoc,
300 650 328 699 ed
339 650 506 701 benefactorem
514 649 613 714 pertinet
623 652 648 699 ut
656 650 709 713 plus
719 651 788 700 amet.
802 650 900 713 dumio,

99 722 152 787 quia
172 721 286 772 difficilius
305 726 341 773 est
360 722 474 773 beneficis
488 722 634 785 impendere,
648 734 716 785 quem
736 722 846 787 recipere.
866 725 903 777 lie

99 793 154 850 verb
166 792 191 843 in
203 792 285 857 quibus
298 794 437 853 laboremus,
452 792 505 858 plus
515 792 631 855 dibgimns
641 791 676 857 (1)
686 809 693 854 ;
704 806 754 857 quae
765 792 820 845 verb
834 796 902 847 nobis

100 866 128 915 de
139 864 200 916 tecili
214 864 360 929 proveniunt,
375 866 541 929 quodammodo
554 864 730 915 contemnimus.

131 937 165 987 td
182 936 278 1001 primurn
292 949 346 1001 ergo
359 937 492 1001 dicendum,
507 936 567 1000 qudd
580 936 606 985 in
618 935 764 987 benefactore
777 942 814 988 est
824 942 851 991 ut
862 940 905 992 bo-

101 1007 219 1059 neficiatus
235 1011 371 1073 provocetur
388 1007 507 1073 adipsum
526 1008 663 1070 amandum
680 1008 811 1062 benefactor
824 1015 905 1063 eutem

102 1079 175 1143 diligit
189 1078 347 1131 beneficiatum
356 1093 402 1130 nou
410 1079 476 1141 quasi
483 1082 622 1145 prouocatus
633 1079 661 1129 eb
673 1078 726 1141 iilo,
737 1082 780 1132 sed
787 1094 818 1131 ex
826 1082 905 1147 seipso

102 1154 186 1203 motus.
195 1150 258 1209 Quod
267 1154 343 1201 autern
351 1164 381 1201 ex
388 1164 413 1201 se
424 1152 474 1215 est,
485 1149 561 1215 potius
571 1153 608 1204 est
619 1163 647 1200 eo
656 1150 718 1216 quod
731 1154 768 1203 est
779 1165 821 1215 per
829 1152 904 1205 abed.

134 1223 167 1272 ttd
180 1224 304 1273 secundum
318 1220 451 1284 dicendum,
463 1220 525 1285 qudd
541 1235 605 1273 amor
616 1222 746 1273 beneficiati
754 1223 906 1275 adbenetec·

102 1296 175 1344 torem
192 1296 227 1341 est
242 1292 314 1355 magis
331 1293 420 1345 debitus
436 1298 476 1345 :ct
490 1294 542 1346 ideo
556 1294 696 1345 contrarium
707 1294 778 1346 hebet
792 1296 906 1349 munem

103 1362 196 1427 majoris
205 1364 353 1428 peccatised
361 1364 580 1417 emorbeneiectoris
587 1366 615 1416 ad
623 1366 907 1431 beneficiatumestmagie

103 1438 245 1501 spontaneus
261 1451 266 1487 :
279 1439 303 1487 et
316 1438 367 1489 ideo
382 1438 453 1490 hebet
466 1438 577 1503 majorem
589 1438 803 1503 promptitudinem.

134 1508 169 1559 dd
182 1509 275 1561 tertium
291 1509 425 1572 dicendum,
438 1510 501 1575 qudd
520 1512 580 1561 Deus
599 1508 669 1570 etiem
689 1509 741 1573 plus
757 1522 802 1561 nos
814 1510 903 1576 diligit,

104 1592 173 1643 quem
193 1592 234 1633 nce
254 1576 307 1631 edm
328 1580 463 1646 diligemus3
481 1585 506 1633 et
522 1585 628 1647 parentes
648 1582 700 1646 plus
717 1581 817 1646 dibqum
833 1582 906 1645 tilios,

104 1650 172 1715 quim
184 1652 212 1705 ab
223 1652 258 1703 eis
269 1652 398 1717 diligentur.
413 1654 461 1705 Nec
473 1657 552 1706 temen
562 1658 651 1719 opertet
663 1652 724 1719 qudd
736 1654 852 1718 quoslibet
864 1656 908 1706 be-

104 1724 222 1777 neficiatos
236 1726 286 1791 plus
308 1726 429 1790 diligemus
442 1726 581 1790 quibuslibet
592 1726 780 1777 benefactoribus
795 1726 909 1777 bencim-

105 1798 166 1847 tores
175 1798 235 1848 enirn
244 1796 347 1863 tquibus
364 1798 463 1849 mumma
473 1798 583 1850 beneficia
592 1797 727 1865 recipimus,
738 1796 909 1850 scilicetltoum

106 1870 129 1949 et
144 1872 266 1991 l³lglt⁹⁸2
280 1870 420 1935 preterimus
440 1868 477 1924 his
494 1869 578 1934 quibus
591 1870 667 1936 eliqua
688 1869 776 1924 minore
794 1869 910 1924 beneficia

106 1950 184 2008 tmperi
199 1953 267 1992 rmus.

376 2040 547 2093 —dllTlGULUS
563 2037 621 2093 titt.

232 2156 316 2203 Uirrius
326 2156 384 2203 ordo
393 2158 520 2205 eharitatis
529 2162 652 2206 remaneat
658 2160 686 2204 ιἰι
696 2162 786 2217 petria.

139 2275 172 2325 td
187 2273 300 2326 decimum
316 2274 406 2325 tertium
420 2274 453 2327 sic
467 2257 596 2340 proceditur
609 2276 652 2342 (t).
667 2275 761 2328 tddetnr
781 2278 842 2343 qebd
854 2281 910 2336 ordo

107 2344 224 2397 claritatis
240 2358 287 2396 non
300 2348 422 2409 [remaneat
440 2346 465 2397 in
479 2346 560 2412 petria.
575 2347 633 2399 bicit
652 2348 712 2399 enim
730 2348 871 2415 Augustinus
885 2352 910 2403 in

142 2478 176 2544 (t)
188 2483 300 2539 Exemplo
313 2487 412 2529 metrum
426 2496 478 2541 ane
490 2482 552 2530 tilios
566 2485 618 2543 plus
634 2490 726 2543 ament,
739 2487 794 2543 quin
807 2488 911 2535 laborio-

109 2543 156 2591 sids
171 2556 212 2591 eos
226 2550 367 2603 genuerunt3
383 2551 443 2592 utet
460 2559 541 2594 eorem
559 2548 599 2605 qui
616 2549 668 2605 ptus
683 2554 762 2594 emunt
774 2549 856 2595 tubere
867 2564 910 2598 sno

108 2608 234 2665 acquisitus
245 2608 315 2666 quem
324 2610 485 2666 undecumque
496 2611 544 2656 eibi
551 2611 626 2670 deme,
643 2611 681 2657 rel
693 2612 782 2667 absquo
792 2609 841 2658 ulle
850 2613 910 2659 difi-

109 2672 194 2716 cultnte
218 2673 379 2728 provenientes
405 2674 524 2731 pecuniae.
550 2674 613 2728 Quod
634 2675 765 2731 exemplum
787 2680 911 2735 utrumque

45 2750 48 2755 ¹
108 2732 261 2790 Philosophus
275 2735 304 2781 ed
317 2735 340 2780 id
353 2736 501 2792 probandum
513 2736 547 2781 ibi
560 2736 636 2783 effert.

144 2800 175 2867 (ἓ)
192 2806 225 2849 De
240 2806 276 2853 his
291 2806 361 2853 etiam
383 2808 410 2853 in
423 2808 473 2867 ΙΙΙ,
489 2806 567 2858 Soet„
582 2808 635 2853 dist.
657 2805 760 2866 e1‚qn
777 2809 807 2869 2,
821 2816 865 2859 ut.
876 2811 910 2872 8,

111 2868 247 2928 quendum.
265 2868 278 2919 1
290 2874 314 2917 et
327 2870 354 2931 25
370 2875 394 2921 et
411 2882 449 2934 qu.
469 2870 499 2935 i,
510 2870 538 2919 de
553 2872 643 2941 ruore,
654 2874 700 2921 ut.
709 2869 735 2940 9,
748 2871 778 2922 ed
792 2871 832 2931 12,
