1992 3317
616 7 619 9 .
647 7 693 13 ..sp

303 147 333 182 oro
350 145 480 184 rarosrrrrl
495 147 596 185 uomere,
798 141 843 188 elo

46 221 106 284 quod
122 220 171 284 ipsa
188 221 260 284 judex
277 221 354 280 videt,
368 234 415 274 oon
432 225 509 286 potest
529 223 651 286 procedere
664 225 692 275 ad
709 225 843 276 warentiam

47 291 174 352 ferendam,
188 291 233 342 uisi
250 291 373 343 secundom
393 292 495 344 ordinem
507 293 591 358 publici
601 294 690 359 judicii,
704 297 764 359 quod
780 300 846 347 terret

47 366 124 414 locum
135 363 280 414 accusatoris.

78 436 112 485 Ad
131 435 224 485 tertium
240 435 373 500 dicendum,
385 435 445 500 qudd
458 436 518 487 Deus
537 436 563 486 im
581 449 622 488 aoo
638 437 725 503 judicio
742 437 845 501 procedit

46 519 74 556 er
89 505 181 570 propria
189 507 270 556 notitia
279 507 397 569 veriatis,
410 512 543 558 noo‘autem
553 509 635 569 loomo,
645 513 671 559 ut
682 509 750 573 aoprl
760 509 845 559 dictum

46 581 82 627 est
93 576 147 640 (art.
160 579 195 638 7).
210 579 239 628 lli
249 577 302 628 ideo
314 580 384 630 homo
397 591 443 629 non
454 582 531 642 potest
543 578 610 629 amul
620 593 671 631 esse
682 583 807 642 accusator,
820 582 845 629 et

46 649 114 700 testis
127 651 151 699 et
161 648 243 712 judex,
258 649 317 700 sicul
329 649 398 700 lleus.
407 649 486 700 Daniel
500 652 576 700 autem
590 656 706 702 accusator
720 650 764 702 luit
776 650 844 701 oimol

45 723 69 769 et
79 719 169 782 judex,
186 717 251 782 qrrasi
266 718 338 769 dirici
352 719 433 784 judicii
443 723 559 779 executor,
568 720 634 789 cujus
643 719 753 770 instincto
766 731 845 770 mooe·

45 790 121 851 batur,
133 792 160 843 ut
172 789 304 844 dictumest
315 792 373 854 (art.
385 794 413 852 l,
425 792 452 841 ad
467 791 510 847 ll.

339 969 497 1020 anricudlls
508 970 549 1019 IV.

171 1093 256 1138 Ulrdm
263 1093 341 1150 judex
350 1093 413 1138 licite
421 1094 493 1150 possit
501 1105 595 1150 poenom
605 1094 723 1138 relaxare.

75 1221 112 1274 ld
133 1221 238 1284 quartum
256 1218 289 1270 sie
309 1219 440 1284 proceditur
447 1219 492 1284 (l).
505 1219 600 1270 Videtur
615 1219 675 1282 qadd
692 1221 765 1288 judex
783 1220 845 1274 licite

43 1292 119 1358 possit
134 1303 228 1356 poenam
237 1292 345 1342 relaxare.
356 1290 442 1343 Dicitur
453 1290 516 1341 enim
529 1296 593 1349 Joc,
602 1289 624 1341 ll
634 1307 640 1341 :
651 1291 786 1367 «iodicium
796 1291 846 1344 siue

44 1363 200 1415 misericordia
214 1363 235 1413 ai
248 1363 287 1426 qui
303 1375 349 1413 oon
362 1361 416 1413 iacit
428 1362 615 1414 misericordiam.
631 1379 645 1410 o
658 1364 703 1414 Sed
713 1360 789 1414 nullos
801 1377 845 1426 pu·

43 1437 107 1486 uitur
118 1439 214 1500 propter
231 1433 277 1484 hoc
294 1432 354 1496 qodd
364 1447 411 1485 ooo
423 1433 479 1484 iacit
492 1433 546 1484 illud
560 1436 619 1498 quod
638 1434 699 1487 licite
711 1435 786 1486 facere
799 1447 846 1484 nou

43 1510 132 1570 potest.
146 1507 207 1569 Ergo
221 1503 317 1568 quilibet
326 1505 397 1568 jndex
409 1507 485 1568 potest
497 1504 559 1555 licite
571 1506 750 1556 misericordiam
759 1507 844 1569 facere,

41 1578 169 1630 relaxando
185 1589 285 1640 prauam.

74 1654 100 1699 2.
116 1650 242 1712 Praeterea,
250 1647 361 1712 judicium
374 1648 500 1698 homanum
511 1646 577 1698 debet
588 1646 672 1696 imitari
681 1646 793 1711 judicium
806 1648 845 1698 di-

42 1722 133 1770 vinum.
150 1719 195 1769 Sed
213 1719 273 1770 Deus
289 1719 453 1784 poenitentibus
471 1718 558 1768 relaxat
574 1730 680 1782 poeoam,
692 1717 745 1781 quia
766 1736 781 1767 «
799 1732 847 1770 nou

43 1793 93 1842 vult
101 1795 200 1842 morum
209 1791 344 1855 peccatoris,
355 1807 369 1838 o
379 1793 405 1840 ut
414 1791 495 1840 dicitur
505 1791 606 1850 Erech„
616 1791 696 1847 livill,
706 1789 766 1855 Ergo
776 1791 845 1842 eliam

43 1865 115 1915 homo
130 1863 204 1926 iudex
216 1865 292 1926 polest
304 1861 427 1926 poenitenti
438 1861 500 1912 licite
512 1862 612 1912 relaxare
625 1873 725 1924 poenam.

76 1940 100 1985 3.
117 1935 244 1995 helmet,
260 1933 382 1998 uuicuique
397 1932 452 1983 licet
469 1934 544 1984 lacere
561 1933 621 1997 quod
637 1931 704 1982 alicrd
717 1932 811 1996 prodest
823 1938 847 1984 et

44 2005 100 2059 rrulli
119 2009 197 2056 nocet.
214 2006 260 2056 Sed
282 2005 398 2056 absolvere
418 2018 481 2055 mum
496 2004 590 2068 lpoeua
607 2005 700 2069 prodest
715 2004 737 2054 ei
751 2008 774 2054 et
789 2005 848 2056 nulli

44 2081 122 2130 uocet.
141 2077 202 2141 Ergo
213 2077 284 2142 judex
295 2075 358 2127 licite
371 2080 449 2140 polest
459 2089 523 2127 reum
537 2077 630 2140 iapoeoa
642 2076 768 2126 absolvere.

75 2149 123 2201 Sed
134 2153 214 2199 contra
226 2152 277 2211 est,
288 2149 348 2212 quod
357 2147 439 2199 dicitur
453 2149 568 2208 Denter„
579 2147 647 2210 xlii,
662 2147 689 2197 de
698 2159 725 2197 eo
739 2146 780 2210 qui
795 2160 846 2212 per-

44 2221 130 2272 suadet
145 2219 232 2270 servire
245 2219 288 2270 diis
308 2218 388 2270 alienis
404 2233 411 2269 :
426 2236 441 2268 (ι
457 2219 508 2270 Nou
521 2224 597 2283 pareat
610 2219 633 2269 ei
645 2219 724 2270 oculas
739 2223 805 2282 tous,
821 2222 847 2269 ut

43 2290 178 2342 miserearis
191 2292 215 2341 et
233 2291 334 2342 occultes
348 2303 416 2352 eom,
431 2291 470 2341 sed
489 2291 566 2341 statim
583 2290 704 2345 interficies
715 2302 808 2353 cum3o
823 2294 847 2340 et

43 2365 73 2413 de
82 2361 200 2412 homicida
215 2359 298 2412 dicitur
311 2361 427 2422 Denter„
440 2361 501 2412 llVll
515 2376 522 2411 ε
540 2377 554 2408 c
568 2361 688 2423 llorietmr,
702 2373 744 2412 nec
754 2360 847 2412 misere-

42 2433 107 2488 beris
119 2431 205 2496 eius.»
631 2450 635 2457 -

81 2505 364 2566 (concepero—Potest
376 2505 478 2568 superior
490 2505 562 2570 jodoir
577 2509 667 2568 prauam
684 2516 723 2555 reo
732 2503 846 2566 relaxare,

42 2576 66 2626 si
79 2589 166 2641 passus
183 2575 290 2640 iujuriam
303 2575 417 2628 remittere
426 2575 509 2639 velit.)

80 2725 116 2792 (i)
131 2733 164 2777 Da
184 2729 221 2775 his
234 2731 303 2775 etiarn
318 2731 360 2775 lll.
372 2711 498 2786 parison.
518 2729 558 2788 td,
570 2736 615 2776 art.
631 2731 656 2784 2,
669 2732 698 2776 ad
711 2729 740 2782 3;
756 2736 781 2774 ut
790 2737 813 2775 et
826 2732 846 2785 l,

40 2795 125 2843 Serri..
144 2791 199 2837 dist.
220 2791 250 2835 td
260 2825 268 2854 ‚¹
278 2805 318 2848 qu.
332 2792 360 2847 Ξ,
374 2799 417 2837 art.
437 2795 466 2848 l,
480 2791 509 2838 ad
528 2793 559 2848 33
574 2802 598 2840 et
614 2795 696 2840 ilerum
709 2794 742 2838 lv
753 2825 759 2852 ‚
770 2793 848 2842 Soet..

42 2855 156 2913 elisatii,
173 2867 213 2910 qu.
224 2853 248 2912 3,
263 2859 307 2900 ert.
320 2854 345 2912 Ξ,
357 2856 494 2912 quastione.
505 2855 530 2900 2.

967 2171 981 2359 Ι,

960 2694 981 2733 Ι,

960 2742 981 2783 Ι,
