1992 3317
146 124 191 170 les
281 132 387 171 secusne
404 131 531 181 suessos,
549 132 641 178 Qussr.
659 134 676 183 r,
692 132 746 172 nnn.
763 132 808 173 vo.

145 205 636 269 cessitatecoactiouisnullusnrcletnr,cdm
646 210 735 261 credere
743 210 772 261 sit
781 210 961 275 voluntarium,
988 236 989 275 p

144 283 241 330 arctetur
255 284 330 329 murem
343 280 481 329 necessitate
496 279 561 342 linis,
577 280 631 343 quia
646 280 816 333 «accedentem
832 284 868 333 ad
884 284 961 335 Deum
988 308 989 343 p

144 354 232 414 oportet
254 351 359 413 crederc;
378 367 391 398 o
412 354 447 413 et,
471 368 485 398 u
506 351 556 401 sine
578 351 621 403 lide
640 352 777 417 impossibile
798 356 836 405 est
861 354 960 419 placere
988 380 989 417 p

144 424 203 484 lieo,
214 438 228 468 u
244 426 268 471 ut
277 423 397 487 Apostolus
410 422 478 485 dicit,
493 422 579 475 Hebe„
593 424 634 473 lll.
988 444 989 489 p

427 594 588 647 sustentus
604 598 650 647 Vll.

185 711 271 755 Utrclm
280 708 439 769 ommrrlifldet
448 712 577 756 secundum
586 712 753 758 successionem
768 717 912 771 conopoeum

478 776 603 820 creverint.

173 894 207 943 dd
220 894 342 957 septimum
358 894 392 944 sic
409 894 537 958 proceditur
549 892 593 959 (1).
605 894 698 945 Videtur
711 894 771 959 qodd
784 896 883 947 articuli
899 898 956 949 lidei

141 978 188 1015 uon
205 966 318 1017 creverint
334 966 457 1017 secundnm
473 969 601 1029 temporum
622 968 798 1018 successionem.
821 969 904 1031 Quin,
928 974 955 1019 ut

141 1037 263 1100 Apostolus
276 1038 345 1098 dicit,
356 1037 393 1087 od
408 1037 493 1096 seor„
508 1039 553 1100 xl,
568 1054 581 1085 o
591 1037 646 1089 fides
663 1042 699 1088 est
709 1038 835 1089 sudstmtia
846 1052 954 1105 speran-

141 1110 218 1158 dorum
228 1122 312 1159 renim
323 1108 392 1161 »sed
400 1108 463 1159 omni
474 1112 578 1175 tempore
591 1113 645 1159 sunt
658 1110 738 1161 eudem
747 1110 873 1174 speranda.
885 1112 954 1175 Ergo

122 1180 202 1231 omni
214 1184 317 1244 tempore
329 1184 383 1231 sunt
395 1180 473 1231 eedem
491 1181 611 1233 credendo.

171 1257 196 1301 s.
211 1254 336 1313 pretereo,
350 1251 376 1300 in
390 1250 495 1302 scientiis
512 1253 642 1303 humanitus
663 1252 773 1303 ordinetis
786 1264 828 1316 per
842 1264 948 1305 sncces-

139 1323 225 1373 sionem
240 1325 367 1386 temporum
388 1326 536 1385 augmentum
551 1324 698 1385 factumest,
712 1327 804 1388 propter
822 1324 950 1375 delectum

139 1393 277 1457 cognitionis
289 1392 316 1442 ts
333 1393 412 1457 primis
424 1394 464 1457 qni
480 1394 587 1445 scientias
609 1395 758 1457 invenerunt,
776 1398 802 1444 ut
819 1398 890 1458 potet
905 1409 949 1459 per

139 1466 300 1529 Philosophum
313 1464 339 1513 in
354 1466 382 1515 ll.
399 1467 539 1531 Metopleps.
554 1466 598 1517 Sed
608 1465 776 1517 doctrine-illei
789 1478 836 1516 non
852 1468 896 1517 est
910 1467 949 1517 in·

139 1544 207 1589 vente
222 1538 366 1601 humanitus,
379 1539 419 1589 sed
431 1538 514 1588 trudito
527 1538 541 1587 i
553 1540 612 1601 lico;
624 1538 688 1589 «liei
699 1536 761 1588 enim
773 1539 858 1589 donum
872 1542 923 1601 est,
930 1556 946 1586 >s

140 1614 166 1659 ot
179 1608 262 1659 dicitnr
276 1610 379 1675 Epeos,
398 1610 429 1659 ll.
448 1608 505 1663 Cim
523 1623 575 1673 ergo
598 1609 623 1659 in
643 1611 714 1661 ileum
738 1608 813 1661 nullus
831 1611 945 1662 delectus

139 1679 241 1733 scientie
254 1683 335 1746 cedet,
349 1680 438 1732 sidetm
450 1680 511 1744 qudd
526 1680 539 1731 i
554 1680 667 1745 principio
679 1680 780 1744 cognitio
793 1681 944 1734 credibilium

139 1750 207 1803 luerit
218 1753 327 1817 perfectu,
340 1757 364 1803 et
381 1751 440 1816 quod
455 1764 503 1801 son
517 1752 615 1803 enecuit
628 1750 754 1803 secundino]
768 1752 943 1805 successionem

139 1827 185 1873 tem
216 1839 274 1874 rum.

171 1838 333 1956 effusores,
347 1894 449 1959 operatio
465 1894 544 1958 gretie
558 1906 604 1944 non
613 1892 688 1945 minis
699 1893 801 1947 ordinate
814 1898 940 1959 pmcedit,
988 1856 989 1947 i

137 1966 205 2030 quim
223 1966 325 2031 operatio
343 1969 439 2017 nature.
460 1966 505 2016 Sed
519 1968 600 2015 nutura
615 1978 705 2029 semper
724 1964 814 2015 isidum
833 1968 909 2019 sensit
927 1969 941 2019 ci

137 2038 258 2101 perlectis,
275 2040 302 2087 ut
315 2037 408 2099 Boetim
419 2036 476 2087 dicit
487 2036 513 2086 in
525 2036 565 2087 lib.
577 2037 614 2088 lll.
630 2037 668 2087 De
681 2036 771 2087 mosol.
793 2037 873 2100 <prose
891 2039 939 2103 X).

137 2110 195 2173 sigo
207 2109 276 2160 etiem
288 2108 379 2159 sidetm
389 2108 451 2171 qudd
468 2107 569 2171 operoso
588 2108 667 2171 gretie
685 2108 698 2158 d
712 2107 818 2171 perlectis
838 2108 936 2161 initium
988 2126 989 2173 p

134 2180 266 2244 sumpserit,
278 2180 312 2229 ita
322 2179 383 2243 qudd
391 2179 425 2231 illi
433 2179 473 2243 qui
481 2178 555 2243 primd
565 2180 705 2231 tradiderunt
718 2179 794 2243 tidem,
806 2180 933 2243 perlectis·

133 2252 191 2303 sime
202 2265 252 2302 eom
266 2256 430 2315 cognoverunt.

166 2328 190 2373 t.
203 2325 323 2386 Praeterea,
338 2323 397 2373 sicul
408 2325 574 2391 perepostolos
584 2325 613 2375 ad
631 2336 673 2375 nos
684 2322 740 2375 tides
752 2320 838 2391 Christi
852 2338 937 2389 perse·

988 2176 989 2217 l

133 2396 180 2457 uit,
192 2393 224 2445 ita
236 2394 305 2445 etism
320 2394 345 2444 in
353 2395 425 2446 veteri
438 2396 583 2447 Testamentc
596 2409 637 2461 per
645 2394 732 2459 priores
746 2398 824 2459 patres
840 2398 870 2447 ad
879 2412 935 2461 pos-

133 2466 931 2531 terionesdevenitcognitiotidei,secunddmilludDeuter.,Xllel:
988 2472 989 2531 l

134 2555 147 2585 u
157 2540 272 2601 lntemopu
285 2541 373 2603 petrem
385 2542 463 2602 tuum,
476 2542 502 2589 et
510 2539 653 2589 annuntiabit
663 2539 714 2592 tibi.
729 2555 743 2587 s
761 2538 806 2590 Sed
828 2540 935 2603 Apostoli

133 2608 265 2673 plenissime
284 2611 376 2662 fuerunt
392 2610 498 2661 instructi
514 2612 543 2661 de
561 2610 690 2677 mysteriis
708 2613 850 2675 *acceperunt
870 2612 932 2662 enim
988 2630 989 2691 3

8 2754 9 2784 l
85 2778 88 2783 ,
166 2719 930 2785 (1)Βοὴίεοιίαωίιιῐτὲ,ᾳιι.174,ατι.6,,ἱηεοτρ.;οῑ1ῐῐ,

133 2784 282 2905 ζῗὴέεῗῗθῑ·
294 2787 338 2847 2⁵2
352 2800 392 2845 (1¹¹-
405 2788 435 2848 2,
450 2793 495 2835 ort.
511 2788 535 2851 Ξ,
551 2790 689 2847 questione.
702 2787 728 2845 ¹5
744 2794 767 2833 et
778 2790 798 2834 1.
813 2788 846 2835 ud
859 2788 931 2841 Cor„
