1992 3317
127 100 173 148 268
249 109 356 149 enecone
371 106 500 157 anconem,
519 104 610 152 donst.
629 106 685 159 χιιι,
703 108 756 145 lna.
775 108 801 146 ιι.

421 260 580 311 dll'llCULUS
592 262 621 311 ll.

210 378 296 421 tltrbm
305 375 589 433 btmpdemtcrempcroit
597 376 719 429 peccatam
735 376 846 419 mortale.

158 496 191 545 rld
204 494 328 544 secundom
346 493 380 543 sic
392 491 523 555 proceditur
536 489 581 553 (tl.
599 489 693 541 Videtur
703 490 764 555 quod
780 492 935 556 blasphemia

126 578 275 629 noneemper
288 564 318 614 eit
332 566 449 627 peccatum
465 562 568 613 mortale.
586 562 787 625 Qniasuperillnd
803 564 841 613 od
861 566 937 626 Col„
987 624 988 633 ἶ

126 638 155 687 lll
166 651 172 685 :
185 654 198 683 a
209 637 275 685 Nunc
286 638 361 684 antem
372 633 478 697 deponite
488 636 513 683 et
520 638 575 693 los,
586 648 599 679 n
612 634 668 696 etc,
677 632 730 683 dicit
740 634 836 684 Glossa:
851 652 866 682 o
874 638 938 687 Post
987 642 988 691 l

127 707 214 771 majora
228 705 332 769 probibet
349 703 478 765 minora3e
497 706 612 753 ettamen
633 703 709 754 subdit
727 703 755 755 de
770 704 935 769 blasphemia.
987 704 988 775 l

125 779 185 841 Ergo
202 776 344 840 blasphemia
358 775 417 825 inter
429 775 522 839 peecata
534 772 620 825 minora
636 777 786 839 computator,
804 790 857 839 qne
872 783 938 829 snut
987 782 988 839 l

125 852 220 913 peccata
232 847 342 898 venialia.
987 846 988 909 l

157 924 181 969 a.
195 922 322 981 preterea,
333 930 400 969 omne
413 920 531 981 peceatum
545 917 638 967 mortale
650 916 772 980 opponitur
783 917 854 967 alicui
867 934 935 983 prae·
987 910 988 977 l

126 995 192 1055 cepto
205 990 316 1053 decalogi.
328 990 372 1039 Sed
383 986 527 1051 blasphemia
540 1001 587 1039 non
603 987 693 1039 videtur
706 988 773 1038 alicrd
791 1002 873 1041 eorum
886 1006 936 1057 op·
987 986 988 1081 l

127 1063 188 1127 poni.
200 1064 259 1126 argo
271 1060 414 1125 blasphemia
428 1072 474 1109 non
487 1062 523 1111 est
535 1062 654 1123 peccatum
667 1060 770 1111 mortale.
987 1082 988 1119 p

158 1138 181 1183 ll.
197 1136 324 1194 Praeterea,
334 1132 428 1194 peccata
440 1144 491 1193 que
505 1130 589 1193 absque
602 1128 763 1181 deliberatione
776 1132 933 1185 committun-

127 1208 174 1267 lor,
188 1218 234 1255 non
251 1206 304 1253 sunt
320 1200 438 1262 mortalia;
452 1203 544 1265 propter
564 1201 623 1263 quod
636 1200 703 1263 primi
723 1205 797 1252 rnotns
809 1216 858 1253 non
873 1212 934 1257 sunt
987 1234 988 1289 p

125 1278 220 1339 peccata
233 1272 350 1334 mortalia,
366 1270 419 1335 qnia
431 1270 617 1321 deliberationem
631 1270 723 1321 rationis
736 1274 887 1338 precedunt,
903 1282 932 1328 nt
987 1290 988 1327 l

126 1341 451 1407 exsultationemm).
473 1342 518 1391 sel
534 1340 674 1406 blasphemia
691 1344 826 1406 quandoque
839 1346 933 1411 annue
987 1328 988 1381 l

126 1415 285 1468 deliberatione
300 1415 409 1478 procedit.
419 1414 480 1476 Ergo
491 1424 537 1463 non
549 1426 638 1476 semper
649 1416 684 1463 est
694 1418 809 1477 peccatum
818 1420 932 1471 mortale.

157 1487 202 1535 Sed
215 1488 292 1535 contra
303 1489 350 1549 eet,
365 1484 426 1547 quod
439 1484 521 1533 dicitnr
531 1484 622 1539 droit..
635 1486 719 1534 lllllll:
734 1501 748 1531 «
760 1485 803 1545 Qni
817 1486 934 1551 blaspbe-

126 1557 222 1607 marerit
230 1569 313 1607 nomen
323 1554 424 1616 Domini,
433 1558 506 1604 morte
513 1554 628 1603 moriatur.
638 1570 651 1601 n
660 1554 704 1604 Sed
716 1568 782 1617 poena
793 1556 933 1611 morlisnon

127 1628 223 1679 inlertur
240 1626 285 1679 nisi
301 1629 396 1692 peccato
409 1624 506 1677 mortali.
525 1626 584 1687 Ergo
598 1625 739 1689 blasphemia
755 1629 791 1675 est
804 1632 931 1689 peccatum

125 1700 228 1751 mortale.

161 1768 419 1832 (dornone-edm
431 1781 471 1831 per
482 1767 643 1831 blasphemiam
655 1768 759 1819 homines
771 1770 881 1835 derogent
891 1773 932 1823 di—

126 1842 186 1893 vinae
202 1840 311 1903 bonitati,
326 1854 377 1903 onae
397 1839 515 1889 maritatis
534 1838 646 1903 objectum
661 1844 710 1902 est,
722 1839 773 1903 ipsa
794 1844 930 1893 necessario

126 1916 242 1975 peccatum
253 1912 346 1962 mortale
360 1915 394 1961 est
407 1924 436 1961 ex
449 1924 491 1960 eno
504 1912 616 1973 genere.)

156 1983 289 2046 lleapondeo
304 1983 424 2034 dicendum
432 2020 439 2045 ‚
448 1982 510 2045 qndd
523 1982 659 2047 siceleuprl
669 1983 704 2047 lb)
715 1982 860 2049 dictumest,
871 2000 929 2049 pec-

126 2057 202 2104 catum
221 2053 316 2105 mortale
332 2058 368 2104 est
383 2066 424 2117 per
441 2053 501 2115 qnod
514 2054 582 2104 bomo
594 2058 711 2117 separator
723 2054 736 2103 d
749 2056 822 2119 primo
839 2058 929 2119 princi-

124 2125 164 2187 pio
180 2123 303 2187 spiritualis
316 2124 383 2187 rite,
398 2125 457 2186 qnod
470 2126 506 2174 eet
519 2124 616 2175 charitas
633 2124 681 2176 llei.
697 2126 761 2175 Unde
774 2140 927 2191 quaecamque

125 2194 231 2245 charitati
240 2200 374 2258 repugnant,
386 2208 414 2245 ex
424 2208 466 2245 suo
476 2208 558 2258 genere
569 2198 622 2245 sunt
630 2199 724 2259 peccate
739 2197 851 2247 mortalia.
862 2200 928 2249 Blas-

124 2265 217 2328 plremia
233 2269 310 2316 autern
326 2266 451 2317 secundnm
469 2280 543 2330 genus
564 2280 629 2317 sunm
644 2272 755 2331 repugnat
770 2269 877 2319 charitati
890 2271 925 2321 di-

125 2334 201 2397 rinae3
218 2335 270 2399 qnia
287 2336 380 2399 derogat
395 2336 479 2387 divine
494 2337 603 2400 bonitati,
622 2342 648 2387 ut
665 2338 809 2402 dictumest,
828 2354 879 2405 quae
893 2345 930 2391 eet

124 2406 240 2470 objectam
251 2407 378 2459 charitatis.
390 2410 419 2458 Et
427 2408 479 2459 ideo
492 2408 634 2473 blasphemia
649 2414 685 2461 eet
696 2414 815 2476 peccatum
827 2414 926 2465 mortale

125 2490 205 2527 exsno
218 2492 310 2541 genere.

155 2604 188 2667 (l)
203 2610 235 2651 De
245 2606 281 2651 bis
291 2606 361 2652 elinm
375 2608 398 2652 in
410 2611 452 2654 111.
466 2622 518 2667 cap.
534 2610 565 2655 od
579 2609 680 2660 Colono,
691 2612 745 2657 leot.
759 2612 783 2656 Ξ,

157 2675 187 2736 (Ξ)
203 2680 291 2733 Nempe
307 2677 335 2737 1,
350 2679 379 2737 Ξ,
394 2694 434 2738 qu.
448 2681 493 2741 lt,
506 2687 549 2727 art.
563 2682 604 2738 ld,
621 2696 648 2727 ex
659 2684 773 2739 professo.

159 2745 191 2808 (3)
207 2751 289 2801 Queesl.
304 2762 358 2794 mox
373 2750 487 2808 indicata,
503 2752 543 2797 scd
556 2756 599 2797 art.
613 2752 626 2795 5
642 2770 647 2796 :
671 2754 756 2799 Utrlom
773 2758 857 2801 reatos
869 2770 925 2815 poe

125 2815 233 2855 colorem
243 2811 388 2870 diocroifiret
401 2816 504 2870 speciem
516 2816 669 2870 eorumdem
685 2822 708 2861 ol
722 2830 761 2873 qu.
778 2816 817 2879 88,
833 2824 878 2864 art.
891 2820 902 2864 t
917 2838 923 2865 :
