<?xml version="1.0" encoding="UTF-8"?>
<!DOCTYPE html PUBLIC "-//W3C//DTD XHTML 1.0 Transitional//EN"
    "http://www.w3.org/TR/xhtml1/DTD/xhtml1-transitional.dtd">
<html xmlns="http://www.w3.org/1999/xhtml" xml:lang="en" lang="en">
 <head>
  <title>
</title>
<meta http-equiv="Content-Type" content="text/html;charset=utf-8" />
  <meta name='ocr-system' content='tesseract 3.04.00' />
  <meta name='ocr-capabilities' content='ocr_page ocr_carea ocr_par ocr_line ocrx_word'/>
</head>
<body>
  <div class='ocr_page' id='page_1' title='image "./summatheologica03nicogoog_0512.png"; bbox 0 0 1992 3317; ppageno 0'>
   <div class='ocr_carea' id='block_1_1' title="bbox 363 149 875 201">
    <p class='ocr_par' dir='ltr' id='par_1_1' title="bbox 363 149 875 201">
     <span class='ocr_line' id='line_1_1' title="bbox 363 149 875 201; baseline 0.002 -1"><span class='ocrx_word' id='word_1_1' title='bbox 363 161 393 200; x_wconf 87' lang='lat' dir='ltr'><strong>us</strong></span> <span class='ocrx_word' id='word_1_2' title='bbox 407 159 588 201; x_wconf 77' lang='lat' dir='ltr'><strong>susurronum.</strong></span> <span class='ocrx_word' id='word_1_3' title='bbox 828 149 875 201; x_wconf 80' lang='lat' dir='ltr'><strong>ott</strong></span> 
     </span>
    </p>
   </div>
   <div class='ocr_carea' id='block_1_2' title="bbox 72 235 930 2661">
    <p class='ocr_par' dir='ltr' id='par_1_2' title="bbox 78 235 930 302">
     <span class='ocr_line' id='line_1_2' title="bbox 78 235 930 302; baseline 0.002 -14"><span class='ocrx_word' id='word_1_4' title='bbox 78 235 181 290; x_wconf 73' lang='lat' dir='ltr'><strong>nefacere</strong></span> <span class='ocrx_word' id='word_1_5' title='bbox 192 235 222 288; x_wconf 92' lang='lat' dir='ltr'><strong>sit</strong></span> <span class='ocrx_word' id='word_1_6' title='bbox 233 239 297 288; x_wconf 89' lang='lat' dir='ltr'><strong>actus</strong></span> <span class='ocrx_word' id='word_1_7' title='bbox 310 238 439 302; x_wconf 69' lang='lat' dir='ltr'><strong>clametis,</strong></span> <span class='ocrx_word' id='word_1_8' title='bbox 452 253 497 291; x_wconf 89' lang='lat' dir='ltr'><strong>non</strong></span> <span class='ocrx_word' id='word_1_9' title='bbox 513 243 550 290; x_wconf 91' lang='lat' dir='ltr'><strong>est</strong></span> <span class='ocrx_word' id='word_1_10' title='bbox 563 238 667 290; x_wconf 88' lang='lat' dir='ltr'><strong>omuibus</strong></span> <span class='ocrx_word' id='word_1_11' title='bbox 676 237 872 290; x_wconf 87' lang='lat' dir='ltr'><strong>benefaciendum.</strong></span> <span class='ocrx_word' id='word_1_12' title='bbox 920 255 930 262; x_wconf 89' lang='lat'>·</span> 
     </span>
    </p>

    <p class='ocr_par' dir='ltr' id='par_1_3' title="bbox 75 309 871 444">
     <span class='ocr_line' id='line_1_3' title="bbox 105 309 871 376; baseline 0.001 -16"><span class='ocrx_word' id='word_1_13' title='bbox 105 309 149 360; x_wconf 84' lang='lat' dir='ltr'><strong>Sed</strong></span> <span class='ocrx_word' id='word_1_14' title='bbox 161 313 292 373; x_wconf 72' lang='lat' dir='ltr'><strong>mutuasse,</strong></span> <span class='ocrx_word' id='word_1_15' title='bbox 304 309 363 374; x_wconf 87' lang='lat' dir='ltr'><strong>qubd</strong></span> <span class='ocrx_word' id='word_1_16' title='bbox 378 312 501 376; x_wconf 72' lang='lat' dir='ltr'><strong>Apostolus</strong></span> <span class='ocrx_word' id='word_1_17' title='bbox 513 311 570 362; x_wconf 86' lang='lat' dir='ltr'><strong>dicit</strong></span> <span class='ocrx_word' id='word_1_18' title='bbox 579 311 616 361; x_wconf 83' lang='lat' dir='ltr'><strong>ud</strong></span> <span class='ocrx_word' id='word_1_19' title='bbox 633 310 691 362; x_wconf 84' lang='lat' dir='ltr'><strong>Gal.</strong></span> <span class='ocrx_word' id='word_1_20' title='bbox 703 311 746 361; x_wconf 86' lang='lat' dir='ltr'><strong>ult.</strong></span> <span class='ocrx_word' id='word_1_21' title='bbox 763 327 770 362; x_wconf 75' lang='grc' dir='ltr'><strong><em>τ</em></strong></span> <span class='ocrx_word' id='word_1_22' title='bbox 787 328 801 360; x_wconf 87' lang='lat' dir='ltr'><strong>u</strong></span> <span class='ocrx_word' id='word_1_23' title='bbox 814 313 871 362; x_wconf 83' lang='lat' dir='ltr'><strong>llum</strong></span> 
     </span>
     <span class='ocr_line' id='line_1_4' title="bbox 75 381 714 444; baseline -0.003 -12"><span class='ocrx_word' id='word_1_24' title='bbox 75 385 165 444; x_wconf 89' lang='lat' dir='ltr'><strong>tempus</strong></span> <span class='ocrx_word' id='word_1_25' title='bbox 183 381 305 444; x_wconf 84' lang='lat' dir='ltr'><strong>babeums,</strong></span> <span class='ocrx_word' id='word_1_26' title='bbox 317 393 436 444; x_wconf 81' lang='lat' dir='ltr'><strong>operemur</strong></span> <span class='ocrx_word' id='word_1_27' title='bbox 447 385 533 433; x_wconf 91' lang='lat' dir='ltr'><strong>bonum</strong></span> <span class='ocrx_word' id='word_1_28' title='bbox 548 383 577 432; x_wconf 87' lang='lat' dir='ltr'><strong>ad</strong></span> <span class='ocrx_word' id='word_1_29' title='bbox 591 396 680 434; x_wconf 90' lang='lat' dir='ltr'><strong>omnes.</strong></span> <span class='ocrx_word' id='word_1_30' title='bbox 700 398 714 430; x_wconf 79' lang='lat' dir='ltr'><strong>n</strong></span> 
     </span>
    </p>

    <p class='ocr_par' dir='ltr' id='par_1_4' title="bbox 78 453 874 588">
     <span class='ocr_line' id='line_1_5' title="bbox 109 453 874 518; baseline 0.004 -15"><span class='ocrx_word' id='word_1_31' title='bbox 109 453 270 514; x_wconf 84' lang='lat' dir='ltr'><strong>(Concnusro.</strong></span> <span class='ocrx_word' id='word_1_32' title='bbox 282 453 508 504; x_wconf 82' lang='lat' dir='ltr'><strong>-Benefaciendum</strong></span> <span class='ocrx_word' id='word_1_33' title='bbox 519 457 554 505; x_wconf 88' lang='lat' dir='ltr'><strong>est</strong></span> <span class='ocrx_word' id='word_1_34' title='bbox 570 453 689 518; x_wconf 88' lang='lat' dir='ltr'><strong>omnibus,</strong></span> <span class='ocrx_word' id='word_1_35' title='bbox 705 455 828 504; x_wconf 88' lang='lat' dir='ltr'><strong>secundum</strong></span> <span class='ocrx_word' id='word_1_36' title='bbox 841 457 874 506; x_wconf 86' lang='lat' dir='ltr'><strong>ta-</strong></span> 
     </span>
     <span class='ocr_line' id='line_1_6' title="bbox 78 522 683 588; baseline 0.002 -14"><span class='ocrx_word' id='word_1_37' title='bbox 78 537 129 575; x_wconf 88' lang='lat' dir='ltr'><strong>men</strong></span> <span class='ocrx_word' id='word_1_38' title='bbox 147 522 235 573; x_wconf 90' lang='lat' dir='ltr'><strong>debitas</strong></span> <span class='ocrx_word' id='word_1_39' title='bbox 248 523 293 574; x_wconf 88' lang='lat' dir='ltr'><strong>loci</strong></span> <span class='ocrx_word' id='word_1_40' title='bbox 309 527 334 574; x_wconf 93' lang='lat' dir='ltr'><strong>et</strong></span> <span class='ocrx_word' id='word_1_41' title='bbox 351 524 459 588; x_wconf 88' lang='lat' dir='ltr'><strong>temporis</strong></span> <span class='ocrx_word' id='word_1_42' title='bbox 472 523 683 588; x_wconf 76' lang='lat' dir='ltr'><strong>circumstantias.)</strong></span> 
     </span>
    </p>

    <p class='ocr_par' dir='ltr' id='par_1_5' title="bbox 76 594 877 1288">
     <span class='ocr_line' id='line_1_7' title="bbox 106 594 876 661; baseline 0.003 -17"><span class='ocrx_word' id='word_1_43' title='bbox 106 595 240 659; x_wconf 82' lang='lat' dir='ltr'><strong>Respondeo</strong></span> <span class='ocrx_word' id='word_1_44' title='bbox 254 595 390 660; x_wconf 84' lang='lat' dir='ltr'><strong>dicendum,</strong></span> <span class='ocrx_word' id='word_1_45' title='bbox 403 594 463 660; x_wconf 89' lang='lat' dir='ltr'><strong>qudd</strong></span> <span class='ocrx_word' id='word_1_46' title='bbox 474 596 535 646; x_wconf 91' lang='lat' dir='ltr'><strong>sicut</strong></span> <span class='ocrx_word' id='word_1_47' title='bbox 547 595 615 660; x_wconf 75' lang='lat' dir='ltr'><strong>supra</strong></span> <span class='ocrx_word' id='word_1_48' title='bbox 628 596 715 647; x_wconf 89' lang='lat' dir='ltr'><strong>dictum</strong></span> <span class='ocrx_word' id='word_1_49' title='bbox 725 600 773 661; x_wconf 89' lang='lat' dir='ltr'><strong>est,</strong></span> <span class='ocrx_word' id='word_1_50' title='bbox 789 596 876 648; x_wconf 83' lang='lat' dir='ltr'><strong>bened·</strong></span> 
     </span>
     <span class='ocr_line' id='line_1_8' title="bbox 77 665 876 732; baseline 0 -15"><span class='ocrx_word' id='word_1_51' title='bbox 77 665 150 717; x_wconf 87' lang='lat' dir='ltr'><strong>centia</strong></span> <span class='ocrx_word' id='word_1_52' title='bbox 168 665 316 730; x_wconf 88' lang='lat' dir='ltr'><strong>consequitrrr</strong></span> <span class='ocrx_word' id='word_1_53' title='bbox 332 679 432 718; x_wconf 87' lang='lat' dir='ltr'><strong>amorem</strong></span> <span class='ocrx_word' id='word_1_54' title='bbox 445 671 552 732; x_wconf 85' lang='lat' dir='ltr'><strong>exparte</strong></span> <span class='ocrx_word' id='word_1_55' title='bbox 566 680 610 731; x_wconf 91' lang='lat' dir='ltr'><strong>qua</strong></span> <span class='ocrx_word' id='word_1_56' title='bbox 626 672 703 720; x_wconf 87' lang='lat' dir='ltr'><strong>moret</strong></span> <span class='ocrx_word' id='word_1_57' title='bbox 714 668 830 732; x_wconf 86' lang='lat' dir='ltr'><strong>superiora</strong></span> <span class='ocrx_word' id='word_1_58' title='bbox 846 669 876 718; x_wconf 89' lang='lat' dir='ltr'><strong>ad</strong></span> 
     </span>
     <span class='ocr_line' id='line_1_9' title="bbox 77 737 876 803; baseline 0.004 -15"><span class='ocrx_word' id='word_1_59' title='bbox 77 737 231 803; x_wconf 78' lang='lat' dir='ltr'><strong>provisionem</strong></span> <span class='ocrx_word' id='word_1_60' title='bbox 243 737 382 791; x_wconf 84' lang='lat' dir='ltr'><strong>inferiorern.</strong></span> <span class='ocrx_word' id='word_1_61' title='bbox 398 740 484 790; x_wconf 85' lang='lat' dir='ltr'><strong>Gradus</strong></span> <span class='ocrx_word' id='word_1_62' title='bbox 500 742 576 789; x_wconf 88' lang='lat' dir='ltr'><strong>autem</strong></span> <span class='ocrx_word' id='word_1_63' title='bbox 589 739 614 788; x_wconf 90' lang='lat' dir='ltr'><strong>in</strong></span> <span class='ocrx_word' id='word_1_64' title='bbox 627 739 757 791; x_wconf 89' lang='lat' dir='ltr'><strong>bominibus</strong></span> <span class='ocrx_word' id='word_1_65' title='bbox 767 754 813 792; x_wconf 90' lang='lat' dir='ltr'><strong>nou</strong></span> <span class='ocrx_word' id='word_1_66' title='bbox 822 744 876 791; x_wconf 90' lang='lat' dir='ltr'><strong>sunt</strong></span> 
     </span>
     <span class='ocr_line' id='line_1_10' title="bbox 76 807 876 876; baseline 0.003 -18"><span class='ocrx_word' id='word_1_67' title='bbox 76 807 241 873; x_wconf 76' lang='lat' dir='ltr'><strong>immutabiles,</strong></span> <span class='ocrx_word' id='word_1_68' title='bbox 254 809 312 859; x_wconf 88' lang='lat' dir='ltr'><strong>sicut</strong></span> <span class='ocrx_word' id='word_1_69' title='bbox 323 809 346 858; x_wconf 92' lang='lat' dir='ltr'><strong>in</strong></span> <span class='ocrx_word' id='word_1_70' title='bbox 361 810 459 874; x_wconf 77' lang='lat' dir='ltr'><strong>angelis3</strong></span> <span class='ocrx_word' id='word_1_71' title='bbox 473 809 527 873; x_wconf 89' lang='lat' dir='ltr'><strong>quia</strong></span> <span class='ocrx_word' id='word_1_72' title='bbox 539 809 643 862; x_wconf 84' lang='lat' dir='ltr'><strong>homiues</strong></span> <span class='ocrx_word' id='word_1_73' title='bbox 655 813 751 875; x_wconf 88' lang='lat' dir='ltr'><strong>possunt</strong></span> <span class='ocrx_word' id='word_1_74' title='bbox 761 813 809 876; x_wconf 89' lang='lat' dir='ltr'><strong>pati</strong></span> <span class='ocrx_word' id='word_1_75' title='bbox 819 811 876 861; x_wconf 92' lang='lat' dir='ltr'><strong>mul-</strong></span> 
     </span>
     <span class='ocr_line' id='line_1_11' title="bbox 76 878 874 946; baseline 0.004 -17"><span class='ocrx_word' id='word_1_76' title='bbox 76 879 165 944; x_wconf 84' lang='lat' dir='ltr'><strong>tiplicas</strong></span> <span class='ocrx_word' id='word_1_77' title='bbox 177 878 279 930; x_wconf 90' lang='lat' dir='ltr'><strong>defectus</strong></span> <span class='ocrx_word' id='word_1_78' title='bbox 291 897 296 930; x_wconf 79' lang='grc' dir='ltr'><strong><em>ι</em></strong></span> <span class='ocrx_word' id='word_1_79' title='bbox 307 881 367 931; x_wconf 90' lang='lat' dir='ltr'><strong>unde</strong></span> <span class='ocrx_word' id='word_1_80' title='bbox 379 881 418 944; x_wconf 92' lang='lat' dir='ltr'><strong>qui</strong></span> <span class='ocrx_word' id='word_1_81' title='bbox 427 884 461 931; x_wconf 90' lang='lat' dir='ltr'><strong>est</strong></span> <span class='ocrx_word' id='word_1_82' title='bbox 476 881 579 945; x_wconf 88' lang='lat' dir='ltr'><strong>superior</strong></span> <span class='ocrx_word' id='word_1_83' title='bbox 592 883 714 932; x_wconf 87' lang='lat' dir='ltr'><strong>secuudum</strong></span> <span class='ocrx_word' id='word_1_84' title='bbox 728 883 821 946; x_wconf 88' lang='lat' dir='ltr'><strong>aliquid,</strong></span> <span class='ocrx_word' id='word_1_85' title='bbox 835 883 874 933; x_wconf 89' lang='lat' dir='ltr'><strong>rel</strong></span> 
     </span>
     <span class='ocr_line' id='line_1_12' title="bbox 77 949 877 1016; baseline 0.004 -16"><span class='ocrx_word' id='word_1_86' title='bbox 77 954 124 1013; x_wconf 90' lang='lat' dir='ltr'><strong>est,</strong></span> <span class='ocrx_word' id='word_1_87' title='bbox 136 950 175 1000; x_wconf 83' lang='lat' dir='ltr'><strong>rel</strong></span> <span class='ocrx_word' id='word_1_88' title='bbox 187 953 263 1014; x_wconf 90' lang='lat' dir='ltr'><strong>potest</strong></span> <span class='ocrx_word' id='word_1_89' title='bbox 280 965 330 1002; x_wconf 87' lang='lat' dir='ltr'><strong>esse</strong></span> <span class='ocrx_word' id='word_1_90' title='bbox 342 951 437 1002; x_wconf 89' lang='lat' dir='ltr'><strong>inferior</strong></span> <span class='ocrx_word' id='word_1_91' title='bbox 451 952 576 1004; x_wconf 90' lang='lat' dir='ltr'><strong>secundum</strong></span> <span class='ocrx_word' id='word_1_92' title='bbox 587 949 654 1003; x_wconf 89' lang='lat' dir='ltr'><strong>aliud.</strong></span> <span class='ocrx_word' id='word_1_93' title='bbox 668 953 697 1003; x_wconf 85' lang='lat' dir='ltr'><strong>Et</strong></span> <span class='ocrx_word' id='word_1_94' title='bbox 707 951 768 1016; x_wconf 91' lang='lat' dir='ltr'><strong>ideo,</strong></span> <span class='ocrx_word' id='word_1_95' title='bbox 776 967 827 1003; x_wconf 90' lang='lat' dir='ltr'><strong>cum</strong></span> <span class='ocrx_word' id='word_1_96' title='bbox 841 953 877 1004; x_wconf 92' lang='lat' dir='ltr'><strong>di-</strong></span> 
     </span>
     <span class='ocr_line' id='line_1_13' title="bbox 76 1021 874 1084; baseline 0.005 -14"><span class='ocrx_word' id='word_1_97' title='bbox 76 1021 141 1072; x_wconf 88' lang='lat' dir='ltr'><strong>lectio</strong></span> <span class='ocrx_word' id='word_1_98' title='bbox 163 1021 282 1072; x_wconf 87' lang='lat' dir='ltr'><strong>charitatis</strong></span> <span class='ocrx_word' id='word_1_99' title='bbox 294 1036 320 1073; x_wconf 92' lang='lat' dir='ltr'><strong>se</strong></span> <span class='ocrx_word' id='word_1_100' title='bbox 334 1024 440 1074; x_wconf 82' lang='lat' dir='ltr'><strong>extendat</strong></span> <span class='ocrx_word' id='word_1_101' title='bbox 454 1024 482 1073; x_wconf 93' lang='lat' dir='ltr'><strong>ad</strong></span> <span class='ocrx_word' id='word_1_102' title='bbox 497 1037 577 1074; x_wconf 84' lang='lat' dir='ltr'><strong>omnes</strong></span> <span class='ocrx_word' id='word_1_103' title='bbox 586 1062 593 1084; x_wconf 94' lang='lat'>‚</span> <span class='ocrx_word' id='word_1_104' title='bbox 602 1024 670 1074; x_wconf 92' lang='lat' dir='ltr'><strong>etiam</strong></span> <span class='ocrx_word' id='word_1_105' title='bbox 684 1023 832 1074; x_wconf 84' lang='lat' dir='ltr'><strong>beneficentia</strong></span> <span class='ocrx_word' id='word_1_106' title='bbox 848 1037 874 1074; x_wconf 88' lang='lat' dir='ltr'><strong>se</strong></span> 
     </span>
     <span class='ocr_line' id='line_1_14' title="bbox 78 1093 877 1160; baseline 0.004 -17"><span class='ocrx_word' id='word_1_107' title='bbox 78 1093 144 1144; x_wconf 91' lang='lat' dir='ltr'><strong>debet</strong></span> <span class='ocrx_word' id='word_1_108' title='bbox 158 1095 281 1146; x_wconf 77' lang='lat' dir='ltr'><strong>extendere</strong></span> <span class='ocrx_word' id='word_1_109' title='bbox 296 1095 325 1144; x_wconf 93' lang='lat' dir='ltr'><strong>ad</strong></span> <span class='ocrx_word' id='word_1_110' title='bbox 337 1107 424 1160; x_wconf 89' lang='lat' dir='ltr'><strong>omnes,</strong></span> <span class='ocrx_word' id='word_1_111' title='bbox 436 1109 476 1159; x_wconf 92' lang='lat' dir='ltr'><strong>pro</strong></span> <span class='ocrx_word' id='word_1_112' title='bbox 485 1095 536 1146; x_wconf 93' lang='lat' dir='ltr'><strong>loco</strong></span> <span class='ocrx_word' id='word_1_113' title='bbox 546 1099 624 1146; x_wconf 68' lang='lat' dir='ltr'><strong>umen</strong></span> <span class='ocrx_word' id='word_1_114' title='bbox 636 1100 660 1146; x_wconf 92' lang='lat' dir='ltr'><strong>et</strong></span> <span class='ocrx_word' id='word_1_115' title='bbox 669 1098 772 1160; x_wconf 91' lang='lat' dir='ltr'><strong>ternpore</strong></span> <span class='ocrx_word' id='word_1_116' title='bbox 780 1112 788 1159; x_wconf 79' lang='lat'>3</span> <span class='ocrx_word' id='word_1_117' title='bbox 797 1109 877 1147; x_wconf 90' lang='lat' dir='ltr'><strong>omnes</strong></span> 
     </span>
     <span class='ocr_line' id='line_1_15' title="bbox 76 1165 877 1220; baseline 0.005 -5"><span class='ocrx_word' id='word_1_118' title='bbox 76 1165 135 1216; x_wconf 90' lang='lat' dir='ltr'><strong>euim</strong></span> <span class='ocrx_word' id='word_1_119' title='bbox 154 1169 219 1216; x_wconf 89' lang='lat' dir='ltr'><strong>actus</strong></span> <span class='ocrx_word' id='word_1_120' title='bbox 238 1165 347 1217; x_wconf 86' lang='lat' dir='ltr'><strong>uirtutum</strong></span> <span class='ocrx_word' id='word_1_121' title='bbox 368 1171 420 1218; x_wconf 92' lang='lat' dir='ltr'><strong>suut</strong></span> <span class='ocrx_word' id='word_1_122' title='bbox 443 1168 567 1218; x_wconf 89' lang='lat' dir='ltr'><strong>secundum</strong></span> <span class='ocrx_word' id='word_1_123' title='bbox 586 1167 674 1219; x_wconf 86' lang='lat' dir='ltr'><strong>debitas</strong></span> <span class='ocrx_word' id='word_1_124' title='bbox 695 1167 877 1220; x_wconf 88' lang='lat' dir='ltr'><strong>circumstantias</strong></span> 
     </span>
     <span class='ocr_line' id='line_1_16' title="bbox 76 1237 198 1288; baseline 0.016 -2"><span class='ocrx_word' id='word_1_125' title='bbox 76 1237 198 1288; x_wconf 88' lang='lat' dir='ltr'><strong>limitandi.</strong></span> 
     </span>
    </p>

    <p class='ocr_par' dir='ltr' id='par_1_6' title="bbox 72 1307 888 1946">
     <span class='ocr_line' id='line_1_17' title="bbox 106 1307 876 1376; baseline 0.008 -18"><span class='ocrx_word' id='word_1_126' title='bbox 106 1309 140 1359; x_wconf 81' lang='lat' dir='ltr'><strong>nd</strong></span> <span class='ocrx_word' id='word_1_127' title='bbox 153 1307 251 1373; x_wconf 72' lang='lat' dir='ltr'><strong>puerum</strong></span> <span class='ocrx_word' id='word_1_128' title='bbox 264 1321 318 1373; x_wconf 78' lang='lat' dir='ltr'><strong>ergo</strong></span> <span class='ocrx_word' id='word_1_129' title='bbox 330 1309 459 1374; x_wconf 87' lang='lat' dir='ltr'><strong>dicendum,</strong></span> <span class='ocrx_word' id='word_1_130' title='bbox 474 1309 535 1376; x_wconf 81' lang='lat' dir='ltr'><strong>quod</strong></span> <span class='ocrx_word' id='word_1_131' title='bbox 548 1309 681 1375; x_wconf 90' lang='lat' dir='ltr'><strong>simpliciter</strong></span> <span class='ocrx_word' id='word_1_132' title='bbox 691 1311 817 1376; x_wconf 86' lang='lat' dir='ltr'><strong>loquendo,</strong></span> <span class='ocrx_word' id='word_1_133' title='bbox 830 1325 876 1364; x_wconf 93' lang='lat' dir='ltr'><strong>non</strong></span> 
     </span>
     <span class='ocr_line' id='line_1_18' title="bbox 75 1376 872 1448; baseline 0.004 -17"><span class='ocrx_word' id='word_1_134' title='bbox 75 1394 197 1445; x_wconf 88' lang='lat' dir='ltr'><strong>possumus</strong></span> <span class='ocrx_word' id='word_1_135' title='bbox 208 1376 314 1432; x_wconf 89' lang='lat' dir='ltr'><strong>omnibus</strong></span> <span class='ocrx_word' id='word_1_136' title='bbox 329 1381 461 1433; x_wconf 78' lang='lat' dir='ltr'><strong>benefacere</strong></span> <span class='ocrx_word' id='word_1_137' title='bbox 474 1383 502 1435; x_wconf 88' lang='lat' dir='ltr'><strong>in</strong></span> <span class='ocrx_word' id='word_1_138' title='bbox 514 1383 621 1448; x_wconf 82' lang='lat' dir='ltr'><strong>speciali3</strong></span> <span class='ocrx_word' id='word_1_139' title='bbox 638 1383 714 1434; x_wconf 91' lang='lat' dir='ltr'><strong>nullus</strong></span> <span class='ocrx_word' id='word_1_140' title='bbox 729 1387 807 1434; x_wconf 67' lang='lat' dir='ltr'><strong>umen</strong></span> <span class='ocrx_word' id='word_1_141' title='bbox 820 1387 872 1448; x_wconf 85' lang='lat' dir='ltr'><strong>est,</strong></span> 
     </span>
     <span class='ocr_line' id='line_1_19' title="bbox 76 1452 874 1518; baseline 0.005 -16"><span class='ocrx_word' id='word_1_142' title='bbox 76 1453 103 1503; x_wconf 92' lang='lat' dir='ltr'><strong>de</strong></span> <span class='ocrx_word' id='word_1_143' title='bbox 117 1465 163 1517; x_wconf 92' lang='lat' dir='ltr'><strong>quo</strong></span> <span class='ocrx_word' id='word_1_144' title='bbox 177 1465 223 1503; x_wconf 91' lang='lat' dir='ltr'><strong>non</strong></span> <span class='ocrx_word' id='word_1_145' title='bbox 234 1452 308 1516; x_wconf 86' lang='lat' dir='ltr'><strong>possit</strong></span> <span class='ocrx_word' id='word_1_146' title='bbox 324 1465 438 1504; x_wconf 90' lang='lat' dir='ltr'><strong>occurrere</strong></span> <span class='ocrx_word' id='word_1_147' title='bbox 449 1467 527 1518; x_wconf 87' lang='lat' dir='ltr'><strong>casus,</strong></span> <span class='ocrx_word' id='word_1_148' title='bbox 541 1453 565 1503; x_wconf 88' lang='lat' dir='ltr'><strong>in</strong></span> <span class='ocrx_word' id='word_1_149' title='bbox 583 1467 630 1516; x_wconf 92' lang='lat' dir='ltr'><strong>quo</strong></span> <span class='ocrx_word' id='word_1_150' title='bbox 643 1457 748 1518; x_wconf 88' lang='lat' dir='ltr'><strong>oporteat</strong></span> <span class='ocrx_word' id='word_1_151' title='bbox 766 1453 789 1504; x_wconf 89' lang='lat' dir='ltr'><strong>ei</strong></span> <span class='ocrx_word' id='word_1_152' title='bbox 801 1455 874 1506; x_wconf 87' lang='lat' dir='ltr'><strong>bene·</strong></span> 
     </span>
     <span class='ocr_line' id='line_1_20' title="bbox 74 1523 875 1590; baseline 0.005 -16"><span class='ocrx_word' id='word_1_153' title='bbox 74 1525 164 1588; x_wconf 87' lang='lat' dir='ltr'><strong>facere,</strong></span> <span class='ocrx_word' id='word_1_154' title='bbox 180 1523 250 1574; x_wconf 89' lang='lat' dir='ltr'><strong>etiam</strong></span> <span class='ocrx_word' id='word_1_155' title='bbox 264 1523 287 1573; x_wconf 90' lang='lat' dir='ltr'><strong>iu</strong></span> <span class='ocrx_word' id='word_1_156' title='bbox 302 1523 404 1588; x_wconf 89' lang='lat' dir='ltr'><strong>speciali.</strong></span> <span class='ocrx_word' id='word_1_157' title='bbox 419 1525 447 1574; x_wconf 80' lang='lat' dir='ltr'><strong>lit</strong></span> <span class='ocrx_word' id='word_1_158' title='bbox 465 1523 517 1576; x_wconf 91' lang='lat' dir='ltr'><strong>ideo</strong></span> <span class='ocrx_word' id='word_1_159' title='bbox 530 1525 628 1575; x_wconf 88' lang='lat' dir='ltr'><strong>charitas</strong></span> <span class='ocrx_word' id='word_1_160' title='bbox 641 1525 735 1590; x_wconf 85' lang='lat' dir='ltr'><strong>requirit</strong></span> <span class='ocrx_word' id='word_1_161' title='bbox 747 1528 773 1575; x_wconf 89' lang='lat' dir='ltr'><strong>ut</strong></span> <span class='ocrx_word' id='word_1_162' title='bbox 785 1527 875 1589; x_wconf 87' lang='lat' dir='ltr'><strong>bomo,</strong></span> 
     </span>
     <span class='ocr_line' id='line_1_21' title="bbox 73 1593 875 1659; baseline 0.001 -13"><span class='ocrx_word' id='word_1_163' title='bbox 73 1595 163 1646; x_wconf 86' lang='lat' dir='ltr'><strong>etiamsi</strong></span> <span class='ocrx_word' id='word_1_164' title='bbox 178 1607 225 1645; x_wconf 90' lang='lat' dir='ltr'><strong>non</strong></span> <span class='ocrx_word' id='word_1_165' title='bbox 239 1599 290 1645; x_wconf 89' lang='lat' dir='ltr'><strong>actu</strong></span> <span class='ocrx_word' id='word_1_166' title='bbox 304 1593 415 1659; x_wconf 84' lang='lat' dir='ltr'><strong>aliquibus</strong></span> <span class='ocrx_word' id='word_1_167' title='bbox 434 1595 575 1656; x_wconf 76' lang='lat' dir='ltr'><strong>benefaciat,</strong></span> <span class='ocrx_word' id='word_1_168' title='bbox 590 1595 673 1646; x_wconf 89' lang='lat' dir='ltr'><strong>babeat</strong></span> <span class='ocrx_word' id='word_1_169' title='bbox 685 1598 762 1646; x_wconf 72' lang='lat' dir='ltr'><strong>umen</strong></span> <span class='ocrx_word' id='word_1_170' title='bbox 784 1597 829 1646; x_wconf 91' lang='lat' dir='ltr'><strong>boc</strong></span> <span class='ocrx_word' id='word_1_171' title='bbox 850 1598 875 1648; x_wconf 90' lang='lat' dir='ltr'><strong>in</strong></span> 
     </span>
     <span class='ocr_line' id='line_1_22' title="bbox 74 1666 876 1733; baseline 0.001 -15"><span class='ocrx_word' id='word_1_172' title='bbox 74 1667 145 1718; x_wconf 90' lang='lat' dir='ltr'><strong>animi</strong></span> <span class='ocrx_word' id='word_1_173' title='bbox 161 1667 197 1718; x_wconf 87' lang='lat' dir='ltr'><strong>sui</strong></span> <span class='ocrx_word' id='word_1_174' title='bbox 214 1667 379 1733; x_wconf 73' lang='lat' dir='ltr'><strong>preparatione</strong></span> <span class='ocrx_word' id='word_1_175' title='bbox 393 1670 419 1716; x_wconf 91' lang='lat' dir='ltr'><strong>ut</strong></span> <span class='ocrx_word' id='word_1_176' title='bbox 434 1667 579 1718; x_wconf 84' lang='lat' dir='ltr'><strong>benefaceret</strong></span> <span class='ocrx_word' id='word_1_177' title='bbox 593 1666 742 1730; x_wconf 90' lang='lat' dir='ltr'><strong>cuicumque,</strong></span> <span class='ocrx_word' id='word_1_178' title='bbox 751 1667 771 1716; x_wconf 89' lang='lat' dir='ltr'><strong>si</strong></span> <span class='ocrx_word' id='word_1_179' title='bbox 785 1672 876 1732; x_wconf 88' lang='lat' dir='ltr'><strong>tempus</strong></span> 
     </span>
     <span class='ocr_line' id='line_1_23' title="bbox 74 1737 888 1802; baseline 0.001 -14"><span class='ocrx_word' id='word_1_180' title='bbox 74 1739 173 1790; x_wconf 87' lang='lat' dir='ltr'><strong>adesset.</strong></span> <span class='ocrx_word' id='word_1_181' title='bbox 185 1739 281 1802; x_wconf 74' lang='lat' dir='ltr'><strong>Aliquod</strong></span> <span class='ocrx_word' id='word_1_182' title='bbox 292 1743 367 1788; x_wconf 76' lang='lat' dir='ltr'><strong>umen</strong></span> <span class='ocrx_word' id='word_1_183' title='bbox 380 1739 515 1790; x_wconf 89' lang='lat' dir='ltr'><strong>beneficium</strong></span> <span class='ocrx_word' id='word_1_184' title='bbox 525 1742 560 1789; x_wconf 92' lang='lat' dir='ltr'><strong>est</strong></span> <span class='ocrx_word' id='word_1_185' title='bbox 568 1737 629 1802; x_wconf 92' lang='lat' dir='ltr'><strong>quod</strong></span> <span class='ocrx_word' id='word_1_186' title='bbox 637 1749 756 1802; x_wconf 74' lang='lat' dir='ltr'><strong>possamus</strong></span> <span class='ocrx_word' id='word_1_187' title='bbox 770 1737 888 1789; x_wconf 90' lang='lat' dir='ltr'><strong>omnibus&#39;</strong></span> 
     </span>
     <span class='ocr_line' id='line_1_24' title="bbox 72 1808 872 1876; baseline 0 -16"><span class='ocrx_word' id='word_1_188' title='bbox 72 1809 217 1876; x_wconf 84' lang='lat' dir='ltr'><strong>impendere,</strong></span> <span class='ocrx_word' id='word_1_189' title='bbox 231 1808 251 1860; x_wconf 90' lang='lat' dir='ltr'><strong>si</strong></span> <span class='ocrx_word' id='word_1_190' title='bbox 264 1823 310 1860; x_wconf 92' lang='lat' dir='ltr'><strong>nou</strong></span> <span class='ocrx_word' id='word_1_191' title='bbox 325 1810 348 1860; x_wconf 94' lang='lat' dir='ltr'><strong>in</strong></span> <span class='ocrx_word' id='word_1_192' title='bbox 364 1810 471 1874; x_wconf 91' lang='lat' dir='ltr'><strong>speciali,</strong></span> <span class='ocrx_word' id='word_1_193' title='bbox 486 1809 566 1860; x_wconf 89' lang='lat' dir='ltr'><strong>saltem</strong></span> <span class='ocrx_word' id='word_1_194' title='bbox 580 1810 603 1859; x_wconf 91' lang='lat' dir='ltr'><strong>in</strong></span> <span class='ocrx_word' id='word_1_195' title='bbox 617 1808 719 1874; x_wconf 76' lang='lat' dir='ltr'><strong>generali</strong></span> <span class='ocrx_word' id='word_1_196' title='bbox 731 1824 738 1859; x_wconf 92' lang='lat'><strong>:</strong></span> <span class='ocrx_word' id='word_1_197' title='bbox 750 1809 810 1860; x_wconf 89' lang='lat' dir='ltr'><strong>sicut</strong></span> <span class='ocrx_word' id='word_1_198' title='bbox 821 1824 872 1860; x_wconf 92' lang='lat' dir='ltr'><strong>cum</strong></span> 
     </span>
     <span class='ocr_line' id='line_1_25' title="bbox 72 1881 648 1946; baseline -0.003 -12"><span class='ocrx_word' id='word_1_199' title='bbox 72 1895 164 1934; x_wconf 80' lang='lat' dir='ltr'><strong>ommus</strong></span> <span class='ocrx_word' id='word_1_200' title='bbox 178 1895 219 1946; x_wconf 90' lang='lat' dir='ltr'><strong>pro</strong></span> <span class='ocrx_word' id='word_1_201' title='bbox 236 1881 340 1933; x_wconf 89' lang='lat' dir='ltr'><strong>omuibus</strong></span> <span class='ocrx_word' id='word_1_202' title='bbox 353 1882 458 1932; x_wconf 86' lang='lat' dir='ltr'><strong>fidelibus</strong></span> <span class='ocrx_word' id='word_1_203' title='bbox 474 1886 497 1931; x_wconf 91' lang='lat' dir='ltr'><strong>et</strong></span> <span class='ocrx_word' id='word_1_204' title='bbox 510 1881 648 1932; x_wconf 86' lang='lat' dir='ltr'><strong>infidelibus.</strong></span> 
     </span>
    </p>

    <p class='ocr_par' dir='ltr' id='par_1_7' title="bbox 73 1950 878 2292">
     <span class='ocr_line' id='line_1_26' title="bbox 104 1950 877 2017; baseline 0 -12"><span class='ocrx_word' id='word_1_205' title='bbox 104 1955 139 2005; x_wconf 78' lang='lat' dir='ltr'><strong>ad</strong></span> <span class='ocrx_word' id='word_1_206' title='bbox 149 1952 274 2004; x_wconf 87' lang='lat' dir='ltr'><strong>secundum</strong></span> <span class='ocrx_word' id='word_1_207' title='bbox 284 1953 418 2017; x_wconf 87' lang='lat' dir='ltr'><strong>dicendum,</strong></span> <span class='ocrx_word' id='word_1_208' title='bbox 432 1950 491 2016; x_wconf 85' lang='lat' dir='ltr'><strong>quod</strong></span> <span class='ocrx_word' id='word_1_209' title='bbox 500 1952 524 2002; x_wconf 89' lang='lat' dir='ltr'><strong>in</strong></span> <span class='ocrx_word' id='word_1_210' title='bbox 536 1955 653 2016; x_wconf 88' lang='lat' dir='ltr'><strong>peccatore</strong></span> <span class='ocrx_word' id='word_1_211' title='bbox 663 1953 706 2004; x_wconf 88' lang='lat' dir='ltr'><strong>duo</strong></span> <span class='ocrx_word' id='word_1_212' title='bbox 717 1957 779 2014; x_wconf 83' lang='lat' dir='ltr'><strong>stunt,</strong></span> <span class='ocrx_word' id='word_1_213' title='bbox 787 1951 877 2004; x_wconf 88' lang='lat' dir='ltr'><strong>scilicet</strong></span> 
     </span>
     <span class='ocr_line' id='line_1_27' title="bbox 73 2023 875 2092; baseline -0.005 -14"><span class='ocrx_word' id='word_1_214' title='bbox 73 2025 142 2092; x_wconf 90' lang='lat' dir='ltr'><strong>culpa</strong></span> <span class='ocrx_word' id='word_1_215' title='bbox 153 2030 176 2076; x_wconf 87' lang='lat' dir='ltr'><strong>et</strong></span> <span class='ocrx_word' id='word_1_216' title='bbox 188 2028 277 2074; x_wconf 91' lang='lat' dir='ltr'><strong>natura.</strong></span> <span class='ocrx_word' id='word_1_217' title='bbox 287 2025 327 2074; x_wconf 83' lang='lat' dir='ltr'><strong>Est</strong></span> <span class='ocrx_word' id='word_1_218' title='bbox 335 2037 388 2088; x_wconf 84' lang='lat' dir='ltr'><strong>ergo</strong></span> <span class='ocrx_word' id='word_1_219' title='bbox 397 2023 575 2075; x_wconf 84' lang='lat' dir='ltr'><strong>subueniendum</strong></span> <span class='ocrx_word' id='word_1_220' title='bbox 590 2025 712 2089; x_wconf 86' lang='lat' dir='ltr'><strong>peccatori,</strong></span> <span class='ocrx_word' id='word_1_221' title='bbox 722 2031 833 2088; x_wconf 89' lang='lat' dir='ltr'><strong>quantum</strong></span> <span class='ocrx_word' id='word_1_222' title='bbox 847 2025 875 2074; x_wconf 89' lang='lat' dir='ltr'><strong>ad</strong></span> 
     </span>
     <span class='ocr_line' id='line_1_28' title="bbox 73 2096 877 2161; baseline -0.004 -13"><span class='ocrx_word' id='word_1_223' title='bbox 73 2097 266 2148; x_wconf 87' lang='lat' dir='ltr'><strong>sustentationem</strong></span> <span class='ocrx_word' id='word_1_224' title='bbox 281 2099 380 2161; x_wconf 77' lang='lat' dir='ltr'><strong>natmae3</strong></span> <span class='ocrx_word' id='word_1_225' title='bbox 398 2109 444 2146; x_wconf 91' lang='lat' dir='ltr'><strong>nou</strong></span> <span class='ocrx_word' id='word_1_226' title='bbox 462 2100 496 2146; x_wconf 88' lang='lat' dir='ltr'><strong>est</strong></span> <span class='ocrx_word' id='word_1_227' title='bbox 515 2100 593 2146; x_wconf 89' lang='lat' dir='ltr'><strong>autem</strong></span> <span class='ocrx_word' id='word_1_228' title='bbox 610 2096 633 2146; x_wconf 92' lang='lat' dir='ltr'><strong>ei</strong></span> <span class='ocrx_word' id='word_1_229' title='bbox 654 2096 832 2147; x_wconf 88' lang='lat' dir='ltr'><strong>subveniendum</strong></span> <span class='ocrx_word' id='word_1_230' title='bbox 849 2096 877 2145; x_wconf 93' lang='lat' dir='ltr'><strong>ad</strong></span> 
     </span>
     <span class='ocr_line' id='line_1_29' title="bbox 73 2165 878 2232; baseline -0.004 -14"><span class='ocrx_word' id='word_1_231' title='bbox 73 2169 203 2220; x_wconf 90' lang='lat' dir='ltr'><strong>fomentum</strong></span> <span class='ocrx_word' id='word_1_232' title='bbox 223 2168 307 2232; x_wconf 86' lang='lat' dir='ltr'><strong>culpae,</strong></span> <span class='ocrx_word' id='word_1_233' title='bbox 322 2169 366 2218; x_wconf 89' lang='lat' dir='ltr'><strong>hoc</strong></span> <span class='ocrx_word' id='word_1_234' title='bbox 377 2167 437 2219; x_wconf 90' lang='lat' dir='ltr'><strong>enim</strong></span> <span class='ocrx_word' id='word_1_235' title='bbox 451 2181 498 2219; x_wconf 89' lang='lat' dir='ltr'><strong>non</strong></span> <span class='ocrx_word' id='word_1_236' title='bbox 512 2170 575 2218; x_wconf 90' lang='lat' dir='ltr'><strong>esset</strong></span> <span class='ocrx_word' id='word_1_237' title='bbox 588 2167 736 2231; x_wconf 88' lang='lat' dir='ltr'><strong>benefacere,</strong></span> <span class='ocrx_word' id='word_1_238' title='bbox 747 2167 787 2217; x_wconf 89' lang='lat' dir='ltr'><strong>sed</strong></span> <span class='ocrx_word' id='word_1_239' title='bbox 800 2165 878 2230; x_wconf 88' lang='lat' dir='ltr'><strong>potius</strong></span> 
     </span>
     <span class='ocr_line' id='line_1_30' title="bbox 73 2241 218 2292; baseline 0.007 -2"><span class='ocrx_word' id='word_1_240' title='bbox 73 2241 218 2292; x_wconf 86' lang='lat' dir='ltr'><strong>malefacere.</strong></span> 
     </span>
    </p>

    <p class='ocr_par' dir='ltr' id='par_1_8' title="bbox 72 2307 878 2661">
     <span class='ocr_line' id='line_1_31' title="bbox 105 2307 877 2374; baseline -0.004 -10"><span class='ocrx_word' id='word_1_241' title='bbox 105 2315 142 2364; x_wconf 80' lang='lat' dir='ltr'><strong>ad</strong></span> <span class='ocrx_word' id='word_1_242' title='bbox 155 2313 247 2364; x_wconf 90' lang='lat' dir='ltr'><strong>tertium</strong></span> <span class='ocrx_word' id='word_1_243' title='bbox 264 2310 398 2374; x_wconf 85' lang='lat' dir='ltr'><strong>dicendum,</strong></span> <span class='ocrx_word' id='word_1_244' title='bbox 411 2310 472 2374; x_wconf 89' lang='lat' dir='ltr'><strong>qudd</strong></span> <span class='ocrx_word' id='word_1_245' title='bbox 490 2309 691 2362; x_wconf 85' lang='lat' dir='ltr'><strong>excommunicatis</strong></span> <span class='ocrx_word' id='word_1_246' title='bbox 707 2313 731 2360; x_wconf 91' lang='lat' dir='ltr'><strong>et</strong></span> <span class='ocrx_word' id='word_1_247' title='bbox 747 2307 877 2374; x_wconf 73' lang='lat' dir='ltr'><strong>reipublice</strong></span> 
     </span>
     <span class='ocr_line' id='line_1_32' title="bbox 72 2381 878 2446; baseline -0.005 -12"><span class='ocrx_word' id='word_1_248' title='bbox 72 2386 181 2436; x_wconf 88' lang='lat' dir='ltr'><strong>hostibus</strong></span> <span class='ocrx_word' id='word_1_249' title='bbox 196 2386 250 2434; x_wconf 90' lang='lat' dir='ltr'><strong>suut</strong></span> <span class='ocrx_word' id='word_1_250' title='bbox 264 2381 375 2438; x_wconf 85' lang='lat' dir='ltr'><strong>beneficia</strong></span> <span class='ocrx_word' id='word_1_251' title='bbox 388 2382 555 2444; x_wconf 88' lang='lat' dir='ltr'><strong>subtrahenda,</strong></span> <span class='ocrx_word' id='word_1_252' title='bbox 568 2383 593 2433; x_wconf 93' lang='lat' dir='ltr'><strong>in</strong></span> <span class='ocrx_word' id='word_1_253' title='bbox 607 2385 717 2446; x_wconf 90' lang='lat' dir='ltr'><strong>quantum</strong></span> <span class='ocrx_word' id='word_1_254' title='bbox 728 2395 769 2446; x_wconf 90' lang='lat' dir='ltr'><strong>per</strong></span> <span class='ocrx_word' id='word_1_255' title='bbox 782 2383 827 2432; x_wconf 87' lang='lat' dir='ltr'><strong>froc</strong></span> <span class='ocrx_word' id='word_1_256' title='bbox 842 2395 878 2430; x_wconf 89' lang='lat' dir='ltr'><strong>ar·</strong></span> 
     </span>
     <span class='ocr_line' id='line_1_33' title="bbox 72 2452 877 2520; baseline -0.007 -12"><span class='ocrx_word' id='word_1_257' title='bbox 72 2462 156 2508; x_wconf 79' lang='lat' dir='ltr'><strong>centur</strong></span> <span class='ocrx_word' id='word_1_258' title='bbox 169 2455 183 2506; x_wconf 82' lang='lat' dir='ltr'><strong>l</strong></span> <span class='ocrx_word' id='word_1_259' title='bbox 197 2457 271 2520; x_wconf 87' lang='lat' dir='ltr'><strong>culpa.</strong></span> <span class='ocrx_word' id='word_1_260' title='bbox 281 2454 307 2504; x_wconf 87' lang='lat' dir='ltr'><strong>Si</strong></span> <span class='ocrx_word' id='word_1_261' title='bbox 320 2458 396 2504; x_wconf 86' lang='lat' dir='ltr'><strong>tamen</strong></span> <span class='ocrx_word' id='word_1_262' title='bbox 411 2452 539 2503; x_wconf 87' lang='lat' dir='ltr'><strong>immineret</strong></span> <span class='ocrx_word' id='word_1_263' title='bbox 549 2455 690 2517; x_wconf 83' lang='lat' dir='ltr'><strong>necessitas,</strong></span> <span class='ocrx_word' id='word_1_264' title='bbox 702 2467 731 2504; x_wconf 90' lang='lat' dir='ltr'><strong>ne</strong></span> <span class='ocrx_word' id='word_1_265' title='bbox 743 2458 824 2503; x_wconf 89' lang='lat' dir='ltr'><strong>natura</strong></span> <span class='ocrx_word' id='word_1_266' title='bbox 836 2453 877 2503; x_wconf 90' lang='lat' dir='ltr'><strong>de·</strong></span> 
     </span>
     <span class='ocr_line' id='line_1_34' title="bbox 72 2525 876 2591; baseline -0.002 -13"><span class='ocrx_word' id='word_1_267' title='bbox 72 2530 165 2591; x_wconf 87' lang='lat' dir='ltr'><strong>ficeret,</strong></span> <span class='ocrx_word' id='word_1_268' title='bbox 182 2532 243 2578; x_wconf 90' lang='lat' dir='ltr'><strong>esset</strong></span> <span class='ocrx_word' id='word_1_269' title='bbox 256 2527 289 2578; x_wconf 88' lang='lat' dir='ltr'><strong>eis</strong></span> <span class='ocrx_word' id='word_1_270' title='bbox 303 2526 496 2587; x_wconf 87' lang='lat' dir='ltr'><strong>subveniendum,</strong></span> <span class='ocrx_word' id='word_1_271' title='bbox 509 2525 583 2576; x_wconf 92' lang='lat' dir='ltr'><strong>debito</strong></span> <span class='ocrx_word' id='word_1_272' title='bbox 596 2529 672 2575; x_wconf 88' lang='lat' dir='ltr'><strong>tamen</strong></span> <span class='ocrx_word' id='word_1_273' title='bbox 685 2525 767 2589; x_wconf 80' lang='lat' dir='ltr'><strong>morlo;</strong></span> <span class='ocrx_word' id='word_1_274' title='bbox 777 2529 833 2589; x_wconf 90' lang='lat' dir='ltr'><strong>puta</strong></span> <span class='ocrx_word' id='word_1_275' title='bbox 847 2539 876 2576; x_wconf 91' lang='lat' dir='ltr'><strong>ne</strong></span> 
     </span>
     <span class='ocr_line' id='line_1_35' title="bbox 72 2596 874 2661; baseline -0.005 -11"><span class='ocrx_word' id='word_1_276' title='bbox 72 2601 136 2652; x_wconf 86' lang='lat' dir='ltr'><strong>famo</strong></span> <span class='ocrx_word' id='word_1_277' title='bbox 149 2603 189 2650; x_wconf 89' lang='lat' dir='ltr'><strong>aut</strong></span> <span class='ocrx_word' id='word_1_278' title='bbox 202 2599 240 2649; x_wconf 89' lang='lat' dir='ltr'><strong>siti</strong></span> <span class='ocrx_word' id='word_1_279' title='bbox 256 2599 408 2658; x_wconf 87' lang='lat' dir='ltr'><strong>morerentur,</strong></span> <span class='ocrx_word' id='word_1_280' title='bbox 423 2600 462 2646; x_wconf 89' lang='lat' dir='ltr'><strong>aut</strong></span> <span class='ocrx_word' id='word_1_281' title='bbox 476 2597 567 2660; x_wconf 85' lang='lat' dir='ltr'><strong>aliquod</strong></span> <span class='ocrx_word' id='word_1_282' title='bbox 579 2597 711 2661; x_wconf 83' lang='lat' dir='ltr'><strong>hujusmodi</strong></span> <span class='ocrx_word' id='word_1_283' title='bbox 722 2596 874 2661; x_wconf 88' lang='lat' dir='ltr'><strong>dispendium,</strong></span> 
     </span>
    </p>
   </div>
   <div class='ocr_carea' id='block_1_3' title="bbox 72 2668 659 2734">
    <p class='ocr_par' dir='ltr' id='par_1_9' title="bbox 72 2668 659 2734">
     <span class='ocr_line' id='line_1_36' title="bbox 72 2668 659 2734; baseline -0.007 -10"><span class='ocrx_word' id='word_1_284' title='bbox 72 2671 120 2724; x_wconf 82' lang='lat' dir='ltr'><strong>nisi</strong></span> <span class='ocrx_word' id='word_1_285' title='bbox 136 2672 263 2724; x_wconf 84' lang='lat' dir='ltr'><strong>secundum</strong></span> <span class='ocrx_word' id='word_1_286' title='bbox 277 2670 378 2723; x_wconf 85' lang='lat' dir='ltr'><strong>ordinem</strong></span> <span class='ocrx_word' id='word_1_287' title='bbox 390 2668 501 2733; x_wconf 80' lang='lat' dir='ltr'><strong>justitia,</strong></span> <span class='ocrx_word' id='word_1_288' title='bbox 517 2672 659 2734; x_wconf 88' lang='lat' dir='ltr'><strong>paterentur.</strong></span> 
     </span>
    </p>
   </div>
   <div class='ocr_carea' id='block_1_4' title="bbox 0 0 1000 3317">
    <p class='ocr_par' dir='ltr' id='par_1_10' title="bbox 0 0 1000 3317">
     <span class='ocr_line' id='line_1_37' title="bbox 0 0 1000 3317; baseline 0 1"><span class='ocrx_word' id='word_1_289' title='bbox 0 0 1000 3317; x_wconf 95' lang='lat' dir='ltr'><strong> </strong></span> 
     </span>
    </p>
   </div>
  </div>
 </body>
</html>
