1992 3317
171 163 202 199 on
219 161 291 198 vinus
305 161 397 200 caturae
412 161 537 200 uusrrrmn
551 161 583 199 nx
600 162 674 199 enare
690 164 738 200 nm.
808 155 854 201 929

92 239 124 288 nd
136 237 234 302 primum
248 251 302 301 ergo
316 237 450 299 dicendum,
462 237 522 302 quid
532 239 622 302 quando
633 237 715 301 aliquis
728 240 853 291 secandirm

61 307 158 358 ordinem
174 306 233 372 juris
248 307 261 361 d
270 307 346 372 judice
360 309 524 371 interrogatur,
535 319 582 358 nou
596 309 645 372 ipse
663 322 687 358 se
708 311 799 372 prodit,
815 313 855 361 sed

63 379 88 427 ab
103 378 147 430 olio
165 379 281 444 proditur,
295 381 349 429 dum
366 379 389 430 ei
413 379 540 430 necessitas
561 379 713 444 respondendi
731 381 856 444 imponitur

62 462 99 512 per
111 463 164 500 eum
179 451 215 500 eui
227 451 318 502 obedire
331 454 431 501 tenetur.

91 521 123 570 nd
142 522 265 571 secundom
281 521 402 572 dicendum
410 557 419 584 ,
433 521 492 584 qudd
506 520 598 570 mentiri
612 521 640 569 ad
655 520 795 572 liberandum
811 525 853 573 aii-

62 605 125 653 quem
139 591 152 642 d
164 595 237 642 morte
250 605 304 642 oum
320 592 405 656 injuria
417 591 524 649 monus,
534 604 580 640 uon
596 595 632 640 est
645 592 788 643 mendacium
799 595 855 643 sim-

62 661 145 722 pliciter
158 662 295 725 officiosum,
308 664 348 712 sed
361 663 430 712 habet
447 662 532 725 aliquid
542 662 570 712 de
581 661 707 725 pernicioso
720 663 853 715 admixtum.

62 731 113 782 cim
126 739 204 784 autem
218 733 299 796 aliquis
320 733 426 783 mentitur
436 733 461 782 iu
479 733 567 796 judicio
580 734 608 782 ad
620 734 788 785 excusationem
804 736 855 799 soi,

63 803 164 868 iujuriam
177 805 232 854 iacit
240 805 268 855 ei
282 806 321 856 eui
334 805 425 855 obedire
438 809 539 867 tenetur,
553 805 607 853 dum
620 803 665 853 sibi
684 805 781 869 denegat
794 808 862 873 quod·

62 874 81 923 ei
97 876 180 936 debet,
192 874 278 926 scilieet
291 877 459 926 confessionem
479 875 590 926 veniatis.

89 947 121 997 td
131 947 224 998 tertium
237 946 371 1007 dicendum,
383 946 443 1010 qudd
456 947 495 996 iiie
511 946 551 1009 qui
564 945 673 996 mentitur
684 945 816 1011 injudicio,
828 962 854 1000 sc

62 1020 202 1079 excusando,
215 1018 270 1068 iacit
282 1022 306 1068 at
327 1021 408 1068 eontra
426 1019 567 1068 ditectionem
582 1017 636 1079 liei,
655 1017 722 1081 eujus
741 1022 777 1068 esi
791 1021 855 1082 judi-

61 1089 130 1152 eiuru,
144 1094 169 1140 et
182 1092 261 1140 contra
274 1089 419 1140 dilectionem
436 1089 548 1153 proximi,
562 1092 612 1138 tum
633 1101 662 1138 ex
675 1093 739 1153 parte
752 1090 853 1152 iudicis,

61 1160 95 1208 eui
109 1161 211 1211 debitum
226 1164 310 1223 negat,
324 1165 373 1209 tum
387 1165 490 1224 exparte
505 1159 656 1218 accusatoris,
670 1159 710 1222 qui
721 1160 816 1222 punitur
834 1163 854 1211 si

62 1230 81 1278 iu
97 1231 231 1294 probatione
243 1231 340 1282 deficiat.
355 1232 419 1282 Unde
434 1236 457 1281 et
470 1231 494 1281 in
509 1231 602 1283 Peelm.
618 1229 675 1281 CXL
687 1231 782 1281 dicitur:
799 1234 855 1283 uide

62 1301 157 1354 declines
170 1314 298 1352 cormeum
319 1303 343 1352 in
363 1303 433 1353 uerba
452 1302 546 1353 malitie
560 1303 589 1352 ad
607 1302 747 1353 excusandae
761 1316 856 1354 exeusa-

61 1372 130 1425 tiones
141 1372 166 1423 in
183 1373 317 1436 peccatis.»
332 1374 375 1424 Ubi
385 1375 440 1424 dicit
454 1375 551 1438 Glossa:
568 1375 644 1424 «fleu
660 1378 697 1424 est
714 1376 856 1426 cousuetudo

62 1443 233 1508 impudentium,
246 1449 272 1494 ut
287 1446 422 1508 deprehensi
431 1459 473 1510 per
482 1445 557 1508 aliqua
569 1445 626 1494 iaisa
634 1459 660 1496 so
669 1450 780 1496 excusent
788 1448 832 1510 (i).
840 1463 855 1494 o

62 1514 86 1563 nt
96 1515 226 1580 Gregorius,
238 1517 299 1566 XXII
313 1517 415 1572 Monoi„
430 1529 548 1579 exponens
560 1515 615 1565 iliud
629 1517 689 1572 lod,
702 1518 772 1567 xxxi
787 1533 794 1566 z
810 1520 856 1569 «si

62 1586 184 1650 abscondi,
200 1587 265 1649 quasi
276 1589 360 1649 homo,
374 1591 494 1651 peccatum
506 1599 592 1649 meum,
601 1605 615 1634 u
631 1585 701 1636 dicit:
718 1589 855 1639 «Usitatum

63 1658 152 1709 humaui
168 1658 259 1722 generis
274 1658 356 1708 vitium
369 1662 419 1719 est,
434 1663 457 1709 et
466 1659 557 1708 latendo
572 1663 689 1722 peccatum
703 1660 854 1722 committere,

62 1731 83 1777 et
96 1729 243 1780 commissum
258 1731 363 1794 negando
376 1730 529 1792 abscondere,
541 1733 564 1779 et
575 1729 705 1779 conuicium
714 1729 856 1781 defendendo

63 1800 243 1866 muitiplieara.»
300 1793 309 1810 ”
330 1863 340 1888 ⁰

352 1908 511 1959 iuncosus
527 1909 557 1960 11.

138 2031 227 2076 Utruim
237 2034 348 2075 ruccouaio
362 2031 432 2076 liceat
447 2031 594 2075 calumniose
603 2044 627 2075 ae
642 2031 773 2086 defendere.

90 2159 121 2208 dd
138 2157 264 2208 secuudum
282 2155 315 2206 aie
331 2157 467 2219 proceditur.
488 2155 582 2205 Videtur
596 2154 657 2218 qudd
671 2160 778 2205 accusato
788 2156 856 2207 liceat

63 2227 197 2278 calumniose
213 2241 237 2278 se
247 2227 375 2278 defendere.
391 2226 457 2289 Quia,
470 2225 745 2289 secunddmjuraeiriiia‚
755 2227 856 2277 incanum

63 2299 175 2363 sanguinis
192 2299 279 2348 licitum
292 2301 328 2348 est
345 2298 439 2348 cuilibet
451 2296 604 2347 aduersarium
622 2310 688 2346 suom
704 2309 855 2360 corrumpere.

62 2370 103 2421 Sed
113 2373 157 2423 hoe
170 2369 268 2420 manime
279 2373 315 2420 est
325 2367 465 2419 calumniosi
475 2382 501 2417 se
512 2368 644 2418 defendere.
655 2369 712 2431 drgo
724 2381 771 2418 non
779 2373 859 2431 peccat

63 2447 178 2493 accusatus
189 2442 213 2491 in
224 2454 290 2491 causa
303 2439 434 2504 sanguinis,
446 2440 467 2489 si
475 2438 613 2490 calumniose
624 2451 649 2488 se
660 2439 774 2489 defendat.

91 2515 396 2575 emmeramensem
419 2525 474 2561 cum
492 2514 600 2561 accusato
619 2509 747 2572 eododem,
767 2521 859 2572 poenam

93 2620 128 2686 (i)
142 2625 191 2670 Aut
202 2625 261 2668 sicut
274 2623 345 2668 habet
358 2621 508 2667 Cassiodorus
522 2633 551 2664 ex
565 2632 611 2674 quo
623 2627 713 2675 sumpto
729 2626 765 2664 est
778 2620 859 2664 Glossa

64 2686 98 2730 iila
107 2651 253 2744 ‚priuatam
252 2699 275 2730 ee
290 2686 375 2742 aliqud
392 2685 500 2748 salsitate
514 2694 632 2727 excusare
644 2686 781 2726 noscuntur
797 2679 859 2754 (nisi

64 2747 119 2792 iortd
131 2750 250 2793 nitantur
260 2749 297 2792 oet
308 2744 450 2805 consumtor),
462 2750 483 2790 et
495 2746 550 2789 edem
562 2746 660 2803 suerint
673 2744 731 2788 inde
744 2743 860 2793 convicti,

64 2810 124 2855 otios
141 2823 233 2868 semper
249 2811 416 2855 exeusationes
434 2813 575 2858 maumonii,
589 2819 619 2854 me
642 2806 737 2863 quaudo
761 2807 861 2851 ceritati

64 2876 196 2930 acquiescat
208 2873 374 2919 inuerecunda
385 2873 542 2930 protervitas
