<?xml version="1.0" encoding="UTF-8"?>
<!DOCTYPE html PUBLIC "-//W3C//DTD XHTML 1.0 Transitional//EN"
    "http://www.w3.org/TR/xhtml1/DTD/xhtml1-transitional.dtd">
<html xmlns="http://www.w3.org/1999/xhtml" xml:lang="en" lang="en">
 <head>
  <title>
</title>
<meta http-equiv="Content-Type" content="text/html;charset=utf-8" />
  <meta name='ocr-system' content='tesseract 3.04.00' />
  <meta name='ocr-capabilities' content='ocr_page ocr_carea ocr_par ocr_line ocrx_word'/>
</head>
<body>
  <div class='ocr_page' id='page_1' title='image "./summatheologica03nicogoog_0982.png"; bbox 0 0 1992 3317; ppageno 0'>
   <div class='ocr_carea' id='block_1_1' title="bbox 666 3 970 13">
    <p class='ocr_par' dir='ltr' id='par_1_1' title="bbox 666 3 970 13">
     <span class='ocr_line' id='line_1_1' title="bbox 666 3 970 13; baseline -0.003 -2"><span class='ocrx_word' id='word_1_1' title='bbox 666 3 670 5; x_wconf 99' lang='lat'>-</span> <span class='ocrx_word' id='word_1_2' title='bbox 716 4 970 13; x_wconf 64' lang='lat'>.--.„-.--‚-..„—.</span> 
     </span>
    </p>
   </div>
   <div class='ocr_carea' id='block_1_2' title="bbox 336 153 855 202">
    <p class='ocr_par' dir='ltr' id='par_1_2' title="bbox 336 153 855 202">
     <span class='ocr_line' id='line_1_2' title="bbox 336 153 855 202; baseline 0.006 -6"><span class='ocrx_word' id='word_1_3' title='bbox 336 158 367 196; x_wconf 79' lang='lat' dir='ltr'>us</span> <span class='ocrx_word' id='word_1_4' title='bbox 382 157 574 199; x_wconf 67' lang='lat' dir='ltr'>nannenten.</span> <span class='ocrx_word' id='word_1_5' title='bbox 810 153 855 202; x_wconf 80' lang='lat'>981</span> 
     </span>
    </p>
   </div>
   <div class='ocr_carea' id='block_1_3' title="bbox 53 233 939 2662">
    <p class='ocr_par' dir='ltr' id='par_1_3' title="bbox 55 233 939 1944">
     <span class='ocr_line' id='line_1_3' title="bbox 56 233 858 302; baseline 0.004 -14"><span class='ocrx_word' id='word_1_6' title='bbox 56 237 143 302; x_wconf 83' lang='lat' dir='ltr'>quiesi</span> <span class='ocrx_word' id='word_1_7' title='bbox 156 249 198 302; x_wconf 88' lang='lat' dir='ltr'>per</span> <span class='ocrx_word' id='word_1_8' title='bbox 206 233 333 300; x_wconf 70' lang='lat' dir='ltr'><strong>simplicem</strong></span> <span class='ocrx_word' id='word_1_9' title='bbox 347 236 527 288; x_wconf 76' lang='lat' dir='ltr'>enuntiationem</span> <span class='ocrx_word' id='word_1_10' title='bbox 540 236 607 301; x_wconf 85' lang='lat' dir='ltr'>mali,</span> <span class='ocrx_word' id='word_1_11' title='bbox 619 237 806 290; x_wconf 86' lang='lat' dir='ltr'>mosideracdum</span> <span class='ocrx_word' id='word_1_12' title='bbox 821 244 858 292; x_wconf 87' lang='lat' dir='ltr'>est</span> 
     </span>
     <span class='ocr_line' id='line_1_4' title="bbox 56 304 858 374; baseline 0.002 -13"><span class='ocrx_word' id='word_1_13' title='bbox 56 312 82 360; x_wconf 89' lang='lat' dir='ltr'>de</span> <span class='ocrx_word' id='word_1_14' title='bbox 92 309 145 361; x_wconf 77' lang='lat' dir='ltr'>adis</span> <span class='ocrx_word' id='word_1_15' title='bbox 159 304 255 359; x_wconf 85' lang='lat' dir='ltr'>duobos.</span> <span class='ocrx_word' id='word_1_16' title='bbox 267 307 310 358; x_wconf 84' lang='lat' dir='ltr'>ilbi</span> <span class='ocrx_word' id='word_1_17' title='bbox 321 308 379 359; x_wconf 89' lang='lat' dir='ltr'>scire</span> <span class='ocrx_word' id='word_1_18' title='bbox 388 312 477 372; x_wconf 75' lang='lat' dir='ltr'>oportet</span> <span class='ocrx_word' id='word_1_19' title='bbox 487 308 548 373; x_wconf 88' lang='lat' dir='ltr'>qudd</span> <span class='ocrx_word' id='word_1_20' title='bbox 560 309 635 362; x_wconf 83' lang='lat' dir='ltr'>lacere</span> <span class='ocrx_word' id='word_1_21' title='bbox 649 310 747 374; x_wconf 88' lang='lat' dir='ltr'>aliquid,</span> <span class='ocrx_word' id='word_1_22' title='bbox 761 315 785 362; x_wconf 87' lang='lat' dir='ltr'>et</span> <span class='ocrx_word' id='word_1_23' title='bbox 799 313 858 364; x_wconf 83' lang='lat' dir='ltr'>nelle</span> 
     </span>
     <span class='ocr_line' id='line_1_5' title="bbox 57 380 858 448; baseline 0.005 -16"><span class='ocrx_word' id='word_1_24' title='bbox 57 382 125 446; x_wconf 88' lang='lat' dir='ltr'>illud,</span> <span class='ocrx_word' id='word_1_25' title='bbox 143 393 167 432; x_wconf 89' lang='lat' dir='ltr'>se</span> <span class='ocrx_word' id='word_1_26' title='bbox 184 383 354 444; x_wconf 88' lang='lat' dir='ltr'>consequuntur</span> <span class='ocrx_word' id='word_1_27' title='bbox 367 380 391 430; x_wconf 91' lang='lat' dir='ltr'>in</span> <span class='ocrx_word' id='word_1_28' title='bbox 407 380 510 431; x_wconf 86' lang='lat' dir='ltr'>bonitate</span> <span class='ocrx_word' id='word_1_29' title='bbox 524 385 563 431; x_wconf 89' lang='lat' dir='ltr'>aut</span> <span class='ocrx_word' id='word_1_30' title='bbox 581 381 682 442; x_wconf 89' lang='lat' dir='ltr'>malitia,</span> <span class='ocrx_word' id='word_1_31' title='bbox 705 386 730 432; x_wconf 90' lang='lat' dir='ltr'>ut</span> <span class='ocrx_word' id='word_1_32' title='bbox 746 395 775 433; x_wconf 86' lang='lat' dir='ltr'>ex</span> <span class='ocrx_word' id='word_1_33' title='bbox 788 385 858 448; x_wconf 79' lang='lat' dir='ltr'>sopra</span> 
     </span>
     <span class='ocr_line' id='line_1_6' title="bbox 55 450 857 518; baseline 0.002 -15"><span class='ocrx_word' id='word_1_34' title='bbox 55 453 122 504; x_wconf 88' lang='lat' dir='ltr'>dictis</span> <span class='ocrx_word' id='word_1_35' title='bbox 132 454 198 516; x_wconf 90' lang='lat' dir='ltr'>patet</span> <span class='ocrx_word' id='word_1_36' title='bbox 208 450 277 515; x_wconf 76' lang='grc'>(1,1,</span> <span class='ocrx_word' id='word_1_37' title='bbox 290 465 328 513; x_wconf 92' lang='lat' dir='ltr'>qu.</span> <span class='ocrx_word' id='word_1_38' title='bbox 340 455 380 514; x_wconf 76' lang='lat'>2⁰,</span> <span class='ocrx_word' id='word_1_39' title='bbox 393 454 435 501; x_wconf 85' lang='lat' dir='ltr'>art.</span> <span class='ocrx_word' id='word_1_40' title='bbox 447 453 481 514; x_wconf 79' lang='lat' dir='ltr'>t).</span> <span class='ocrx_word' id='word_1_41' title='bbox 497 453 562 503; x_wconf 90' lang='lat' dir='ltr'>llude</span> <span class='ocrx_word' id='word_1_42' title='bbox 572 453 598 503; x_wconf 88' lang='lat' dir='ltr'>in</span> <span class='ocrx_word' id='word_1_43' title='bbox 612 453 662 503; x_wconf 89' lang='lat' dir='ltr'>istis</span> <span class='ocrx_word' id='word_1_44' title='bbox 677 454 764 505; x_wconf 88' lang='lat' dir='ltr'>duobus</span> <span class='ocrx_word' id='word_1_45' title='bbox 773 455 857 518; x_wconf 90' lang='lat' dir='ltr'>modis,</span> 
     </span>
     <span class='ocr_line' id='line_1_7' title="bbox 58 520 859 590; baseline 0.005 -16"><span class='ocrx_word' id='word_1_46' title='bbox 58 525 140 588; x_wconf 87' lang='lat' dir='ltr'>quibus</span> <span class='ocrx_word' id='word_1_47' title='bbox 154 523 240 573; x_wconf 89' lang='lat' dir='ltr'>malum</span> <span class='ocrx_word' id='word_1_48' title='bbox 257 520 339 572; x_wconf 86' lang='lat' dir='ltr'>dicitur</span> <span class='ocrx_word' id='word_1_49' title='bbox 352 535 393 587; x_wconf 85' lang='lat' dir='ltr'>per</span> <span class='ocrx_word' id='word_1_50' title='bbox 407 523 500 574; x_wconf 90' lang='lat' dir='ltr'>modum</span> <span class='ocrx_word' id='word_1_51' title='bbox 511 524 655 588; x_wconf 80' lang='lat' dir='ltr'>imperantis,</span> <span class='ocrx_word' id='word_1_52' title='bbox 664 525 702 576; x_wconf 84' lang='lat' dir='ltr'>uel</span> <span class='ocrx_word' id='word_1_53' title='bbox 713 539 755 590; x_wconf 92' lang='lat' dir='ltr'>per</span> <span class='ocrx_word' id='word_1_54' title='bbox 766 527 859 578; x_wconf 90' lang='lat' dir='ltr'>modum</span> 
     </span>
     <span class='ocr_line' id='line_1_8' title="bbox 59 593 858 662; baseline 0.003 -14"><span class='ocrx_word' id='word_1_55' title='bbox 59 594 174 662; x_wconf 86' lang='lat' dir='ltr'>optantis,</span> <span class='ocrx_word' id='word_1_56' title='bbox 189 594 268 644; x_wconf 90' lang='lat' dir='ltr'>eadem</span> <span class='ocrx_word' id='word_1_57' title='bbox 286 593 374 645; x_wconf 84' lang='lat' dir='ltr'>ratione</span> <span class='ocrx_word' id='word_1_58' title='bbox 397 599 432 646; x_wconf 85' lang='lat' dir='ltr'>est</span> <span class='ocrx_word' id='word_1_59' title='bbox 454 594 539 660; x_wconf 88' lang='lat' dir='ltr'>aliquid</span> <span class='ocrx_word' id='word_1_60' title='bbox 554 596 641 647; x_wconf 91' lang='lat' dir='ltr'>licitum</span> <span class='ocrx_word' id='word_1_61' title='bbox 660 600 685 647; x_wconf 90' lang='lat' dir='ltr'>et</span> <span class='ocrx_word' id='word_1_62' title='bbox 703 596 815 660; x_wconf 67' lang='lat' dir='ltr'>illim&#39;tum.</span> <span class='ocrx_word' id='word_1_63' title='bbox 833 600 858 650; x_wconf 87' lang='lat' dir='ltr'>si</span> 
     </span>
     <span class='ocr_line' id='line_1_9' title="bbox 57 665 857 734; baseline 0.003 -16"><span class='ocrx_word' id='word_1_64' title='bbox 57 669 117 718; x_wconf 92' lang='lat' dir='ltr'>enim</span> <span class='ocrx_word' id='word_1_65' title='bbox 132 666 217 730; x_wconf 86' lang='lat' dir='ltr'>aliquis</span> <span class='ocrx_word' id='word_1_66' title='bbox 235 665 332 730; x_wconf 81' lang='lat' dir='ltr'>imponet</span> <span class='ocrx_word' id='word_1_67' title='bbox 348 667 386 717; x_wconf 87' lang='lat' dir='ltr'>uel</span> <span class='ocrx_word' id='word_1_68' title='bbox 399 671 463 732; x_wconf 88' lang='lat' dir='ltr'>optet</span> <span class='ocrx_word' id='word_1_69' title='bbox 479 668 564 717; x_wconf 89' lang='lat' dir='ltr'>malum</span> <span class='ocrx_word' id='word_1_70' title='bbox 580 668 687 732; x_wconf 88' lang='lat' dir='ltr'>alterius,</span> <span class='ocrx_word' id='word_1_71' title='bbox 704 670 728 719; x_wconf 92' lang='lat' dir='ltr'>iu</span> <span class='ocrx_word' id='word_1_72' title='bbox 750 674 857 734; x_wconf 88' lang='lat' dir='ltr'>quantum</span> 
     </span>
     <span class='ocr_line' id='line_1_10' title="bbox 58 736 858 802; baseline -0.001 -9"><span class='ocrx_word' id='word_1_73' title='bbox 58 745 91 793; x_wconf 84' lang='lat' dir='ltr'>est</span> <span class='ocrx_word' id='word_1_74' title='bbox 100 739 197 800; x_wconf 89' lang='lat' dir='ltr'>malum,</span> <span class='ocrx_word' id='word_1_75' title='bbox 208 736 274 800; x_wconf 88' lang='lat' dir='ltr'>quusi</span> <span class='ocrx_word' id='word_1_76' title='bbox 287 737 362 802; x_wconf 90' lang='lat' dir='ltr'>ipsum</span> <span class='ocrx_word' id='word_1_77' title='bbox 373 739 456 788; x_wconf 90' lang='lat' dir='ltr'>malum</span> <span class='ocrx_word' id='word_1_78' title='bbox 469 738 599 801; x_wconf 83' lang='lat' dir='ltr'>intendens,</span> <span class='ocrx_word' id='word_1_79' title='bbox 609 740 643 790; x_wconf 89' lang='lat' dir='ltr'>sic</span> <span class='ocrx_word' id='word_1_80' title='bbox 650 741 783 792; x_wconf 80' lang='lat' dir='ltr'>maledicere</span> <span class='ocrx_word' id='word_1_81' title='bbox 794 745 858 792; x_wconf 91' lang='lat' dir='ltr'>utro-</span> 
     </span>
     <span class='ocr_line' id='line_1_11' title="bbox 56 810 859 878; baseline 0.001 -15"><span class='ocrx_word' id='word_1_82' title='bbox 56 827 100 876; x_wconf 90' lang='lat' dir='ltr'>que</span> <span class='ocrx_word' id='word_1_83' title='bbox 114 812 183 862; x_wconf 91' lang='lat' dir='ltr'>modo</span> <span class='ocrx_word' id='word_1_84' title='bbox 201 810 245 860; x_wconf 88' lang='lat' dir='ltr'>erit</span> <span class='ocrx_word' id='word_1_85' title='bbox 261 810 379 874; x_wconf 75' lang='lat' dir='ltr'>illicitum3</span> <span class='ocrx_word' id='word_1_86' title='bbox 395 814 419 861; x_wconf 93' lang='lat' dir='ltr'>et</span> <span class='ocrx_word' id='word_1_87' title='bbox 433 812 476 861; x_wconf 86' lang='lat' dir='ltr'>hoc</span> <span class='ocrx_word' id='word_1_88' title='bbox 489 814 525 862; x_wconf 90' lang='lat' dir='ltr'>est</span> <span class='ocrx_word' id='word_1_89' title='bbox 539 812 706 868; x_wconf 83' lang='lat' dir='ltr'>maledicere,</span> <span class='ocrx_word' id='word_1_90' title='bbox 726 827 768 878; x_wconf 93' lang='lat' dir='ltr'>per</span> <span class='ocrx_word' id='word_1_91' title='bbox 783 827 808 864; x_wconf 89' lang='lat' dir='ltr'>se</span> <span class='ocrx_word' id='word_1_92' title='bbox 825 815 859 864; x_wconf 94' lang='lat' dir='ltr'>lo-</span> 
     </span>
     <span class='ocr_line' id='line_1_12' title="bbox 56 881 858 948; baseline 0.004 -15"><span class='ocrx_word' id='word_1_93' title='bbox 56 885 156 948; x_wconf 88' lang='lat' dir='ltr'>quendo.</span> <span class='ocrx_word' id='word_1_94' title='bbox 170 881 196 930; x_wconf 89' lang='lat' dir='ltr'>Si</span> <span class='ocrx_word' id='word_1_95' title='bbox 208 885 281 932; x_wconf 90' lang='lat' dir='ltr'>autem</span> <span class='ocrx_word' id='word_1_96' title='bbox 295 881 375 946; x_wconf 89' lang='lat' dir='ltr'>aliquis</span> <span class='ocrx_word' id='word_1_97' title='bbox 388 881 484 946; x_wconf 83' lang='lat' dir='ltr'>imperet</span> <span class='ocrx_word' id='word_1_98' title='bbox 496 883 536 933; x_wconf 84' lang='lat' dir='ltr'>uel</span> <span class='ocrx_word' id='word_1_99' title='bbox 544 887 608 947; x_wconf 90' lang='lat' dir='ltr'>optet</span> <span class='ocrx_word' id='word_1_100' title='bbox 621 885 706 934; x_wconf 88' lang='lat' dir='ltr'>malum</span> <span class='ocrx_word' id='word_1_101' title='bbox 714 885 806 936; x_wconf 87' lang='lat' dir='ltr'>alterius</span> <span class='ocrx_word' id='word_1_102' title='bbox 816 887 858 936; x_wconf 90' lang='lat' dir='ltr'>suh</span> 
     </span>
     <span class='ocr_line' id='line_1_13' title="bbox 56 953 860 1019; baseline 0.004 -13"><span class='ocrx_word' id='word_1_103' title='bbox 56 958 144 1007; x_wconf 88' lang='lat' dir='ltr'>ratione</span> <span class='ocrx_word' id='word_1_104' title='bbox 158 953 226 1016; x_wconf 85' lang='lat' dir='ltr'>boui,</span> <span class='ocrx_word' id='word_1_105' title='bbox 240 953 274 1004; x_wconf 91' lang='lat' dir='ltr'>sic</span> <span class='ocrx_word' id='word_1_106' title='bbox 287 956 322 1004; x_wconf 90' lang='lat' dir='ltr'>est</span> <span class='ocrx_word' id='word_1_107' title='bbox 340 953 440 1017; x_wconf 91' lang='lat' dir='ltr'>licitum,</span> <span class='ocrx_word' id='word_1_108' title='bbox 452 967 494 1004; x_wconf 89' lang='lat' dir='ltr'>uec</span> <span class='ocrx_word' id='word_1_109' title='bbox 508 954 550 1004; x_wconf 88' lang='lat' dir='ltr'>erit</span> <span class='ocrx_word' id='word_1_110' title='bbox 563 955 708 1018; x_wconf 83' lang='lat' dir='ltr'>maledictio,</span> <span class='ocrx_word' id='word_1_111' title='bbox 728 969 769 1019; x_wconf 90' lang='lat' dir='ltr'>per</span> <span class='ocrx_word' id='word_1_112' title='bbox 784 969 809 1007; x_wconf 89' lang='lat' dir='ltr'>se</span> <span class='ocrx_word' id='word_1_113' title='bbox 822 959 860 1009; x_wconf 89' lang='lat' dir='ltr'>lc-</span> 
     </span>
     <span class='ocr_line' id='line_1_14' title="bbox 58 1025 860 1092; baseline 0.002 -15"><span class='ocrx_word' id='word_1_114' title='bbox 58 1027 165 1092; x_wconf 90' lang='lat' dir='ltr'>quendo,</span> <span class='ocrx_word' id='word_1_115' title='bbox 185 1026 224 1076; x_wconf 88' lang='lat' dir='ltr'>sed</span> <span class='ocrx_word' id='word_1_116' title='bbox 244 1038 286 1089; x_wconf 89' lang='lat' dir='ltr'>per</span> <span class='ocrx_word' id='word_1_117' title='bbox 302 1025 421 1088; x_wconf 87' lang='lat' dir='ltr'>accideus;</span> <span class='ocrx_word' id='word_1_118' title='bbox 437 1025 490 1090; x_wconf 89' lang='lat' dir='ltr'>quia</span> <span class='ocrx_word' id='word_1_119' title='bbox 503 1026 634 1090; x_wconf 88' lang='lat' dir='ltr'>principalis</span> <span class='ocrx_word' id='word_1_120' title='bbox 652 1025 749 1077; x_wconf 89' lang='lat' dir='ltr'>intentio</span> <span class='ocrx_word' id='word_1_121' title='bbox 763 1027 860 1079; x_wconf 87' lang='lat' dir='ltr'>dicentis</span> 
     </span>
     <span class='ocr_line' id='line_1_15' title="bbox 57 1097 859 1162; baseline 0.001 -13"><span class='ocrx_word' id='word_1_122' title='bbox 57 1114 103 1151; x_wconf 93' lang='lat' dir='ltr'>nou</span> <span class='ocrx_word' id='word_1_123' title='bbox 114 1100 187 1150; x_wconf 86' lang='lat' dir='ltr'>ierim</span> <span class='ocrx_word' id='word_1_124' title='bbox 200 1097 229 1147; x_wconf 91' lang='lat' dir='ltr'>ad</span> <span class='ocrx_word' id='word_1_125' title='bbox 243 1097 340 1160; x_wconf 85' lang='lat' dir='ltr'>malum,</span> <span class='ocrx_word' id='word_1_126' title='bbox 354 1097 395 1148; x_wconf 88' lang='lat' dir='ltr'>sed</span> <span class='ocrx_word' id='word_1_127' title='bbox 409 1099 436 1149; x_wconf 90' lang='lat' dir='ltr'>ad</span> <span class='ocrx_word' id='word_1_128' title='bbox 449 1099 544 1148; x_wconf 88' lang='lat' dir='ltr'>honum.</span> <span class='ocrx_word' id='word_1_129' title='bbox 556 1099 673 1162; x_wconf 79' lang='lat' dir='ltr'>soutingit</span> <span class='ocrx_word' id='word_1_130' title='bbox 686 1104 762 1150; x_wconf 91' lang='lat' dir='ltr'>autem</span> <span class='ocrx_word' id='word_1_131' title='bbox 775 1101 859 1150; x_wconf 90' lang='lat' dir='ltr'>malum</span> 
     </span>
     <span class='ocr_line' id='line_1_16' title="bbox 57 1168 857 1236; baseline -0.003 -15"><span class='ocrx_word' id='word_1_132' title='bbox 57 1171 150 1236; x_wconf 87' lang='lat' dir='ltr'>aliquod</span> <span class='ocrx_word' id='word_1_133' title='bbox 159 1169 205 1220; x_wconf 93' lang='lat' dir='ltr'>dici</span> <span class='ocrx_word' id='word_1_134' title='bbox 217 1168 350 1232; x_wconf 88' lang='lat' dir='ltr'>imperando</span> <span class='ocrx_word' id='word_1_135' title='bbox 358 1169 396 1218; x_wconf 87' lang='lat' dir='ltr'>uel</span> <span class='ocrx_word' id='word_1_136' title='bbox 405 1170 514 1232; x_wconf 88' lang='lat' dir='ltr'>optando,</span> <span class='ocrx_word' id='word_1_137' title='bbox 525 1169 567 1218; x_wconf 82' lang='lat' dir='ltr'>solt</span> <span class='ocrx_word' id='word_1_138' title='bbox 580 1169 667 1220; x_wconf 88' lang='lat' dir='ltr'>mtione</span> <span class='ocrx_word' id='word_1_139' title='bbox 680 1169 778 1234; x_wconf 90' lang='lat' dir='ltr'>duplicis</span> <span class='ocrx_word' id='word_1_140' title='bbox 795 1171 857 1222; x_wconf 83' lang='lat' dir='ltr'>ltoui.</span> 
     </span>
     <span class='ocr_line' id='line_1_17' title="bbox 57 1239 859 1305; baseline -0.001 -12"><span class='ocrx_word' id='word_1_141' title='bbox 57 1243 203 1305; x_wconf 82' lang='lat' dir='ltr'>Quandoque·</span> <span class='ocrx_word' id='word_1_142' title='bbox 218 1239 308 1304; x_wconf 89' lang='lat' dir='ltr'>quidem</span> <span class='ocrx_word' id='word_1_143' title='bbox 322 1240 364 1291; x_wconf 89' lang='lat' dir='ltr'>sub</span> <span class='ocrx_word' id='word_1_144' title='bbox 378 1241 463 1291; x_wconf 88' lang='lat' dir='ltr'>ratione</span> <span class='ocrx_word' id='word_1_145' title='bbox 475 1241 550 1305; x_wconf 84' lang='lat' dir='ltr'>justi,</span> <span class='ocrx_word' id='word_1_146' title='bbox 562 1245 585 1292; x_wconf 89' lang='lat' dir='ltr'>et</span> <span class='ocrx_word' id='word_1_147' title='bbox 600 1241 634 1291; x_wconf 88' lang='lat' dir='ltr'>sic</span> <span class='ocrx_word' id='word_1_148' title='bbox 645 1241 715 1304; x_wconf 76' lang='lat' dir='ltr'>iudex</span> <span class='ocrx_word' id='word_1_149' title='bbox 728 1241 791 1293; x_wconf 79' lang='lat' dir='ltr'>licite</span> <span class='ocrx_word' id='word_1_150' title='bbox 811 1254 859 1292; x_wconf 89' lang='lat' dir='ltr'>ma-</span> 
     </span>
     <span class='ocr_line' id='line_1_18' title="bbox 56 1311 860 1376; baseline 0 -13"><span class='ocrx_word' id='word_1_151' title='bbox 56 1313 135 1365; x_wconf 87' lang='lat' dir='ltr'>ledicit</span> <span class='ocrx_word' id='word_1_152' title='bbox 147 1312 211 1362; x_wconf 91' lang='lat' dir='ltr'>illum</span> <span class='ocrx_word' id='word_1_153' title='bbox 228 1312 266 1362; x_wconf 91' lang='lat' dir='ltr'>eui</span> <span class='ocrx_word' id='word_1_154' title='bbox 279 1311 381 1376; x_wconf 73' lang='lat' dir='ltr'>precipit</span> <span class='ocrx_word' id='word_1_155' title='bbox 391 1311 478 1375; x_wconf 86' lang='lat' dir='ltr'>justam</span> <span class='ocrx_word' id='word_1_156' title='bbox 489 1324 580 1376; x_wconf 86' lang='lat' dir='ltr'>poeuam</span> <span class='ocrx_word' id='word_1_157' title='bbox 597 1311 691 1376; x_wconf 76' lang='lat' dir='ltr'>mierm3</span> <span class='ocrx_word' id='word_1_158' title='bbox 706 1316 731 1362; x_wconf 86' lang='lat' dir='ltr'>et</span> <span class='ocrx_word' id='word_1_159' title='bbox 741 1313 775 1363; x_wconf 92' lang='lat' dir='ltr'>sic</span> <span class='ocrx_word' id='word_1_160' title='bbox 789 1312 860 1364; x_wconf 84' lang='lat' dir='ltr'>etiam</span> 
     </span>
     <span class='ocr_line' id='line_1_19' title="bbox 57 1382 860 1449; baseline 0 -13"><span class='ocrx_word' id='word_1_161' title='bbox 57 1383 161 1436; x_wconf 78' lang='lat' dir='ltr'>Ecclesia</span> <span class='ocrx_word' id='word_1_162' title='bbox 180 1382 294 1434; x_wconf 87' lang='lat' dir='ltr'>maledicit</span> <span class='ocrx_word' id='word_1_163' title='bbox 308 1383 527 1447; x_wconf 84' lang='lat' dir='ltr'>anathematizando,</span> <span class='ocrx_word' id='word_1_164' title='bbox 546 1382 606 1433; x_wconf 91' lang='lat' dir='ltr'>sicot</span> <span class='ocrx_word' id='word_1_165' title='bbox 621 1382 689 1434; x_wconf 88' lang='lat' dir='ltr'>etiam</span> <span class='ocrx_word' id='word_1_166' title='bbox 701 1385 821 1449; x_wconf 76' lang='lat' dir='ltr'>prophete</span> <span class='ocrx_word' id='word_1_167' title='bbox 835 1384 860 1436; x_wconf 88' lang='lat' dir='ltr'>io</span> 
     </span>
     <span class='ocr_line' id='line_1_20' title="bbox 55 1453 860 1520; baseline -0.002 -12"><span class='ocrx_word' id='word_1_168' title='bbox 55 1454 183 1520; x_wconf 85' lang='lat' dir='ltr'>Scripturis</span> <span class='ocrx_word' id='word_1_169' title='bbox 202 1455 336 1519; x_wconf 84' lang='lat' dir='ltr'>quaudoque</span> <span class='ocrx_word' id='word_1_170' title='bbox 356 1453 509 1518; x_wconf 76' lang='lat' dir='ltr'>imprecantur</span> <span class='ocrx_word' id='word_1_171' title='bbox 528 1455 587 1504; x_wconf 73' lang='lat' dir='ltr'>mma</span> <span class='ocrx_word' id='word_1_172' title='bbox 607 1455 775 1519; x_wconf 87' lang='lat' dir='ltr'>peccatoribus,</span> <span class='ocrx_word' id='word_1_173' title='bbox 794 1457 860 1520; x_wconf 89' lang='lat' dir='ltr'>quasi</span> 
     </span>
     <span class='ocr_line' id='line_1_21' title="bbox 57 1525 861 1592; baseline -0.001 -13"><span class='ocrx_word' id='word_1_174' title='bbox 57 1527 226 1580; x_wconf 76' lang='lat' dir='ltr'>conformantes</span> <span class='ocrx_word' id='word_1_175' title='bbox 241 1525 381 1576; x_wconf 89' lang='lat' dir='ltr'>uoluntatem</span> <span class='ocrx_word' id='word_1_176' title='bbox 400 1539 463 1575; x_wconf 89' lang='lat' dir='ltr'>suam</span> <span class='ocrx_word' id='word_1_177' title='bbox 485 1526 569 1577; x_wconf 79' lang='lat' dir='ltr'>diuina</span> <span class='ocrx_word' id='word_1_178' title='bbox 585 1526 696 1590; x_wconf 80' lang='lat' dir='ltr'>justitie,</span> <span class='ocrx_word' id='word_1_179' title='bbox 710 1525 764 1577; x_wconf 70' lang='lat' dir='ltr'>licet</span> <span class='ocrx_word' id='word_1_180' title='bbox 780 1527 861 1592; x_wconf 71' lang='lat' dir='ltr'>injus</span> 
     </span>
     <span class='ocr_line' id='line_1_22' title="bbox 56 1596 860 1662; baseline 0.001 -13"><span class='ocrx_word' id='word_1_181' title='bbox 56 1597 119 1650; x_wconf 93' lang='lat' dir='ltr'>modi</span> <span class='ocrx_word' id='word_1_182' title='bbox 132 1597 307 1661; x_wconf 87' lang='lat' dir='ltr'>imprecationes</span> <span class='ocrx_word' id='word_1_183' title='bbox 319 1597 409 1660; x_wconf 87' lang='lat' dir='ltr'>possint</span> <span class='ocrx_word' id='word_1_184' title='bbox 421 1596 491 1648; x_wconf 89' lang='lat' dir='ltr'>etiam</span> <span class='ocrx_word' id='word_1_185' title='bbox 504 1610 545 1662; x_wconf 91' lang='lat' dir='ltr'>per</span> <span class='ocrx_word' id='word_1_186' title='bbox 558 1597 649 1647; x_wconf 90' lang='lat' dir='ltr'>modum</span> <span class='ocrx_word' id='word_1_187' title='bbox 662 1597 860 1661; x_wconf 77' lang='lat' dir='ltr'>prenuntiatiduis</span> 
     </span>
     <span class='ocr_line' id='line_1_23' title="bbox 56 1667 939 1734; baseline 0.001 -12"><span class='ocrx_word' id='word_1_188' title='bbox 56 1669 165 1734; x_wconf 74' lang='lat' dir='ltr'>intelligi.</span> <span class='ocrx_word' id='word_1_189' title='bbox 184 1669 321 1733; x_wconf 81' lang='lat' dir='ltr'>Quandoque</span> <span class='ocrx_word' id='word_1_190' title='bbox 337 1668 391 1719; x_wconf 86' lang='lat' dir='ltr'>nerd</span> <span class='ocrx_word' id='word_1_191' title='bbox 408 1669 490 1720; x_wconf 88' lang='lat' dir='ltr'>dicitur</span> <span class='ocrx_word' id='word_1_192' title='bbox 500 1669 591 1732; x_wconf 91' lang='lat' dir='ltr'>aliquod</span> <span class='ocrx_word' id='word_1_193' title='bbox 608 1669 693 1718; x_wconf 88' lang='lat' dir='ltr'>malum</span> <span class='ocrx_word' id='word_1_194' title='bbox 712 1670 754 1719; x_wconf 87' lang='lat' dir='ltr'>sub</span> <span class='ocrx_word' id='word_1_195' title='bbox 771 1667 861 1723; x_wconf 77' lang='lat' dir='ltr'>muodo</span> <span class='ocrx_word' id='word_1_196' title='bbox 932 1714 939 1730; x_wconf 85' lang='grc'><strong>.</strong></span> 
     </span>
     <span class='ocr_line' id='line_1_24' title="bbox 55 1738 861 1806; baseline -0.001 -14"><span class='ocrx_word' id='word_1_197' title='bbox 55 1742 136 1804; x_wconf 85' lang='lat' dir='ltr'>utilis,</span> <span class='ocrx_word' id='word_1_198' title='bbox 149 1739 264 1805; x_wconf 79' lang='lat' dir='ltr'>pulicum</span> <span class='ocrx_word' id='word_1_199' title='bbox 274 1738 357 1804; x_wconf 87' lang='lat' dir='ltr'>aliquis</span> <span class='ocrx_word' id='word_1_200' title='bbox 370 1743 434 1804; x_wconf 86' lang='lat' dir='ltr'>optat</span> <span class='ocrx_word' id='word_1_201' title='bbox 444 1740 543 1804; x_wconf 87' lang='lat' dir='ltr'>aliquem</span> <span class='ocrx_word' id='word_1_202' title='bbox 554 1743 694 1805; x_wconf 77' lang='lat' dir='ltr'>peccatorem</span> <span class='ocrx_word' id='word_1_203' title='bbox 704 1741 751 1805; x_wconf 90' lang='lat' dir='ltr'>pati</span> <span class='ocrx_word' id='word_1_204' title='bbox 763 1741 861 1806; x_wconf 71' lang='lat' dir='ltr'>aliquam</span> 
     </span>
     <span class='ocr_line' id='line_1_25' title="bbox 55 1806 862 1878; baseline -0.002 -14"><span class='ocrx_word' id='word_1_205' title='bbox 55 1811 232 1878; x_wconf 78' lang='lat' dir='ltr'>egritudinem,</span> <span class='ocrx_word' id='word_1_206' title='bbox 246 1819 285 1862; x_wconf 87' lang='lat' dir='ltr'>aut</span> <span class='ocrx_word' id='word_1_207' title='bbox 301 1811 390 1876; x_wconf 84' lang='lat' dir='ltr'>aliquod</span> <span class='ocrx_word' id='word_1_208' title='bbox 404 1811 607 1876; x_wconf 86' lang='lat' dir='ltr'>impedimentum,</span> <span class='ocrx_word' id='word_1_209' title='bbox 622 1812 659 1862; x_wconf 86' lang='lat' dir='ltr'>uel</span> <span class='ocrx_word' id='word_1_210' title='bbox 671 1814 699 1860; x_wconf 92' lang='lat' dir='ltr'>ut</span> <span class='ocrx_word' id='word_1_211' title='bbox 719 1811 768 1876; x_wconf 89' lang='lat' dir='ltr'>ipse</span> <span class='ocrx_word' id='word_1_212' title='bbox 781 1806 862 1864; x_wconf 85' lang='lat' dir='ltr'>metior</span> 
     </span>
     <span class='ocr_line' id='line_1_26' title="bbox 55 1883 749 1944; baseline -0.003 -9"><span class='ocrx_word' id='word_1_213' title='bbox 55 1884 181 1944; x_wconf 84' lang='lat' dir='ltr'>eliciatur,</span> <span class='ocrx_word' id='word_1_214' title='bbox 196 1883 234 1933; x_wconf 86' lang='lat' dir='ltr'>sel</span> <span class='ocrx_word' id='word_1_215' title='bbox 244 1885 270 1932; x_wconf 89' lang='lat' dir='ltr'>ut</span> <span class='ocrx_word' id='word_1_216' title='bbox 283 1883 362 1932; x_wconf 89' lang='lat' dir='ltr'>saltem</span> <span class='ocrx_word' id='word_1_217' title='bbox 372 1883 401 1932; x_wconf 86' lang='lat' dir='ltr'>ab</span> <span class='ocrx_word' id='word_1_218' title='bbox 412 1883 507 1934; x_wconf 88' lang='lat' dir='ltr'>aliorum</span> <span class='ocrx_word' id='word_1_219' title='bbox 516 1886 653 1935; x_wconf 88' lang='lat' dir='ltr'>nocumento</span> <span class='ocrx_word' id='word_1_220' title='bbox 664 1887 749 1933; x_wconf 90' lang='lat' dir='ltr'>cesset.</span> 
     </span>
    </p>

    <p class='ocr_par' dir='ltr' id='par_1_4' title="bbox 55 1954 861 2091">
     <span class='ocr_line' id='line_1_27' title="bbox 90 1954 861 2020; baseline 0 -14"><span class='ocrx_word' id='word_1_221' title='bbox 90 1956 124 2006; x_wconf 86' lang='lat' dir='ltr'>tid</span> <span class='ocrx_word' id='word_1_222' title='bbox 133 1955 232 2020; x_wconf 90' lang='lat' dir='ltr'>primum</span> <span class='ocrx_word' id='word_1_223' title='bbox 245 1967 298 2018; x_wconf 75' lang='lat' dir='ltr'>crgo</span> <span class='ocrx_word' id='word_1_224' title='bbox 313 1954 446 2017; x_wconf 86' lang='lat' dir='ltr'>dicendum,</span> <span class='ocrx_word' id='word_1_225' title='bbox 461 1954 523 2019; x_wconf 86' lang='lat' dir='ltr'>qudd</span> <span class='ocrx_word' id='word_1_226' title='bbox 539 1955 660 2018; x_wconf 68' lang='lat' dir='ltr'>Apostolus</span> <span class='ocrx_word' id='word_1_227' title='bbox 672 1955 777 2019; x_wconf 86' lang='lat' dir='ltr'>prohibet</span> <span class='ocrx_word' id='word_1_228' title='bbox 790 1954 861 2006; x_wconf 91' lang='lat' dir='ltr'>male·</span> 
     </span>
     <span class='ocr_line' id='line_1_28' title="bbox 55 2026 649 2091; baseline -0.005 -12"><span class='ocrx_word' id='word_1_229' title='bbox 55 2028 145 2090; x_wconf 87' lang='lat' dir='ltr'>dicere,</span> <span class='ocrx_word' id='word_1_230' title='bbox 157 2039 231 2091; x_wconf 88' lang='lat' dir='ltr'>perse</span> <span class='ocrx_word' id='word_1_231' title='bbox 244 2027 369 2090; x_wconf 87' lang='lat' dir='ltr'>loquendo,</span> <span class='ocrx_word' id='word_1_232' title='bbox 383 2040 436 2076; x_wconf 87' lang='lat' dir='ltr'>cunr</span> <span class='ocrx_word' id='word_1_233' title='bbox 447 2026 574 2076; x_wconf 88' lang='lat' dir='ltr'>intentione</span> <span class='ocrx_word' id='word_1_234' title='bbox 587 2026 649 2076; x_wconf 90' lang='lat' dir='ltr'>mali.</span> 
     </span>
    </p>

    <p class='ocr_par' dir='ltr' id='par_1_5' title="bbox 89 2098 598 2149">
     <span class='ocr_line' id='line_1_29' title="bbox 89 2098 598 2149; baseline 0 0"><span class='ocrx_word' id='word_1_235' title='bbox 89 2099 119 2149; x_wconf 80' lang='lat' dir='ltr'>lit</span> <span class='ocrx_word' id='word_1_236' title='bbox 132 2098 238 2149; x_wconf 88' lang='lat' dir='ltr'>similiter</span> <span class='ocrx_word' id='word_1_237' title='bbox 247 2098 369 2148; x_wconf 86' lang='lat' dir='ltr'>dicendum</span> <span class='ocrx_word' id='word_1_238' title='bbox 379 2102 416 2148; x_wconf 85' lang='lat' dir='ltr'>est</span> <span class='ocrx_word' id='word_1_239' title='bbox 426 2099 454 2148; x_wconf 90' lang='lat' dir='ltr'>ad</span> <span class='ocrx_word' id='word_1_240' title='bbox 464 2098 598 2149; x_wconf 88' lang='lat' dir='ltr'>secuudum.</span> 
     </span>
    </p>

    <p class='ocr_par' dir='ltr' id='par_1_6' title="bbox 53 2169 862 2378">
     <span class='ocr_line' id='line_1_30' title="bbox 91 2169 860 2234; baseline -0.004 -12"><span class='ocrx_word' id='word_1_241' title='bbox 91 2171 125 2223; x_wconf 83' lang='lat' dir='ltr'>dd</span> <span class='ocrx_word' id='word_1_242' title='bbox 139 2169 231 2222; x_wconf 87' lang='lat' dir='ltr'>tertium</span> <span class='ocrx_word' id='word_1_243' title='bbox 245 2169 381 2232; x_wconf 85' lang='lat' dir='ltr'>dicendum,</span> <span class='ocrx_word' id='word_1_244' title='bbox 392 2169 450 2233; x_wconf 87' lang='lat' dir='ltr'>qudd</span> <span class='ocrx_word' id='word_1_245' title='bbox 461 2173 538 2234; x_wconf 84' lang='lat' dir='ltr'>optare</span> <span class='ocrx_word' id='word_1_246' title='bbox 548 2169 616 2220; x_wconf 82' lang='lat' dir='ltr'>aliem</span> <span class='ocrx_word' id='word_1_247' title='bbox 625 2169 709 2220; x_wconf 77' lang='lat' dir='ltr'>rodum</span> <span class='ocrx_word' id='word_1_248' title='bbox 720 2170 763 2220; x_wconf 82' lang='lat' dir='ltr'>cult</span> <span class='ocrx_word' id='word_1_249' title='bbox 773 2169 860 2220; x_wconf 91' lang='lat' dir='ltr'>ratione</span> 
     </span>
     <span class='ocr_line' id='line_1_31' title="bbox 54 2239 862 2307; baseline -0.005 -12"><span class='ocrx_word' id='word_1_250' title='bbox 54 2244 124 2307; x_wconf 85' lang='lat' dir='ltr'>boui,</span> <span class='ocrx_word' id='word_1_251' title='bbox 134 2255 181 2294; x_wconf 92' lang='lat' dir='ltr'>nou</span> <span class='ocrx_word' id='word_1_252' title='bbox 191 2242 341 2293; x_wconf 88' lang='lat' dir='ltr'>contrariatur</span> <span class='ocrx_word' id='word_1_253' title='bbox 350 2240 440 2291; x_wconf 78' lang='lat' dir='ltr'>affectui</span> <span class='ocrx_word' id='word_1_254' title='bbox 450 2253 496 2304; x_wconf 93' lang='lat' dir='ltr'>quo</span> <span class='ocrx_word' id='word_1_255' title='bbox 510 2239 562 2304; x_wconf 85' lang='lat' dir='ltr'>quis</span> <span class='ocrx_word' id='word_1_256' title='bbox 573 2239 705 2304; x_wconf 85' lang='lat' dir='ltr'>simpliciter</span> <span class='ocrx_word' id='word_1_257' title='bbox 714 2239 783 2290; x_wconf 90' lang='lat' dir='ltr'>alicui</span> <span class='ocrx_word' id='word_1_258' title='bbox 797 2243 862 2305; x_wconf 87' lang='lat' dir='ltr'>optat</span> 
     </span>
     <span class='ocr_line' id='line_1_32' title="bbox 53 2312 707 2378; baseline -0.011 -11"><span class='ocrx_word' id='word_1_259' title='bbox 53 2318 144 2368; x_wconf 83' lang='lat' dir='ltr'>bonum</span> <span class='ocrx_word' id='word_1_260' title='bbox 151 2351 160 2378; x_wconf 92' lang='lat'>‚</span> <span class='ocrx_word' id='word_1_261' title='bbox 173 2314 213 2364; x_wconf 87' lang='lat' dir='ltr'>scd</span> <span class='ocrx_word' id='word_1_262' title='bbox 223 2312 297 2376; x_wconf 79' lang='lat' dir='ltr'>magis</span> <span class='ocrx_word' id='word_1_263' title='bbox 307 2313 375 2363; x_wconf 83' lang='lat' dir='ltr'>habet</span> <span class='ocrx_word' id='word_1_264' title='bbox 386 2312 568 2363; x_wconf 83' lang='lat' dir='ltr'>conformitatem</span> <span class='ocrx_word' id='word_1_265' title='bbox 585 2312 614 2362; x_wconf 91' lang='lat' dir='ltr'>ad</span> <span class='ocrx_word' id='word_1_266' title='bbox 623 2314 707 2376; x_wconf 90' lang='lat' dir='ltr'>ipsum.</span> 
     </span>
    </p>

    <p class='ocr_par' dir='ltr' id='par_1_7' title="bbox 54 2383 862 2662">
     <span class='ocr_line' id='line_1_33' title="bbox 90 2383 861 2450; baseline -0.006 -12"><span class='ocrx_word' id='word_1_267' title='bbox 90 2388 125 2438; x_wconf 79' lang='lat' dir='ltr'>td</span> <span class='ocrx_word' id='word_1_268' title='bbox 138 2389 243 2450; x_wconf 90' lang='lat' dir='ltr'>quartum</span> <span class='ocrx_word' id='word_1_269' title='bbox 256 2385 389 2448; x_wconf 90' lang='lat' dir='ltr'>dicendum,</span> <span class='ocrx_word' id='word_1_270' title='bbox 406 2383 467 2448; x_wconf 88' lang='lat' dir='ltr'>qudd</span> <span class='ocrx_word' id='word_1_271' title='bbox 479 2383 504 2433; x_wconf 89' lang='lat' dir='ltr'>in</span> <span class='ocrx_word' id='word_1_272' title='bbox 515 2383 603 2438; x_wconf 78' lang='lat' dir='ltr'>maiolo</span> <span class='ocrx_word' id='word_1_273' title='bbox 614 2387 651 2434; x_wconf 89' lang='lat' dir='ltr'>est</span> <span class='ocrx_word' id='word_1_274' title='bbox 663 2383 806 2434; x_wconf 87' lang='lat' dir='ltr'>considerare</span> <span class='ocrx_word' id='word_1_275' title='bbox 820 2396 861 2433; x_wconf 89' lang='lat' dir='ltr'>na·</span> 
     </span>
     <span class='ocr_line' id='line_1_34' title="bbox 56 2454 861 2522; baseline -0.01 -11"><span class='ocrx_word' id='word_1_276' title='bbox 56 2465 134 2511; x_wconf 87' lang='lat' dir='ltr'>turam</span> <span class='ocrx_word' id='word_1_277' title='bbox 144 2459 168 2508; x_wconf 89' lang='lat' dir='ltr'>et</span> <span class='ocrx_word' id='word_1_278' title='bbox 176 2457 275 2522; x_wconf 85' lang='lat' dir='ltr'>colpam.</span> <span class='ocrx_word' id='word_1_279' title='bbox 288 2457 373 2506; x_wconf 78' lang='lat' dir='ltr'>matura</span> <span class='ocrx_word' id='word_1_280' title='bbox 381 2456 474 2519; x_wconf 87' lang='lat' dir='ltr'>quidem</span> <span class='ocrx_word' id='word_1_281' title='bbox 483 2455 534 2519; x_wconf 82' lang='lat' dir='ltr'>ejus</span> <span class='ocrx_word' id='word_1_282' title='bbox 546 2455 606 2506; x_wconf 85' lang='lat' dir='ltr'>bona</span> <span class='ocrx_word' id='word_1_283' title='bbox 621 2458 671 2518; x_wconf 89' lang='lat' dir='ltr'>cst,</span> <span class='ocrx_word' id='word_1_284' title='bbox 683 2458 706 2505; x_wconf 88' lang='lat' dir='ltr'>et</span> <span class='ocrx_word' id='word_1_285' title='bbox 719 2454 803 2514; x_wconf 88' lang='lat' dir='ltr'>llleo,</span> <span class='ocrx_word' id='word_1_286' title='bbox 818 2467 861 2504; x_wconf 89' lang='lat' dir='ltr'>nce</span> 
     </span>
     <span class='ocr_line' id='line_1_35' title="bbox 54 2525 862 2591; baseline -0.009 -8"><span class='ocrx_word' id='word_1_287' title='bbox 54 2544 110 2584; x_wconf 89' lang='lat' dir='ltr'>eam</span> <span class='ocrx_word' id='word_1_288' title='bbox 124 2529 257 2580; x_wconf 89' lang='lat' dir='ltr'>maledicere</span> <span class='ocrx_word' id='word_1_289' title='bbox 274 2527 335 2578; x_wconf 88' lang='lat' dir='ltr'>licet.</span> <span class='ocrx_word' id='word_1_290' title='bbox 348 2527 419 2591; x_wconf 83' lang='lat' dir='ltr'>Culpa</span> <span class='ocrx_word' id='word_1_291' title='bbox 437 2529 514 2577; x_wconf 89' lang='lat' dir='ltr'>autem</span> <span class='ocrx_word' id='word_1_292' title='bbox 529 2526 631 2590; x_wconf 78' lang='lat' dir='ltr'>ejusest</span> <span class='ocrx_word' id='word_1_293' title='bbox 644 2525 812 2588; x_wconf 88' lang='lat' dir='ltr'>maledicenda,</span> <span class='ocrx_word' id='word_1_294' title='bbox 824 2538 862 2576; x_wconf 87' lang='lat' dir='ltr'>se·</span> 
     </span>
     <span class='ocr_line' id='line_1_36' title="bbox 57 2597 860 2662; baseline -0.016 -6"><span class='ocrx_word' id='word_1_295' title='bbox 57 2601 160 2656; x_wconf 90' lang='lat' dir='ltr'>cundirm</span> <span class='ocrx_word' id='word_1_296' title='bbox 169 2601 225 2652; x_wconf 91' lang='lat' dir='ltr'>illud</span> <span class='ocrx_word' id='word_1_297' title='bbox 232 2599 291 2660; x_wconf 84' lang='lat' dir='ltr'>Joc,</span> <span class='ocrx_word' id='word_1_298' title='bbox 299 2600 329 2649; x_wconf 97' lang='lat' dir='ltr'>lll</span> <span class='ocrx_word' id='word_1_299' title='bbox 340 2614 346 2650; x_wconf 88' lang='lat'>:</span> <span class='ocrx_word' id='word_1_300' title='bbox 359 2616 373 2646; x_wconf 84' lang='lat' dir='ltr'>u</span> <span class='ocrx_word' id='word_1_301' title='bbox 384 2599 517 2650; x_wconf 86' lang='lat' dir='ltr'>llaledicant</span> <span class='ocrx_word' id='word_1_302' title='bbox 525 2599 547 2650; x_wconf 87' lang='lat' dir='ltr'>ei</span> <span class='ocrx_word' id='word_1_303' title='bbox 556 2598 596 2662; x_wconf 91' lang='lat' dir='ltr'>qui</span> <span class='ocrx_word' id='word_1_304' title='bbox 602 2598 739 2649; x_wconf 90' lang='lat' dir='ltr'>maledicunt</span> <span class='ocrx_word' id='word_1_305' title='bbox 748 2597 795 2648; x_wconf 91' lang='lat' dir='ltr'>diei</span> <span class='ocrx_word' id='word_1_306' title='bbox 802 2597 860 2660; x_wconf 83' lang='grc'>(1).»</span> 
     </span>
    </p>
   </div>
   <div class='ocr_carea' id='block_1_4' title="bbox 53 2754 965 2969">
    <p class='ocr_par' dir='ltr' id='par_1_8' title="bbox 53 2754 965 2969">
     <span class='ocr_line' id='line_1_37' title="bbox 90 2754 859 2829; baseline -0.009 -16"><span class='ocrx_word' id='word_1_307' title='bbox 90 2765 127 2829; x_wconf 90' lang='grc'>(1)</span> <span class='ocrx_word' id='word_1_308' title='bbox 144 2767 182 2812; x_wconf 86' lang='lat' dir='ltr'>Sic</span> <span class='ocrx_word' id='word_1_309' title='bbox 191 2765 254 2810; x_wconf 88' lang='lat' dir='ltr'>enim</span> <span class='ocrx_word' id='word_1_310' title='bbox 266 2754 388 2822; x_wconf 75' lang='lat' dir='ltr'>Gregorius</span> <span class='ocrx_word' id='word_1_311' title='bbox 398 2762 498 2819; x_wconf 85' lang='lat' dir='ltr'>erptiam</span> <span class='ocrx_word' id='word_1_312' title='bbox 511 2759 567 2822; x_wconf 81' lang='lat' dir='ltr'>(lib.</span> <span class='ocrx_word' id='word_1_313' title='bbox 578 2763 611 2807; x_wconf 73' lang='lat' dir='ltr'>lv</span> <span class='ocrx_word' id='word_1_314' title='bbox 624 2761 723 2811; x_wconf 72' lang='lat' dir='ltr'>lincol„</span> <span class='ocrx_word' id='word_1_315' title='bbox 737 2773 790 2819; x_wconf 86' lang='lat' dir='ltr'>cap.</span> <span class='ocrx_word' id='word_1_316' title='bbox 802 2759 859 2823; x_wconf 74' lang='lat'>58),</span> 
     </span>
     <span class='ocr_line' id='line_1_38' title="bbox 54 2820 862 2888; baseline -0.01 -9"><span class='ocrx_word' id='word_1_317' title='bbox 54 2840 79 2879; x_wconf 90' lang='lat' dir='ltr'>et</span> <span class='ocrx_word' id='word_1_318' title='bbox 97 2830 202 2888; x_wconf 87' lang='lat' dir='ltr'>applicat</span> <span class='ocrx_word' id='word_1_319' title='bbox 226 2828 338 2886; x_wconf 81' lang='lat' dir='ltr'>daemoni,</span> <span class='ocrx_word' id='word_1_320' title='bbox 351 2825 390 2882; x_wconf 91' lang='lat' dir='ltr'>qui</span> <span class='ocrx_word' id='word_1_321' title='bbox 407 2825 461 2870; x_wconf 90' lang='lat' dir='ltr'>dum</span> <span class='ocrx_word' id='word_1_322' title='bbox 482 2836 507 2868; x_wconf 88' lang='lat' dir='ltr'>sc</span> <span class='ocrx_word' id='word_1_323' title='bbox 529 2829 646 2871; x_wconf 78' lang='lat' dir='ltr'>ostentare</span> <span class='ocrx_word' id='word_1_324' title='bbox 661 2825 736 2869; x_wconf 81' lang='lat' dir='ltr'>voluit</span> <span class='ocrx_word' id='word_1_325' title='bbox 751 2820 862 2882; x_wconf 76' lang='lat' dir='ltr'>angelicis</span> 
     </span>
     <span class='ocr_line' id='line_1_39' title="bbox 53 2876 965 2969; baseline -0.012 -25"><span class='ocrx_word' id='word_1_326' title='bbox 53 2895 131 2944; x_wconf 85' lang='lat' dir='ltr'>ctiam</span> <span class='ocrx_word' id='word_1_327' title='bbox 141 2891 270 2953; x_wconf 89' lang='lat' dir='ltr'>spiritibus,</span> <span class='ocrx_word' id='word_1_328' title='bbox 280 2901 308 2938; x_wconf 88' lang='lat' dir='ltr'>ac</span> <span class='ocrx_word' id='word_1_329' title='bbox 318 2891 349 2937; x_wconf 88' lang='lat' dir='ltr'>ab</span> <span class='ocrx_word' id='word_1_330' title='bbox 357 2888 446 2938; x_wconf 84' lang='lat' dir='ltr'>eisdem</span> <span class='ocrx_word' id='word_1_331' title='bbox 457 2885 553 2944; x_wconf 81' lang='lat' dir='ltr'>humilia</span> <span class='ocrx_word' id='word_1_332' title='bbox 566 2888 595 2935; x_wconf 88' lang='lat' dir='ltr'>dc</span> <span class='ocrx_word' id='word_1_333' title='bbox 611 2900 638 2936; x_wconf 85' lang='lat' dir='ltr'>ce</span> <span class='ocrx_word' id='word_1_334' title='bbox 646 2887 800 2951; x_wconf 73' lang='lat' dir='ltr'>sentientibus</span> <span class='ocrx_word' id='word_1_335' title='bbox 810 2888 861 2934; x_wconf 85' lang='lat' dir='ltr'>oal-</span> <span class='ocrx_word' id='word_1_336' title='bbox 964 2876 965 2969; x_wconf 62' lang='grc'>(</span> 
     </span>
    </p>
   </div>
   <div class='ocr_carea' id='block_1_5' title="bbox 0 0 1000 3317">
    <p class='ocr_par' dir='ltr' id='par_1_9' title="bbox 0 0 1000 3317">
     <span class='ocr_line' id='line_1_40' title="bbox 0 0 1000 3317; baseline 0 0"><span class='ocrx_word' id='word_1_337' title='bbox 0 0 1000 3317; x_wconf 95' lang='lat' dir='ltr'> </span> 
     </span>
    </p>
   </div>
  </div>
 </body>
</html>
