<?xml version="1.0" encoding="UTF-8"?>
<!DOCTYPE html PUBLIC "-//W3C//DTD XHTML 1.0 Transitional//EN"
    "http://www.w3.org/TR/xhtml1/DTD/xhtml1-transitional.dtd">
<html xmlns="http://www.w3.org/1999/xhtml" xml:lang="en" lang="en">
 <head>
  <title>
</title>
<meta http-equiv="Content-Type" content="text/html;charset=utf-8" />
  <meta name='ocr-system' content='tesseract 3.04.00' />
  <meta name='ocr-capabilities' content='ocr_page ocr_carea ocr_par ocr_line ocrx_word'/>
</head>
<body>
  <div class='ocr_page' id='page_1' title='image "./summatheologica03nicogoog_0249.png"; bbox 0 0 1992 3317; ppageno 0'>
   <div class='ocr_carea' id='block_1_1' title="bbox 114 131 772 216">
    <p class='ocr_par' dir='ltr' id='par_1_1' title="bbox 114 131 772 216">
     <span class='ocr_line' id='line_1_1' title="bbox 114 131 772 216; baseline -0.014 -5"><span class='ocrx_word' id='word_1_1' title='bbox 114 146 164 211; x_wconf 54' lang='grc' dir='ltr'><strong>ἰε’</strong></span> <span class='ocrx_word' id='word_1_2' title='bbox 243 131 364 208; x_wconf 60' lang='grc' dir='ltr'><strong>’,51ωηί</strong></span> <span class='ocrx_word' id='word_1_3' title='bbox 379 146 505 216; x_wconf 65' lang='lat' dir='ltr'><strong>semrom</strong></span> <span class='ocrx_word' id='word_1_4' title='bbox 520 156 614 211; x_wconf 73' lang='lat' dir='ltr'><strong>eumer.</strong></span> <span class='ocrx_word' id='word_1_5' title='bbox 630 148 661 215; x_wconf 76' lang='lat' dir='ltr'><strong>x‚‘</strong></span> <span class='ocrx_word' id='word_1_6' title='bbox 677 146 731 205; x_wconf 74' lang='lat' dir='ltr'><strong>sur.</strong></span> <span class='ocrx_word' id='word_1_7' title='bbox 748 162 772 203; x_wconf 84' lang='lat' dir='ltr'><strong>r.</strong></span> 
     </span>
    </p>
   </div>
   <div class='ocr_carea' id='block_1_2' title="bbox 112 241 993 1168">
    <p class='ocr_par' dir='ltr' id='par_1_2' title="bbox 112 241 993 1168">
     <span class='ocr_line' id='line_1_2' title="bbox 113 241 920 329; baseline -0.005 -28"><span class='ocrx_word' id='word_1_8' title='bbox 113 250 168 317; x_wconf 79' lang='lat' dir='ltr'><strong>jure</strong></span> <span class='ocrx_word' id='word_1_9' title='bbox 179 246 266 300; x_wconf 70' lang='lat' dir='ltr'><strong>muno.</strong></span> <span class='ocrx_word' id='word_1_10' title='bbox 276 246 316 296; x_wconf 86' lang='lat' dir='ltr'><strong>lus</strong></span> <span class='ocrx_word' id='word_1_11' title='bbox 325 248 403 295; x_wconf 84' lang='lat' dir='ltr'><strong>autem</strong></span> <span class='ocrx_word' id='word_1_12' title='bbox 412 244 527 308; x_wconf 74' lang='lat' dir='ltr'><strong>nimbum,</strong></span> <span class='ocrx_word' id='word_1_13' title='bbox 540 244 601 308; x_wconf 81' lang='lat' dir='ltr'><strong>quod</strong></span> <span class='ocrx_word' id='word_1_14' title='bbox 611 246 647 295; x_wconf 85' lang='lat' dir='ltr'><strong>est</strong></span> <span class='ocrx_word' id='word_1_15' title='bbox 659 256 689 295; x_wconf 84' lang='lat' dir='ltr'><strong>ex</strong></span> <span class='ocrx_word' id='word_1_16' title='bbox 702 241 788 307; x_wconf 55' lang='lat' dir='ltr'><strong>gratim</strong></span> <span class='ocrx_word' id='word_1_17' title='bbox 798 252 845 295; x_wconf 87' lang='lat' dir='ltr'><strong>uon</strong></span> <span class='ocrx_word' id='word_1_18' title='bbox 856 246 920 329; x_wconf 60' lang='lat' dir='ltr'><strong>tollit</strong></span> 
     </span>
     <span class='ocr_line' id='line_1_3' title="bbox 114 314 919 387; baseline -0.002 -14"><span class='ocrx_word' id='word_1_19' title='bbox 114 322 154 387; x_wconf 84' lang='lat' dir='ltr'><strong>jus</strong></span> <span class='ocrx_word' id='word_1_20' title='bbox 169 322 310 380; x_wconf 81' lang='lat' dir='ltr'><strong>humanum,</strong></span> <span class='ocrx_word' id='word_1_21' title='bbox 324 318 384 381; x_wconf 84' lang='lat' dir='ltr'><strong>quod</strong></span> <span class='ocrx_word' id='word_1_22' title='bbox 400 318 481 367; x_wconf 86' lang='lat' dir='ltr'><strong>estex</strong></span> <span class='ocrx_word' id='word_1_23' title='bbox 500 314 597 365; x_wconf 85' lang='lat' dir='ltr'><strong>untureli</strong></span> <span class='ocrx_word' id='word_1_24' title='bbox 613 314 711 366; x_wconf 79' lang='lat' dir='ltr'><strong>ratione.</strong></span> <span class='ocrx_word' id='word_1_25' title='bbox 728 315 782 366; x_wconf 87' lang='lat' dir='ltr'><strong>ldeo</strong></span> <span class='ocrx_word' id='word_1_26' title='bbox 800 316 919 371; x_wconf 78' lang='lat' dir='ltr'><strong>distinctm</strong></span> 
     </span>
     <span class='ocr_line' id='line_1_4' title="bbox 116 386 920 453; baseline -0.002 -10"><span class='ocrx_word' id='word_1_27' title='bbox 116 391 217 443; x_wconf 83' lang='lat' dir='ltr'><strong>fidelium</strong></span> <span class='ocrx_word' id='word_1_28' title='bbox 228 392 252 440; x_wconf 90' lang='lat' dir='ltr'><strong>et</strong></span> <span class='ocrx_word' id='word_1_29' title='bbox 259 388 383 439; x_wconf 80' lang='lat' dir='ltr'><strong>infidelium</strong></span> <span class='ocrx_word' id='word_1_30' title='bbox 388 426 397 453; x_wconf 89' lang='lat'><em>,</em></span> <span class='ocrx_word' id='word_1_31' title='bbox 407 388 531 438; x_wconf 76' lang='lat' dir='ltr'><strong>mmndum</strong></span> <span class='ocrx_word' id='word_1_32' title='bbox 542 399 568 439; x_wconf 90' lang='lat' dir='ltr'><strong>se</strong></span> <span class='ocrx_word' id='word_1_33' title='bbox 578 386 734 451; x_wconf 81' lang='lat' dir='ltr'><strong>considerato,</strong></span> <span class='ocrx_word' id='word_1_34' title='bbox 745 398 793 437; x_wconf 87' lang='lat' dir='ltr'><strong>non</strong></span> <span class='ocrx_word' id='word_1_35' title='bbox 803 390 863 439; x_wconf 84' lang='lat' dir='ltr'><strong>tollit</strong></span> <span class='ocrx_word' id='word_1_36' title='bbox 877 392 920 441; x_wconf 86' lang='lat' dir='ltr'><strong>do-</strong></span> 
     </span>
     <span class='ocr_line' id='line_1_5' title="bbox 114 456 920 525; baseline 0 -13"><span class='ocrx_word' id='word_1_37' title='bbox 114 462 212 513; x_wconf 85' lang='lat' dir='ltr'><strong>minium</strong></span> <span class='ocrx_word' id='word_1_38' title='bbox 223 464 247 512; x_wconf 89' lang='lat' dir='ltr'><strong>et</strong></span> <span class='ocrx_word' id='word_1_39' title='bbox 255 459 411 525; x_wconf 75' lang='lat' dir='ltr'><strong>prelationem</strong></span> <span class='ocrx_word' id='word_1_40' title='bbox 423 458 549 509; x_wconf 79' lang='lat' dir='ltr'><strong>infidelium</strong></span> <span class='ocrx_word' id='word_1_41' title='bbox 563 456 631 521; x_wconf 77' lang='lat' dir='ltr'><strong>suprl</strong></span> <span class='ocrx_word' id='word_1_42' title='bbox 644 458 731 508; x_wconf 87' lang='lat' dir='ltr'><strong>lidelee.</strong></span> <span class='ocrx_word' id='word_1_43' title='bbox 745 458 826 509; x_wconf 87' lang='lat' dir='ltr'><strong>Potest</strong></span> <span class='ocrx_word' id='word_1_44' title='bbox 839 462 920 512; x_wconf 77' lang='lat' dir='ltr'><strong>temen</strong></span> 
     </span>
     <span class='ocr_line' id='line_1_6' title="bbox 112 529 920 599; baseline -0.002 -15"><span class='ocrx_word' id='word_1_45' title='bbox 112 533 176 599; x_wconf 74' lang='lat' dir='ltr'><strong>juste</strong></span> <span class='ocrx_word' id='word_1_46' title='bbox 192 545 234 597; x_wconf 86' lang='lat' dir='ltr'><strong>per</strong></span> <span class='ocrx_word' id='word_1_47' title='bbox 251 531 386 583; x_wconf 73' lang='lat' dir='ltr'><strong>mnteutiem</strong></span> <span class='ocrx_word' id='word_1_48' title='bbox 404 529 621 581; x_wconf 83' lang='lat' dir='ltr'><strong>uelordinctionem</strong></span> <span class='ocrx_word' id='word_1_49' title='bbox 634 530 740 580; x_wconf 79' lang='lat' dir='ltr'><strong>Ecclesiae</strong></span> <span class='ocrx_word' id='word_1_50' title='bbox 756 531 920 583; x_wconf 81' lang='lat' dir='ltr'><strong>auctoritatem</strong></span> 
     </span>
     <span class='ocr_line' id='line_1_7' title="bbox 113 600 922 667; baseline -0.001 -12"><span class='ocrx_word' id='word_1_51' title='bbox 113 605 156 655; x_wconf 83' lang='lat' dir='ltr'><strong>bei</strong></span> <span class='ocrx_word' id='word_1_52' title='bbox 171 603 288 666; x_wconf 86' lang='lat' dir='ltr'><strong>bobentie,</strong></span> <span class='ocrx_word' id='word_1_53' title='bbox 301 602 347 653; x_wconf 80' lang='lat' dir='ltr'><strong>tole</strong></span> <span class='ocrx_word' id='word_1_54' title='bbox 355 602 395 667; x_wconf 85' lang='lat' dir='ltr'><strong>jus</strong></span> <span class='ocrx_word' id='word_1_55' title='bbox 405 600 508 665; x_wconf 86' lang='lat' dir='ltr'><strong>dominii,</strong></span> <span class='ocrx_word' id='word_1_56' title='bbox 520 602 559 652; x_wconf 84' lang='lat' dir='ltr'><strong>uel</strong></span> <span class='ocrx_word' id='word_1_57' title='bbox 570 600 709 665; x_wconf 78' lang='lat' dir='ltr'><strong>prelationis</strong></span> <span class='ocrx_word' id='word_1_58' title='bbox 723 601 788 666; x_wconf 87' lang='lat' dir='ltr'><strong>tolli;</strong></span> <span class='ocrx_word' id='word_1_59' title='bbox 802 602 855 665; x_wconf 80' lang='lat' dir='ltr'><strong>quia</strong></span> <span class='ocrx_word' id='word_1_60' title='bbox 866 603 922 655; x_wconf 86' lang='lat' dir='ltr'><strong>inii-</strong></span> 
     </span>
     <span class='ocr_line' id='line_1_8' title="bbox 114 672 922 735; baseline -0.001 -7"><span class='ocrx_word' id='word_1_61' title='bbox 114 678 178 729; x_wconf 80' lang='lat' dir='ltr'>deles</span> <span class='ocrx_word' id='word_1_62' title='bbox 199 675 281 726; x_wconf 85' lang='lat' dir='ltr'><strong>merito</strong></span> <span class='ocrx_word' id='word_1_63' title='bbox 300 688 348 725; x_wconf 83' lang='lat' dir='ltr'><strong>sue</strong></span> <span class='ocrx_word' id='word_1_64' title='bbox 362 672 506 724; x_wconf 73' lang='lat' dir='ltr'><strong>infidelitatis</strong></span> <span class='ocrx_word' id='word_1_65' title='bbox 520 674 635 723; x_wconf 82' lang='lat' dir='ltr'><strong>merentur</strong></span> <span class='ocrx_word' id='word_1_66' title='bbox 655 674 795 735; x_wconf 80' lang='lat' dir='ltr'><strong>potestatem</strong></span> <span class='ocrx_word' id='word_1_67' title='bbox 812 674 922 727; x_wconf 67' lang='lat' dir='ltr'><strong>amitere</strong></span> 
     </span>
     <span class='ocr_line' id='line_1_9' title="bbox 113 740 993 813; baseline 0.001 -16"><span class='ocrx_word' id='word_1_68' title='bbox 113 762 184 813; x_wconf 84' lang='lat' dir='ltr'><strong>super</strong></span> <span class='ocrx_word' id='word_1_69' title='bbox 195 747 284 811; x_wconf 80' lang='lat' dir='ltr'><strong>fideles,</strong></span> <span class='ocrx_word' id='word_1_70' title='bbox 302 745 342 809; x_wconf 85' lang='lat' dir='ltr'><strong>qui</strong></span> <span class='ocrx_word' id='word_1_71' title='bbox 352 746 516 795; x_wconf 80' lang='lat' dir='ltr'><strong>transieruutur</strong></span> <span class='ocrx_word' id='word_1_72' title='bbox 528 743 554 793; x_wconf 88' lang='lat' dir='ltr'><strong>in</strong></span> <span class='ocrx_word' id='word_1_73' title='bbox 568 742 686 794; x_wconf 84' lang='lat' dir='ltr'><strong>liliosllei.</strong></span> <span class='ocrx_word' id='word_1_74' title='bbox 703 742 750 795; x_wconf 82' lang='lat' dir='ltr'><strong>Sed</strong></span> <span class='ocrx_word' id='word_1_75' title='bbox 763 744 808 795; x_wconf 90' lang='lat' dir='ltr'><strong>boc</strong></span> <span class='ocrx_word' id='word_1_76' title='bbox 824 744 921 807; x_wconf 69' lang='lat' dir='ltr'><strong>onmem</strong></span> <span class='ocrx_word' id='word_1_77' title='bbox 992 740 993 811; x_wconf 74' lang='lat' dir='ltr'><strong>l</strong></span> 
     </span>
     <span class='ocr_line' id='line_1_10' title="bbox 113 814 993 885; baseline -0.002 -15"><span class='ocrx_word' id='word_1_78' title='bbox 113 818 216 870; x_wconf 79' lang='lat' dir='ltr'><strong>Ecclesia</strong></span> <span class='ocrx_word' id='word_1_79' title='bbox 226 816 361 881; x_wconf 77' lang='lat' dir='ltr'><strong>quandoque</strong></span> <span class='ocrx_word' id='word_1_80' title='bbox 374 816 443 878; x_wconf 85' lang='lat' dir='ltr'><strong>iacit,</strong></span> <span class='ocrx_word' id='word_1_81' title='bbox 454 815 590 880; x_wconf 68' lang='lat' dir='ltr'><strong>mundoque</strong></span> <span class='ocrx_word' id='word_1_82' title='bbox 600 818 675 865; x_wconf 81' lang='lat' dir='ltr'><strong>nobem</strong></span> <span class='ocrx_word' id='word_1_83' title='bbox 688 826 734 864; x_wconf 88' lang='lat' dir='ltr'><strong>nou</strong></span> <span class='ocrx_word' id='word_1_84' title='bbox 751 814 815 865; x_wconf 79' lang='lat' dir='ltr'><strong>iecit.</strong></span> <span class='ocrx_word' id='word_1_85' title='bbox 830 816 858 865; x_wconf 86' lang='lat' dir='ltr'><strong>lu</strong></span> <span class='ocrx_word' id='word_1_86' title='bbox 870 817 922 868; x_wconf 88' lang='lat' dir='ltr'><strong>illis</strong></span> <span class='ocrx_word' id='word_1_87' title='bbox 992 862 993 885; x_wconf 31' lang='lat' dir='ltr'><strong>p</strong></span> 
     </span>
     <span class='ocr_line' id='line_1_11' title="bbox 115 885 993 951; baseline -0.003 -10"><span class='ocrx_word' id='word_1_88' title='bbox 115 891 177 942; x_wconf 85' lang='lat' dir='ltr'><strong>euim</strong></span> <span class='ocrx_word' id='word_1_89' title='bbox 186 888 328 951; x_wconf 80' lang='lat' dir='ltr'><strong>infidelibus,</strong></span> <span class='ocrx_word' id='word_1_90' title='bbox 341 886 381 951; x_wconf 81' lang='lat' dir='ltr'><strong>qui</strong></span> <span class='ocrx_word' id='word_1_91' title='bbox 394 888 463 938; x_wconf 84' lang='lat' dir='ltr'><strong>etiam</strong></span> <span class='ocrx_word' id='word_1_92' title='bbox 475 885 596 951; x_wconf 78' lang='lat' dir='ltr'><strong>temporali</strong></span> <span class='ocrx_word' id='word_1_93' title='bbox 607 885 748 950; x_wconf 84' lang='lat' dir='ltr'><strong>subjectione</strong></span> <span class='ocrx_word' id='word_1_94' title='bbox 761 886 922 950; x_wconf 80' lang='lat' dir='ltr'><strong>subjiciuntur</strong></span> <span class='ocrx_word' id='word_1_95' title='bbox 992 936 993 949; x_wconf 61' lang='grc'>,</span> 
     </span>
     <span class='ocr_line' id='line_1_12' title="bbox 113 954 993 1023; baseline -0.001 -10"><span class='ocrx_word' id='word_1_96' title='bbox 113 961 221 1013; x_wconf 69' lang='lat' dir='ltr'><strong>Ecclesia</strong></span> <span class='ocrx_word' id='word_1_97' title='bbox 235 964 259 1011; x_wconf 88' lang='lat' dir='ltr'><strong>et</strong></span> <span class='ocrx_word' id='word_1_98' title='bbox 271 958 454 1023; x_wconf 71' lang='lat' dir='ltr'><strong>meminerim,</strong></span> <span class='ocrx_word' id='word_1_99' title='bbox 469 958 514 1009; x_wconf 89' lang='lat' dir='ltr'><strong>lroc</strong></span> <span class='ocrx_word' id='word_1_100' title='bbox 524 957 565 1021; x_wconf 83' lang='lat' dir='ltr'><strong>jus</strong></span> <span class='ocrx_word' id='word_1_101' title='bbox 580 956 681 1007; x_wconf 74' lang='lat' dir='ltr'><strong>Ecclesia</strong></span> <span class='ocrx_word' id='word_1_102' title='bbox 694 956 782 1021; x_wconf 72' lang='lat' dir='ltr'><strong>statut,</strong></span> <span class='ocrx_word' id='word_1_103' title='bbox 799 960 825 1007; x_wconf 88' lang='lat' dir='ltr'><strong>ul</strong></span> <span class='ocrx_word' id='word_1_104' title='bbox 837 971 923 1011; x_wconf 83' lang='lat' dir='ltr'><strong>servus</strong></span> <span class='ocrx_word' id='word_1_105' title='bbox 992 954 993 1011; x_wconf 86' lang='lat' dir='ltr'><strong>l</strong></span> 
     </span>
     <span class='ocr_line' id='line_1_13' title="bbox 114 1024 993 1091; baseline 0 -8"><span class='ocrx_word' id='word_1_106' title='bbox 114 1032 243 1085; x_wconf 70' lang='lat' dir='ltr'><strong>Iudaeorum</strong></span> <span class='ocrx_word' id='word_1_107' title='bbox 258 1030 311 1081; x_wconf 81' lang='lat' dir='ltr'><strong>cum</strong></span> <span class='ocrx_word' id='word_1_108' title='bbox 331 1030 400 1081; x_wconf 85' lang='lat' dir='ltr'><strong>inerit</strong></span> <span class='ocrx_word' id='word_1_109' title='bbox 416 1028 490 1079; x_wconf 79' lang='lat' dir='ltr'><strong>tectus</strong></span> <span class='ocrx_word' id='word_1_110' title='bbox 509 1026 662 1091; x_wconf 84' lang='lat' dir='ltr'><strong>Christianus,</strong></span> <span class='ocrx_word' id='word_1_111' title='bbox 680 1028 757 1079; x_wconf 83' lang='lat' dir='ltr'><strong>statim</strong></span> <span class='ocrx_word' id='word_1_112' title='bbox 774 1028 789 1078; x_wconf 79' lang='lat' dir='ltr'><strong>le</strong></span> <span class='ocrx_word' id='word_1_113' title='bbox 806 1030 924 1083; x_wconf 85' lang='lat' dir='ltr'><strong>seruitute</strong></span> <span class='ocrx_word' id='word_1_114' title='bbox 992 1024 993 1047; x_wconf 63' lang='lat'>¹</span> 
     </span>
     <span class='ocr_line' id='line_1_14' title="bbox 113 1098 924 1168; baseline -0.002 -13"><span class='ocrx_word' id='word_1_115' title='bbox 113 1103 235 1167; x_wconf 74' lang='lat' dir='ltr'>liberetur,</span> <span class='ocrx_word' id='word_1_116' title='bbox 250 1103 312 1153; x_wconf 88' lang='lat' dir='ltr'><strong>nullo</strong></span> <span class='ocrx_word' id='word_1_117' title='bbox 328 1101 403 1168; x_wconf 88' lang='lat' dir='ltr'><strong>pretio</strong></span> <span class='ocrx_word' id='word_1_118' title='bbox 417 1102 484 1164; x_wconf 85' lang='lat' dir='ltr'><strong>luto,</strong></span> <span class='ocrx_word' id='word_1_119' title='bbox 498 1099 520 1150; x_wconf 85' lang='lat' dir='ltr'><strong>ei</strong></span> <span class='ocrx_word' id='word_1_120' title='bbox 539 1098 609 1149; x_wconf 88' lang='lat' dir='ltr'><strong>inerit</strong></span> <span class='ocrx_word' id='word_1_121' title='bbox 625 1100 773 1162; x_wconf 78' lang='lat' dir='ltr'><strong>vernaculus,</strong></span> <span class='ocrx_word' id='word_1_122' title='bbox 786 1100 810 1150; x_wconf 87' lang='lat' dir='ltr'><strong>id</strong></span> <span class='ocrx_word' id='word_1_123' title='bbox 827 1104 876 1163; x_wconf 85' lang='lat' dir='ltr'><strong>est,</strong></span> <span class='ocrx_word' id='word_1_124' title='bbox 896 1104 924 1153; x_wconf 90' lang='lat' dir='ltr'><strong>in</strong></span> 
     </span>
    </p>
   </div>
   <div class='ocr_carea' id='block_1_3' title="bbox 4 1170 993 1237">
    <p class='ocr_par' dir='ltr' id='par_1_3' title="bbox 4 1170 993 1237">
     <span class='ocr_line' id='line_1_15' title="bbox 4 1170 993 1237; baseline -0.006 -10"><span class='ocrx_word' id='word_1_125' title='bbox 4 1212 11 1219; x_wconf 85' lang='lat'><strong>.</strong></span> <span class='ocrx_word' id='word_1_126' title='bbox 116 1175 225 1227; x_wconf 80' lang='lat' dir='ltr'><strong>seruitute</strong></span> <span class='ocrx_word' id='word_1_127' title='bbox 237 1177 323 1225; x_wconf 82' lang='lat' dir='ltr'><strong>ortuo:</strong></span> <span class='ocrx_word' id='word_1_128' title='bbox 339 1171 490 1233; x_wconf 87' lang='lat' dir='ltr'><strong>eteimiliter,</strong></span> <span class='ocrx_word' id='word_1_129' title='bbox 510 1171 531 1221; x_wconf 83' lang='lat' dir='ltr'><strong>si</strong></span> <span class='ocrx_word' id='word_1_130' title='bbox 548 1170 771 1235; x_wconf 75' lang='lat' dir='ltr'><strong>infidelisexisteos‚</strong></span> <span class='ocrx_word' id='word_1_131' title='bbox 788 1175 925 1237; x_wconf 82' lang='lat' dir='ltr'><strong>emptuend</strong></span> <span class='ocrx_word' id='word_1_132' title='bbox 992 1188 993 1221; x_wconf 71' lang='lat' dir='ltr'><strong>l</strong></span> 
     </span>
    </p>
   </div>
   <div class='ocr_carea' id='block_1_4' title="bbox 115 1242 993 2885">
    <p class='ocr_par' dir='ltr' id='par_1_4' title="bbox 115 1242 993 2237">
     <span class='ocr_line' id='line_1_16' title="bbox 115 1242 993 1307; baseline -0.001 -9"><span class='ocrx_word' id='word_1_133' title='bbox 115 1247 242 1298; x_wconf 67' lang='lat' dir='ltr'><strong>seruum</strong></span> <span class='ocrx_word' id='word_1_134' title='bbox 261 1246 287 1294; x_wconf 80' lang='lat' dir='ltr'><strong>si</strong></span> <span class='ocrx_word' id='word_1_135' title='bbox 300 1247 375 1294; x_wconf 82' lang='lat' dir='ltr'><strong>nutem</strong></span> <span class='ocrx_word' id='word_1_136' title='bbox 389 1243 458 1295; x_wconf 86' lang='lat' dir='ltr'><strong>luerit</strong></span> <span class='ocrx_word' id='word_1_137' title='bbox 474 1246 566 1307; x_wconf 85' lang='lat' dir='ltr'><strong>emptus</strong></span> <span class='ocrx_word' id='word_1_138' title='bbox 584 1244 613 1296; x_wconf 86' lang='lat' dir='ltr'><strong>ud</strong></span> <span class='ocrx_word' id='word_1_139' title='bbox 630 1243 809 1306; x_wconf 74' lang='lat' dir='ltr'><strong>mercationem,</strong></span> <span class='ocrx_word' id='word_1_140' title='bbox 827 1248 926 1297; x_wconf 82' lang='lat' dir='ltr'><strong>leuetur</strong></span> <span class='ocrx_word' id='word_1_141' title='bbox 992 1242 993 1245; x_wconf 68' lang='grc'>’</span> 
     </span>
     <span class='ocr_line' id='line_1_17' title="bbox 115 1315 925 1379; baseline -0.001 -10"><span class='ocrx_word' id='word_1_142' title='bbox 115 1330 169 1369; x_wconf 86' lang='lat' dir='ltr'><strong>eum</strong></span> <span class='ocrx_word' id='word_1_143' title='bbox 182 1317 243 1367; x_wconf 71' lang='lat' dir='ltr'><strong>iniri</strong></span> <span class='ocrx_word' id='word_1_144' title='bbox 255 1319 303 1367; x_wconf 84' lang='lat' dir='ltr'><strong>tres</strong></span> <span class='ocrx_word' id='word_1_145' title='bbox 320 1328 410 1365; x_wconf 89' lang='lat' dir='ltr'><strong>menses</strong></span> <span class='ocrx_word' id='word_1_146' title='bbox 429 1327 544 1379; x_wconf 81' lang='lat' dir='ltr'><strong>exponere</strong></span> <span class='ocrx_word' id='word_1_147' title='bbox 558 1316 585 1365; x_wconf 83' lang='lat' dir='ltr'><strong>ed</strong></span> <span class='ocrx_word' id='word_1_148' title='bbox 602 1315 754 1367; x_wconf 85' lang='lat' dir='ltr'><strong>vendendum.</strong></span> <span class='ocrx_word' id='word_1_149' title='bbox 770 1316 820 1365; x_wconf 91' lang='lat' dir='ltr'><strong>Nec</strong></span> <span class='ocrx_word' id='word_1_150' title='bbox 833 1316 860 1365; x_wconf 86' lang='lat' dir='ltr'><strong>in</strong></span> <span class='ocrx_word' id='word_1_151' title='bbox 876 1318 925 1368; x_wconf 87' lang='lat' dir='ltr'><strong>boe</strong></span> 
     </span>
     <span class='ocr_line' id='line_1_18' title="bbox 115 1384 993 1453; baseline -0.001 -14"><span class='ocrx_word' id='word_1_152' title='bbox 115 1388 224 1453; x_wconf 76' lang='lat' dir='ltr'><strong>injuriam</strong></span> <span class='ocrx_word' id='word_1_153' title='bbox 236 1386 290 1437; x_wconf 78' lang='lat' dir='ltr'><strong>iecit</strong></span> <span class='ocrx_word' id='word_1_154' title='bbox 303 1384 420 1451; x_wconf 83' lang='lat' dir='ltr'><strong>Ecclesia3</strong></span> <span class='ocrx_word' id='word_1_155' title='bbox 437 1386 491 1450; x_wconf 82' lang='lat' dir='ltr'><strong>quia</strong></span> <span class='ocrx_word' id='word_1_156' title='bbox 505 1386 556 1437; x_wconf 80' lang='lat' dir='ltr'><strong>cunr</strong></span> <span class='ocrx_word' id='word_1_157' title='bbox 566 1384 612 1449; x_wconf 88' lang='lat' dir='ltr'><strong>ipsi</strong></span> <span class='ocrx_word' id='word_1_158' title='bbox 623 1386 694 1436; x_wconf 82' lang='lat' dir='ltr'><strong>ludaei</strong></span> <span class='ocrx_word' id='word_1_159' title='bbox 704 1387 751 1437; x_wconf 87' lang='lat' dir='ltr'><strong>siut</strong></span> <span class='ocrx_word' id='word_1_160' title='bbox 765 1387 828 1437; x_wconf 86' lang='lat' dir='ltr'><strong>servi</strong></span> <span class='ocrx_word' id='word_1_161' title='bbox 839 1388 927 1439; x_wconf 80' lang='lat' dir='ltr'><strong>Eccle-</strong></span> <span class='ocrx_word' id='word_1_162' title='bbox 992 1402 993 1407; x_wconf 52' lang='lat'>¹</span> 
     </span>
     <span class='ocr_line' id='line_1_19' title="bbox 115 1456 927 1523; baseline 0.002 -14"><span class='ocrx_word' id='word_1_163' title='bbox 115 1458 173 1520; x_wconf 79' lang='lat' dir='ltr'><strong>sle,</strong></span> <span class='ocrx_word' id='word_1_164' title='bbox 187 1460 266 1521; x_wconf 87' lang='lat' dir='ltr'><strong>potest</strong></span> <span class='ocrx_word' id='word_1_165' title='bbox 281 1456 403 1522; x_wconf 78' lang='lat' dir='ltr'><strong>disponere</strong></span> <span class='ocrx_word' id='word_1_166' title='bbox 415 1458 444 1507; x_wconf 77' lang='lat' dir='ltr'><strong>cle</strong></span> <span class='ocrx_word' id='word_1_167' title='bbox 459 1457 527 1507; x_wconf 89' lang='lat' dir='ltr'><strong>rebus</strong></span> <span class='ocrx_word' id='word_1_168' title='bbox 541 1470 628 1507; x_wconf 82' lang='lat' dir='ltr'><strong>eorum</strong></span> <span class='ocrx_word' id='word_1_169' title='bbox 641 1457 705 1507; x_wconf 83' lang='lat' dir='ltr'><strong>Sicut</strong></span> <span class='ocrx_word' id='word_1_170' title='bbox 718 1458 789 1508; x_wconf 82' lang='lat' dir='ltr'><strong>etiem</strong></span> <span class='ocrx_word' id='word_1_171' title='bbox 802 1458 927 1523; x_wconf 82' lang='lat' dir='ltr'><strong>principes</strong></span> 
     </span>
     <span class='ocr_line' id='line_1_20' title="bbox 117 1528 925 1594; baseline 0 -13"><span class='ocrx_word' id='word_1_172' title='bbox 117 1529 237 1581; x_wconf 72' lang='lat' dir='ltr'><strong>messines</strong></span> <span class='ocrx_word' id='word_1_173' title='bbox 252 1530 335 1581; x_wconf 65' lang='lat' dir='ltr'><strong>mulne</strong></span> <span class='ocrx_word' id='word_1_174' title='bbox 348 1528 411 1593; x_wconf 78' lang='lat' dir='ltr'><strong>leges</strong></span> <span class='ocrx_word' id='word_1_175' title='bbox 428 1528 547 1579; x_wconf 79' lang='lat' dir='ltr'><strong>eciderunt</strong></span> <span class='ocrx_word' id='word_1_176' title='bbox 560 1529 621 1578; x_wconf 81' lang='lat' dir='ltr'><strong>circo</strong></span> <span class='ocrx_word' id='word_1_177' title='bbox 640 1540 694 1579; x_wconf 88' lang='lat' dir='ltr'><strong>suos</strong></span> <span class='ocrx_word' id='word_1_178' title='bbox 716 1528 835 1594; x_wconf 85' lang='lat' dir='ltr'><strong>subditos,</strong></span> <span class='ocrx_word' id='word_1_179' title='bbox 849 1530 873 1579; x_wconf 88' lang='lat' dir='ltr'><strong>iu</strong></span> <span class='ocrx_word' id='word_1_180' title='bbox 886 1531 925 1581; x_wconf 76' lang='lat' dir='ltr'><strong>ia-</strong></span> 
     </span>
     <span class='ocr_line' id='line_1_21' title="bbox 115 1598 927 1665; baseline 0.001 -12"><span class='ocrx_word' id='word_1_181' title='bbox 115 1613 194 1654; x_wconf 82' lang='lat' dir='ltr'><strong>vorem</strong></span> <span class='ocrx_word' id='word_1_182' title='bbox 213 1601 337 1653; x_wconf 77' lang='lat' dir='ltr'><strong>libertatis.</strong></span> <span class='ocrx_word' id='word_1_183' title='bbox 358 1603 386 1652; x_wconf 90' lang='lat' dir='ltr'><strong>ln</strong></span> <span class='ocrx_word' id='word_1_184' title='bbox 407 1599 453 1650; x_wconf 84' lang='lat' dir='ltr'><strong>illis</strong></span> <span class='ocrx_word' id='word_1_185' title='bbox 474 1599 530 1653; x_wconf 82' lang='lat' dir='ltr'><strong>verb</strong></span> <span class='ocrx_word' id='word_1_186' title='bbox 546 1598 676 1651; x_wconf 86' lang='lat' dir='ltr'><strong>infidelibus</strong></span> <span class='ocrx_word' id='word_1_187' title='bbox 698 1600 738 1663; x_wconf 74' lang='lat' dir='ltr'><strong>qui</strong></span> <span class='ocrx_word' id='word_1_188' title='bbox 762 1600 927 1665; x_wconf 68' lang='lat' dir='ltr'><strong>temporaliter</strong></span> 
     </span>
     <span class='ocr_line' id='line_1_22' title="bbox 116 1667 928 1738; baseline 0.005 -16"><span class='ocrx_word' id='word_1_189' title='bbox 116 1667 227 1725; x_wconf 81' lang='lat' dir='ltr'><strong>Ecclesiae</strong></span> <span class='ocrx_word' id='word_1_190' title='bbox 235 1674 274 1725; x_wconf 83' lang='lat' dir='ltr'><strong>uel</strong></span> <span class='ocrx_word' id='word_1_191' title='bbox 286 1675 338 1738; x_wconf 75' lang='lat' dir='ltr'><strong>ejus</strong></span> <span class='ocrx_word' id='word_1_192' title='bbox 348 1672 456 1724; x_wconf 83' lang='lat' dir='ltr'><strong>membris</strong></span> <span class='ocrx_word' id='word_1_193' title='bbox 466 1684 514 1722; x_wconf 87' lang='lat' dir='ltr'><strong>nou</strong></span> <span class='ocrx_word' id='word_1_194' title='bbox 527 1672 660 1735; x_wconf 81' lang='lat' dir='ltr'><strong>subjacent,</strong></span> <span class='ocrx_word' id='word_1_195' title='bbox 674 1671 810 1735; x_wconf 77' lang='lat' dir='ltr'><strong>predictum</strong></span> <span class='ocrx_word' id='word_1_196' title='bbox 818 1674 861 1737; x_wconf 85' lang='lat' dir='ltr'><strong>¹jus</strong></span> <span class='ocrx_word' id='word_1_197' title='bbox 879 1674 928 1727; x_wconf 80' lang='lat' dir='ltr'><strong>Ile-</strong></span> 
     </span>
     <span class='ocr_line' id='line_1_23' title="bbox 117 1741 930 1809; baseline 0.004 -13"><span class='ocrx_word' id='word_1_198' title='bbox 117 1745 189 1797; x_wconf 83' lang='lat' dir='ltr'><strong>eleeia</strong></span> <span class='ocrx_word' id='word_1_199' title='bbox 198 1759 245 1798; x_wconf 87' lang='lat' dir='ltr'><strong>nou</strong></span> <span class='ocrx_word' id='word_1_200' title='bbox 255 1745 352 1809; x_wconf 73' lang='lat' dir='ltr'><strong>obtuit,</strong></span> <span class='ocrx_word' id='word_1_201' title='bbox 364 1745 417 1795; x_wconf 81' lang='lat' dir='ltr'><strong>licet</strong></span> <span class='ocrx_word' id='word_1_202' title='bbox 429 1747 508 1808; x_wconf 82' lang='lat' dir='ltr'><strong>posset</strong></span> <span class='ocrx_word' id='word_1_203' title='bbox 521 1741 641 1795; x_wconf 85' lang='lat' dir='ltr'><strong>instituere</strong></span> <span class='ocrx_word' id='word_1_204' title='bbox 655 1742 683 1793; x_wconf 89' lang='lat' dir='ltr'><strong>de</strong></span> <span class='ocrx_word' id='word_1_205' title='bbox 695 1744 755 1807; x_wconf 86' lang='lat' dir='ltr'><strong>jure.</strong></span> <span class='ocrx_word' id='word_1_206' title='bbox 770 1744 800 1793; x_wconf 79' lang='lat' dir='ltr'><strong>lli</strong></span> <span class='ocrx_word' id='word_1_207' title='bbox 810 1746 857 1795; x_wconf 87' lang='lat' dir='ltr'><strong>boc</strong></span> <span class='ocrx_word' id='word_1_208' title='bbox 867 1746 930 1799; x_wconf 81' lang='lat' dir='ltr'><strong>iecit</strong></span> 
     </span>
     <span class='ocr_line' id='line_1_24' title="bbox 116 1814 928 1884; baseline 0.002 -17"><span class='ocrx_word' id='word_1_209' title='bbox 116 1817 146 1867; x_wconf 81' lang='lat' dir='ltr'><strong>ad</strong></span> <span class='ocrx_word' id='word_1_210' title='bbox 164 1814 295 1867; x_wconf 66' lang='lat' dir='ltr'><strong>mimum</strong></span> <span class='ocrx_word' id='word_1_211' title='bbox 307 1816 434 1867; x_wconf 72' lang='lat' dir='ltr'><strong>uitandum.</strong></span> <span class='ocrx_word' id='word_1_212' title='bbox 444 1814 510 1867; x_wconf 83' lang='lat' dir='ltr'><strong>sicut</strong></span> <span class='ocrx_word' id='word_1_213' title='bbox 522 1814 592 1865; x_wconf 81' lang='lat' dir='ltr'><strong>etiem</strong></span> <span class='ocrx_word' id='word_1_214' title='bbox 607 1814 724 1877; x_wconf 79' lang='lat' dir='ltr'><strong>Dominus,</strong></span> <span class='ocrx_word' id='word_1_215' title='bbox 734 1814 839 1875; x_wconf 72' lang='lat' dir='ltr'><strong>Marto,</strong></span> <span class='ocrx_word' id='word_1_216' title='bbox 850 1816 928 1884; x_wconf 86' lang='lat' dir='ltr'><strong>XVll,</strong></span> 
     </span>
     <span class='ocr_line' id='line_1_25' title="bbox 117 1885 932 1952; baseline 0.004 -14"><span class='ocrx_word' id='word_1_217' title='bbox 117 1886 231 1950; x_wconf 73' lang='lat' dir='ltr'><strong>mtenlb,</strong></span> <span class='ocrx_word' id='word_1_218' title='bbox 244 1886 305 1950; x_wconf 78' lang='lat' dir='ltr'><strong>quon</strong></span> <span class='ocrx_word' id='word_1_219' title='bbox 322 1889 412 1951; x_wconf 83' lang='lat' dir='ltr'><strong>poterat</strong></span> <span class='ocrx_word' id='word_1_220' title='bbox 425 1900 451 1937; x_wconf 87' lang='lat' dir='ltr'><strong>se</strong></span> <span class='ocrx_word' id='word_1_221' title='bbox 464 1885 574 1937; x_wconf 76' lang='lat' dir='ltr'><strong>llributo</strong></span> <span class='ocrx_word' id='word_1_222' title='bbox 584 1896 709 1952; x_wconf 84' lang='lat' dir='ltr'><strong>excusare,</strong></span> <span class='ocrx_word' id='word_1_223' title='bbox 723 1886 777 1949; x_wconf 83' lang='lat' dir='ltr'><strong>quin</strong></span> <span class='ocrx_word' id='word_1_224' title='bbox 788 1886 858 1939; x_wconf 86' lang='lat' dir='ltr'><strong>liberi</strong></span> <span class='ocrx_word' id='word_1_225' title='bbox 872 1896 932 1941; x_wconf 85' lang='lat' dir='ltr'><strong>suut</strong></span> 
     </span>
     <span class='ocr_line' id='line_1_26' title="bbox 117 1956 932 2018; baseline 0.006 -11"><span class='ocrx_word' id='word_1_226' title='bbox 117 1957 174 2018; x_wconf 85' lang='lat' dir='ltr'><strong>iilii3</strong></span> <span class='ocrx_word' id='word_1_227' title='bbox 186 1957 227 2007; x_wconf 85' lang='lat' dir='ltr'><strong>sel</strong></span> <span class='ocrx_word' id='word_1_228' title='bbox 240 1960 319 2007; x_wconf 72' lang='lat' dir='ltr'><strong>umen</strong></span> <span class='ocrx_word' id='word_1_229' title='bbox 333 1958 450 2007; x_wconf 83' lang='lat' dir='ltr'><strong>mondnuit</strong></span> <span class='ocrx_word' id='word_1_230' title='bbox 462 1956 573 2007; x_wconf 87' lang='lat' dir='ltr'><strong>tributum</strong></span> <span class='ocrx_word' id='word_1_231' title='bbox 585 1957 643 2007; x_wconf 81' lang='lat' dir='ltr'><strong>solui</strong></span> <span class='ocrx_word' id='word_1_232' title='bbox 659 1958 688 2007; x_wconf 83' lang='lat' dir='ltr'><strong>ad</strong></span> <span class='ocrx_word' id='word_1_233' title='bbox 697 1956 834 2009; x_wconf 71' lang='lat' dir='ltr'><strong>&#39;monimum</strong></span> <span class='ocrx_word' id='word_1_234' title='bbox 849 1962 932 2012; x_wconf 83' lang='lat' dir='ltr'><strong>viteu-</strong></span> 
     </span>
     <span class='ocr_line' id='line_1_27' title="bbox 117 2026 931 2091; baseline 0.009 -14"><span class='ocrx_word' id='word_1_235' title='bbox 117 2027 181 2077; x_wconf 87' lang='lat' dir='ltr'><strong>dum.</strong></span> <span class='ocrx_word' id='word_1_236' title='bbox 198 2028 232 2076; x_wconf 83' lang='lat' dir='ltr'><strong>lte</strong></span> <span class='ocrx_word' id='word_1_237' title='bbox 244 2026 313 2076; x_wconf 83' lang='lat' dir='ltr'><strong>etiem</strong></span> <span class='ocrx_word' id='word_1_238' title='bbox 326 2031 350 2078; x_wconf 87' lang='lat' dir='ltr'><strong>et</strong></span> <span class='ocrx_word' id='word_1_239' title='bbox 366 2028 451 2078; x_wconf 77' lang='lat' dir='ltr'><strong>Paulus</strong></span> <span class='ocrx_word' id='word_1_240' title='bbox 460 2027 514 2078; x_wconf 84' lang='lat' dir='ltr'><strong>cbm</strong></span> <span class='ocrx_word' id='word_1_241' title='bbox 532 2027 643 2091; x_wconf 82' lang='lat' dir='ltr'><strong>dixisset,</strong></span> <span class='ocrx_word' id='word_1_242' title='bbox 655 2027 716 2091; x_wconf 78' lang='lat' dir='ltr'><strong>qu&#39;oll</strong></span> <span class='ocrx_word' id='word_1_243' title='bbox 736 2028 797 2079; x_wconf 84' lang='lat' dir='ltr'><strong>serui</strong></span> <span class='ocrx_word' id='word_1_244' title='bbox 815 2030 931 2084; x_wconf 82' lang='lat' dir='ltr'><strong>domiuus</strong></span> 
     </span>
     <span class='ocr_line' id='line_1_28' title="bbox 119 2097 932 2163; baseline 0.009 -14"><span class='ocrx_word' id='word_1_245' title='bbox 119 2110 174 2149; x_wconf 87' lang='lat' dir='ltr'><strong>suos</strong></span> <span class='ocrx_word' id='word_1_246' title='bbox 187 2097 337 2161; x_wconf 82' lang='lat' dir='ltr'><strong>honorarent,</strong></span> <span class='ocrx_word' id='word_1_247' title='bbox 352 2098 490 2163; x_wconf 73' lang='lat' dir='ltr'><strong>subjungit:</strong></span> <span class='ocrx_word' id='word_1_248' title='bbox 510 2100 570 2151; x_wconf 82' lang='lat' dir='ltr'><strong>«Ne</strong></span> <span class='ocrx_word' id='word_1_249' title='bbox 581 2112 668 2151; x_wconf 81' lang='lat' dir='ltr'><strong>nomeu</strong></span> <span class='ocrx_word' id='word_1_250' title='bbox 679 2098 770 2151; x_wconf 82' lang='lat' dir='ltr'><strong>Domini</strong></span> <span class='ocrx_word' id='word_1_251' title='bbox 783 2102 813 2151; x_wconf 80' lang='lat' dir='ltr'><strong>eo</strong></span> <span class='ocrx_word' id='word_1_252' title='bbox 821 2101 932 2156; x_wconf 84' lang='lat' dir='ltr'><strong>doctrina</strong></span> 
     </span>
     <span class='ocr_line' id='line_1_29' title="bbox 118 2167 528 2237; baseline -0.002 -20"><span class='ocrx_word' id='word_1_253' title='bbox 118 2167 324 2231; x_wconf 68' lang='lat' dir='ltr'><strong>blasphemetur.»</strong></span> <span class='ocrx_word' id='word_1_254' title='bbox 526 2233 528 2237; x_wconf 23' lang='grc' dir='ltr'>Ι</span> 
     </span>
    </p>

    <p class='ocr_par' dir='ltr' id='par_1_5' title="bbox 149 2237 581 2307">
     <span class='ocr_line' id='line_1_30' title="bbox 149 2237 581 2307; baseline 0.007 -18"><span class='ocrx_word' id='word_1_255' title='bbox 149 2237 216 2289; x_wconf 80' lang='lat' dir='ltr'><strong>Unde</strong></span> <span class='ocrx_word' id='word_1_256' title='bbox 225 2241 291 2302; x_wconf 86' lang='lat' dir='ltr'><strong>patet</strong></span> <span class='ocrx_word' id='word_1_257' title='bbox 301 2241 419 2304; x_wconf 73' lang='lat' dir='ltr'><strong>responsio</strong></span> <span class='ocrx_word' id='word_1_258' title='bbox 433 2242 462 2292; x_wconf 85' lang='lat' dir='ltr'><strong>cd</strong></span> <span class='ocrx_word' id='word_1_259' title='bbox 472 2242 581 2307; x_wconf 87' lang='lat' dir='ltr'><strong>primum.</strong></span> 
     </span>
    </p>

    <p class='ocr_par' dir='ltr' id='par_1_6' title="bbox 118 2310 933 2813">
     <span class='ocr_line' id='line_1_31' title="bbox 149 2310 932 2383; baseline 0.015 -22"><span class='ocrx_word' id='word_1_260' title='bbox 149 2310 186 2361; x_wconf 72' lang='lat' dir='ltr'><strong>lul</strong></span> <span class='ocrx_word' id='word_1_261' title='bbox 200 2312 326 2362; x_wconf 79' lang='lat' dir='ltr'><strong>semudum</strong></span> <span class='ocrx_word' id='word_1_262' title='bbox 342 2312 478 2379; x_wconf 85' lang='lat' dir='ltr'><strong>dicendum,</strong></span> <span class='ocrx_word' id='word_1_263' title='bbox 492 2314 556 2379; x_wconf 75' lang='lat' dir='ltr'><strong>qubci</strong></span> <span class='ocrx_word' id='word_1_264' title='bbox 573 2315 613 2365; x_wconf 83' lang='lat' dir='ltr'><strong>illa</strong></span> <span class='ocrx_word' id='word_1_265' title='bbox 630 2314 733 2379; x_wconf 82' lang='lat' dir='ltr'><strong>prela-tio</strong></span> <span class='ocrx_word' id='word_1_266' title='bbox 748 2315 844 2367; x_wconf 32' lang='lat' dir='ltr'><strong>fleverim</strong></span> <span class='ocrx_word' id='word_1_267' title='bbox 866 2332 932 2383; x_wconf 81' lang='lat' dir='ltr'><strong>prae-</strong></span> 
     </span>
     <span class='ocr_line' id='line_1_32' title="bbox 118 2382 932 2444; baseline 0.012 -10"><span class='ocrx_word' id='word_1_268' title='bbox 118 2382 232 2434; x_wconf 82' lang='lat' dir='ltr'><strong>existebat</strong></span> <span class='ocrx_word' id='word_1_269' title='bbox 241 2382 385 2435; x_wconf 83' lang='lat' dir='ltr'><strong>distinctioni</strong></span> <span class='ocrx_word' id='word_1_270' title='bbox 401 2385 502 2437; x_wconf 84' lang='lat' dir='ltr'><strong>fidelium</strong></span> <span class='ocrx_word' id='word_1_271' title='bbox 514 2384 543 2435; x_wconf 86' lang='lat' dir='ltr'><strong>cb</strong></span> <span class='ocrx_word' id='word_1_272' title='bbox 558 2385 696 2437; x_wconf 82' lang='lat' dir='ltr'><strong>infidelibus.</strong></span> <span class='ocrx_word' id='word_1_273' title='bbox 707 2386 773 2439; x_wconf 80' lang='lat' dir='ltr'><strong>Unde</strong></span> <span class='ocrx_word' id='word_1_274' title='bbox 787 2400 834 2439; x_wconf 85' lang='lat' dir='ltr'><strong>uou</strong></span> <span class='ocrx_word' id='word_1_275' title='bbox 850 2392 932 2444; x_wconf 78' lang='lat' dir='ltr'><strong>solve-</strong></span> 
     </span>
     <span class='ocr_line' id='line_1_33' title="bbox 119 2456 932 2528; baseline 0.012 -23"><span class='ocrx_word' id='word_1_276' title='bbox 119 2456 186 2505; x_wconf 87' lang='lat' dir='ltr'><strong>batur</strong></span> <span class='ocrx_word' id='word_1_277' title='bbox 193 2470 236 2519; x_wconf 89' lang='lat' dir='ltr'><strong>per</strong></span> <span class='ocrx_word' id='word_1_278' title='bbox 245 2456 418 2509; x_wconf 77' lang='lat' dir='ltr'><strong>conversionem</strong></span> <span class='ocrx_word' id='word_1_279' title='bbox 428 2459 555 2522; x_wconf 79' lang='lat' dir='ltr'><strong>aliquorum</strong></span> <span class='ocrx_word' id='word_1_280' title='bbox 566 2459 595 2508; x_wconf 79' lang='lat' dir='ltr'><strong>etl</strong></span> <span class='ocrx_word' id='word_1_281' title='bbox 604 2459 688 2523; x_wconf 86' lang='lat' dir='ltr'><strong>lidem;</strong></span> <span class='ocrx_word' id='word_1_282' title='bbox 698 2462 721 2509; x_wconf 89' lang='lat' dir='ltr'><strong>et</strong></span> <span class='ocrx_word' id='word_1_283' title='bbox 728 2458 783 2509; x_wconf 84' lang='lat' dir='ltr'><strong>utile</strong></span> <span class='ocrx_word' id='word_1_284' title='bbox 793 2464 854 2522; x_wconf 84' lang='lat' dir='ltr'><strong>erni,</strong></span> <span class='ocrx_word' id='word_1_285' title='bbox 866 2464 932 2528; x_wconf 80' lang='lat' dir='ltr'><strong>quod</strong></span> 
     </span>
     <span class='ocr_line' id='line_1_34' title="bbox 119 2526 933 2595; baseline 0.014 -19"><span class='ocrx_word' id='word_1_286' title='bbox 119 2526 190 2590; x_wconf 75' lang='lat' dir='ltr'><strong>ulium</strong></span> <span class='ocrx_word' id='word_1_287' title='bbox 208 2526 288 2577; x_wconf 69' lang='lat' dir='ltr'><strong>bimos</strong></span> <span class='ocrx_word' id='word_1_288' title='bbox 306 2529 381 2579; x_wconf 88' lang='lat' dir='ltr'><strong>locum</strong></span> <span class='ocrx_word' id='word_1_289' title='bbox 400 2529 426 2580; x_wconf 90' lang='lat' dir='ltr'><strong>in</strong></span> <span class='ocrx_word' id='word_1_290' title='bbox 442 2530 528 2581; x_wconf 78' lang='lat' dir='ltr'><strong>semilis</strong></span> <span class='ocrx_word' id='word_1_291' title='bbox 543 2530 688 2595; x_wconf 83' lang='lat' dir='ltr'><strong>Imperatoris</strong></span> <span class='ocrx_word' id='word_1_292' title='bbox 709 2530 822 2583; x_wconf 82' lang='lat' dir='ltr'><strong>heberent</strong></span> <span class='ocrx_word' id='word_1_293' title='bbox 835 2535 866 2585; x_wconf 85' lang='lat' dir='ltr'><strong>ud</strong></span> <span class='ocrx_word' id='word_1_294' title='bbox 887 2536 933 2587; x_wconf 85' lang='lat' dir='ltr'><strong>de-</strong></span> 
     </span>
     <span class='ocr_line' id='line_1_35' title="bbox 119 2598 933 2666; baseline 0.015 -18"><span class='ocrx_word' id='word_1_295' title='bbox 119 2598 259 2650; x_wconf 79' lang='lat' dir='ltr'><strong>fendendum</strong></span> <span class='ocrx_word' id='word_1_296' title='bbox 277 2599 334 2651; x_wconf 82' lang='lat' dir='ltr'><strong>elios</strong></span> <span class='ocrx_word' id='word_1_297' title='bbox 344 2600 423 2653; x_wconf 81' lang='lat' dir='ltr'><strong>fideles</strong></span> <span class='ocrx_word' id='word_1_298' title='bbox 437 2618 446 2651; x_wconf 72' lang='grc' dir='ltr'><em>ε</em></span> <span class='ocrx_word' id='word_1_299' title='bbox 460 2604 520 2653; x_wconf 76' lang='lat' dir='ltr'><strong>sicin</strong></span> <span class='ocrx_word' id='word_1_300' title='bbox 529 2603 609 2654; x_wconf 76' lang='lat' dir='ltr'><strong>henim</strong></span> <span class='ocrx_word' id='word_1_301' title='bbox 628 2602 773 2666; x_wconf 71' lang='lat' dir='ltr'><strong>Sebastianus</strong></span> <span class='ocrx_word' id='word_1_302' title='bbox 782 2604 933 2661; x_wconf 79' lang='lat' dir='ltr'><strong>Christiano-</strong></span> 
     </span>
     <span class='ocr_line' id='line_1_36' title="bbox 119 2673 932 2745; baseline 0.012 -23"><span class='ocrx_word' id='word_1_303' title='bbox 119 2684 171 2723; x_wconf 85' lang='lat' dir='ltr'><strong>rum</strong></span> <span class='ocrx_word' id='word_1_304' title='bbox 180 2673 283 2736; x_wconf 85' lang='lat' dir='ltr'><strong>mimos,</strong></span> <span class='ocrx_word' id='word_1_305' title='bbox 296 2687 354 2737; x_wconf 84' lang='lat' dir='ltr'><strong>quos</strong></span> <span class='ocrx_word' id='word_1_306' title='bbox 364 2675 389 2725; x_wconf 87' lang='lat' dir='ltr'><strong>io</strong></span> <span class='ocrx_word' id='word_1_307' title='bbox 401 2676 521 2727; x_wconf 86' lang='lat' dir='ltr'><strong>tormentis</strong></span> <span class='ocrx_word' id='word_1_308' title='bbox 535 2675 736 2729; x_wconf 61' lang='lat' dir='ltr'><strong>videbetnslelioere</strong></span> <span class='ocrx_word' id='word_1_309' title='bbox 746 2715 754 2740; x_wconf 89' lang='lat'>‚</span> <span class='ocrx_word' id='word_1_310' title='bbox 771 2678 932 2745; x_wconf 76' lang='lat' dir='ltr'><strong>confortabat,</strong></span> 
     </span>
     <span class='ocr_line' id='line_1_37' title="bbox 120 2742 896 2813; baseline 0.014 -20"><span class='ocrx_word' id='word_1_311' title='bbox 120 2745 146 2793; x_wconf 91' lang='lat' dir='ltr'><strong>et</strong></span> <span class='ocrx_word' id='word_1_312' title='bbox 154 2742 184 2794; x_wconf 84' lang='lat' dir='ltr'><strong>al</strong></span> <span class='ocrx_word' id='word_1_313' title='bbox 194 2745 237 2795; x_wconf 88' lang='lat' dir='ltr'><strong>boo</strong></span> <span class='ocrx_word' id='word_1_314' title='bbox 250 2745 334 2796; x_wconf 74' lang='lat' dir='ltr'><strong>latebat</strong></span> <span class='ocrx_word' id='word_1_315' title='bbox 344 2744 386 2797; x_wconf 89' lang='lat' dir='ltr'><strong>sub</strong></span> <span class='ocrx_word' id='word_1_316' title='bbox 398 2743 492 2797; x_wconf 79' lang='lat' dir='ltr'><strong>militari</strong></span> <span class='ocrx_word' id='word_1_317' title='bbox 498 2747 618 2813; x_wconf 77' lang='lat' dir='ltr'><strong>oblcmpde</strong></span> <span class='ocrx_word' id='word_1_318' title='bbox 629 2748 656 2799; x_wconf 89' lang='lat' dir='ltr'><strong>in</strong></span> <span class='ocrx_word' id='word_1_319' title='bbox 669 2750 735 2799; x_wconf 86' lang='lat' dir='ltr'><strong>domo</strong></span> <span class='ocrx_word' id='word_1_320' title='bbox 746 2746 896 2803; x_wconf 82' lang='lat' dir='ltr'><strong>Diocletiani.</strong></span> 
     </span>
    </p>

    <p class='ocr_par' dir='ltr' id='par_1_7' title="bbox 152 2815 933 2885">
     <span class='ocr_line' id='line_1_38' title="bbox 152 2815 933 2885; baseline 0.015 -20"><span class='ocrx_word' id='word_1_321' title='bbox 152 2815 189 2865; x_wconf 76' lang='lat' dir='ltr'><strong>ln</strong></span> <span class='ocrx_word' id='word_1_322' title='bbox 200 2816 294 2867; x_wconf 86' lang='lat' dir='ltr'><strong>tertium</strong></span> <span class='ocrx_word' id='word_1_323' title='bbox 306 2816 428 2868; x_wconf 79' lang='lat' dir='ltr'><strong>(licendum</strong></span> <span class='ocrx_word' id='word_1_324' title='bbox 436 2856 444 2879; x_wconf 91' lang='lat'>‚</span> <span class='ocrx_word' id='word_1_325' title='bbox 453 2818 515 2882; x_wconf 86' lang='lat' dir='ltr'><strong>qubd</strong></span> <span class='ocrx_word' id='word_1_326' title='bbox 528 2820 590 2871; x_wconf 84' lang='lat' dir='ltr'><strong>serui</strong></span> <span class='ocrx_word' id='word_1_327' title='bbox 603 2820 756 2885; x_wconf 87' lang='lat' dir='ltr'><strong>subjiciuntur</strong></span> <span class='ocrx_word' id='word_1_328' title='bbox 769 2821 872 2875; x_wconf 84' lang='lat' dir='ltr'><strong>dominis</strong></span> <span class='ocrx_word' id='word_1_329' title='bbox 881 2826 933 2877; x_wconf 87' lang='lat' dir='ltr'><strong>suis</strong></span> 
     </span>
    </p>
   </div>
   <div class='ocr_carea' id='block_1_5' title="bbox 123 2884 932 2967">
    <p class='ocr_par' dir='ltr' id='par_1_8' title="bbox 123 2884 932 2967">
     <span class='ocr_line' id='line_1_39' title="bbox 123 2884 932 2967; baseline 0.014 -24"><span class='ocrx_word' id='word_1_330' title='bbox 123 2887 153 2946; x_wconf 86' lang='lat' dir='ltr'><strong>ac</strong></span> <span class='ocrx_word' id='word_1_331' title='bbox 164 2890 236 2946; x_wconf 74' lang='lat' dir='ltr'><strong>biom</strong></span> <span class='ocrx_word' id='word_1_332' title='bbox 249 2888 332 2960; x_wconf 70' lang='lat' dir='ltr'><strong>ritem,</strong></span> <span class='ocrx_word' id='word_1_333' title='bbox 346 2884 370 2946; x_wconf 85' lang='lat' dir='ltr'><strong>et</strong></span> <span class='ocrx_word' id='word_1_334' title='bbox 383 2888 469 2948; x_wconf 77' lang='lat' dir='ltr'><strong>suono</strong></span> <span class='ocrx_word' id='word_1_335' title='bbox 484 2890 599 2967; x_wconf 76' lang='lat' dir='ltr'><strong>proiectis</strong></span> <span class='ocrx_word' id='word_1_336' title='bbox 618 2892 647 2965; x_wconf 69' lang='lat' dir='ltr'><strong>ael</strong></span> <span class='ocrx_word' id='word_1_337' title='bbox 667 2892 742 2949; x_wconf 77' lang='lat' dir='ltr'><strong>ousia</strong></span> <span class='ocrx_word' id='word_1_338' title='bbox 761 2893 874 2963; x_wconf 72' lang='lat' dir='ltr'><strong>negotic3</strong></span> <span class='ocrx_word' id='word_1_339' title='bbox 888 2898 932 2953; x_wconf 80' lang='lat' dir='ltr'><strong>sel</strong></span> 
     </span>
    </p>
   </div>
   <div class='ocr_carea' id='block_1_6' title="bbox 0 0 1010 3317">
    <p class='ocr_par' dir='ltr' id='par_1_9' title="bbox 0 0 1010 3317">
     <span class='ocr_line' id='line_1_40' title="bbox 0 0 1010 3317; baseline 0 0"><span class='ocrx_word' id='word_1_340' title='bbox 0 0 1010 3317; x_wconf 95' lang='lat' dir='ltr'><strong> </strong></span> 
     </span>
    </p>
   </div>
  </div>
 </body>
</html>
