1992 3317
350 137 381 177 on
396 136 583 187 pneumon.
818 134 863 185 845

11 144 14 221 Ι
48 218 209 285 augustinum
221 216 288 283 patet
299 213 325 267 in
338 216 412 281 primo
423 216 462 269 lib.
471 218 509 268 De
523 218 569 269 tib.
578 217 658 269 arbit.
673 217 719 271 Sed
732 218 861 285 demoratio

48 294 178 345 nonhabet
193 288 372 342 eonversionem
385 291 414 343 ad
425 290 583 343 commutabile
592 290 685 344 Ionum.
693 292 753 357 Ergo
762 306 811 345 non
827 298 863 346 est

48 370 181 431 poematum.

79 440 215 501 Praeterea,
223 434 281 485 illud
292 436 354 499 quod
366 434 438 486 oritur
449 448 478 487 ex
487 436 548 487 bona
556 435 643 501 radioe,
652 449 699 488 non
708 438 800 491 ridetur
809 453 860 492 esso
911 451 916 458 ·

50 514 187 573 pensatum
198 506 256 573 qula
265 522 279 555 a
291 519 338 557 non
346 509 424 571 polest
433 507 500 560 arbor
507 508 567 559 loona
576 508 665 559 imolas
673 510 746 561 malos
753 510 861 575 faeere»

51 586 74 629 nt
90 580 180 631 dleitnr
195 577 298 635 natal„
314 578 362 628 IIII.
378 578 423 629 Sed
440 578 569 643 desperatio
590 579 681 631 ridetur
693 582 815 645 proaedere
833 597 863 636 ει

52 652 110 704 lona
120 651 216 715 radice,
234 648 325 701 seilicet
337 649 460 701 extimare
473 649 532 712 llei,
545 651 583 701 vel
601 654 734 704 exhortore
746 655 862 719 magnim-

53 724 110 776 rl'mis
129 722 281 791 propriorum
298 725 454 785 peecatorum.
470 722 530 787 Ergo
547 722 734 787 desperationem
749 730 786 780 est
805 740 861 792 pee-

53 800 139 849 oalnm.

86 872 112 917 3.
125 867 256 927 praterea,
272 864 294 915 si
305 864 434 929 desperatio
446 870 508 917 esset
525 869 657 931 peecatum,
669 868 739 919 etiam
751 870 863 924 damnatis

54 942 121 987 esset
137 940 264 1001 peooatnm,
273 936 336 1001 qudd
346 938 473 1003 desperant.
489 939 536 990 Sed
547 939 592 988 hoe
603 951 651 989 non
659 938 784 1003 imputatur
791 942 825 991 eis
833 944 863 993 ad
934 930 937 937 ’

57 1008 165 1073 culpam,
182 1008 220 1059 sed
238 1008 314 1073 magIs
328 1009 357 1061 ad
375 1008 554 1060 damnationem.
571 1009 630 1072 Ergo
648 1022 722 1072 neque
737 1011 862 1063 viatorilms

55 1080 182 1145 imputator
195 1080 224 1131 ad
233 1080 335 1144 culpam.
349 1080 378 1129 Ilt
387 1078 419 1128 ita
431 1079 559 1144 desperatio
570 1092 617 1131 non
628 1083 664 1131 est
675 1083 806 1144 peecatum.

88 1151 134 1203 Sed
146 1156 225 1203 eontra
240 1167 246 1200 :
260 1151 319 1202 illud
330 1164 371 1215 per
387 1151 561 1213 pnodlnomines
573 1151 598 1201 in
614 1155 707 1215 peecata
716 1150 861 1220 inducuntur,

57 1222 146 1273 videtur
159 1236 212 1273 esse
226 1235 274 1273 non
284 1222 359 1273 solum
365 1225 494 1286 peceatum,
505 1223 546 1273 sed
555 1222 694 1287 prinolpimm
705 1228 858 1287 peecatorum.

59 1294 102 1344 Sed
113 1294 246 1359 desperatio
259 1298 296 1345 εει
308 1292 452 1357 hujusmodi3
463 1292 518 1344 dicit
526 1293 587 1344 enlm
597 1295 721 1360 Apostolus
730 1296 759 1347 de
768 1298 863 1359 quidus-

60 1367 107 1417 dam
115 1366 152 1417 od
160 1368 268 1431 Eples„
277 1367 308 1415 III
318 1382 324 1415 ι
336 1381 349 1415 a
358 1364 403 1423 Qui
411 1366 565 1429 desperantes,
574 1367 709 1431 semetipsos
720 1368 860 1419 tradiderunt

61 1438 209 1503 inpndioitim
223 1438 248 1487 in
262 1436 421 1502 operationem
435 1437 509 1486 omnis
523 1436 671 1488 immundae
690 1441 714 1489 ει
725 1440 860 1492 avaritia.»

60 1508 116 1573 Ergo
127 1507 258 1573 desperatio
272 1522 319 1559 non
333 1506 408 1559 solum
421 1511 456 1557 est
467 1509 600 1570 peecatum,
617 1508 763 1559 sedationem
776 1523 858 1574 pecea-

61 1583 137 1629 torum
147 1579 293 1644 principium.
560 1594 564 1601 ’

96 1651 258 1715 (descensio.
273 1676 306 1688 -
319 1648 452 1713 Desperatio
465 1662 517 1712 qua
534 1652 571 1699 est
587 1650 662 1698 motus
673 1649 798 1699 voluntatis
810 1650 862 1702 inde

64 1734 161 1774 nascens
171 1721 228 1785 qaod
240 1722 294 1785 quis
304 1720 422 1771 existimet
431 1722 504 1771 Deum
516 1718 629 1784 peceamri
637 1717 759 1781 poenIIenti
771 1719 863 1770 reniam

61 1793 186 1857 denegare,
201 1796 324 1857 peceatum
338 1792 406 1855 εει.)

91 1865 227 1929 despondeo
238 1864 374 1927 dicendam,
389 1862 451 1926 qndd
466 1863 593 1914 seeundum
606 1862 771 1926 Philosophum
782 1862 807 1914 in
823 1863 861 1913 III.

63 1936 145 1986 Etlo'e.
162 1936 208 2000 (ll,
218 1934 275 1986 illud
288 1934 349 1999 qnod
363 1937 398 1985 est
411 1933 435 1985 in
448 1934 566 1985 intellectu
578 1933 698 1985 adfirmatio
710 1935 747 1985 rel
761 1934 862 1998 negatio,

64 2011 96 2058 est
114 2007 139 2057 in
157 2007 262 2072 appetitu
272 2005 405 2072 prosecutio
419 2008 443 2056 et
458 2005 525 2070 luga3
541 2010 564 2055 et
577 2006 638 2069 qood
653 2007 689 2055 est
705 2005 729 2055 in
745 2004 863 2057 intellectu

65 2094 150 2131 veram
165 2080 202 2131 vel
222 2080 333 2144 salsam,
347 2081 383 2131 est
400 2078 425 2128 in
444 2078 548 2143 appetita
567 2076 658 2127 donam
676 2080 701 2128 et
713 2076 820 2128 molam
834 2079 864 2128 Et

65 2151 112 2205 ideo
123 2152 200 2203 omnis
211 2155 288 2203 motus
298 2149 437 2215 appetitionis
447 2149 595 2201 oonlormiter
605 2162 630 2200 se
639 2147 726 2200 habens
733 2148 862 2200 intellectui

64 2236 128 2286 sero,
142 2228 179 2275 est
192 2222 317 2275 seeundum
331 2236 357 2273 se
367 2222 456 2287 bonus3
470 2221 629 2273 omnisautem
639 2220 862 2286 memsappetitims

66 2295 209 2347 malormiler
221 2308 246 2345 se
255 2292 343 2345 habens
356 2294 481 2345 intellectui
489 2293 549 2344 lalso
558 2332 565 2355 ,
575 2296 610 2344 est
618 2292 741 2344 seeundum
754 2306 779 2343 se
790 2294 864 2344 malus

66 2371 87 2417 ει
103 2371 230 2431 peecatum.
248 2366 316 2417 Circa
331 2368 405 2423 Ileam
419 2368 493 2415 antem
512 2378 567 2417 vera
585 2362 723 2417 existimatio
736 2364 864 2415 intellectas

65 2444 97 2489 εει
110 2438 171 2503 qaod
190 2452 220 2489 en
232 2438 284 2502 ipso
296 2436 402 2501 provenit
419 2435 537 2488 hominnm
549 2435 611 2487 salus
623 2474 630 2498 ,
642 2439 666 2487 ει
678 2434 746 2486 venia
755 2438 863 2499 poseam-

66 2509 126 2560 nlms
138 2511 220 2573 datur,
234 2508 362 2561 meandum
377 2508 432 2558 illud
449 2508 548 2572 Erech„
562 2507 633 2559 XIIII
649 2524 655 2556 :
673 2505 756 2557 allolo
768 2510 863 2557 mormm

66 2582 203 2645 penaeas,
219 2582 260 2633 sed
273 2584 299 2631 ut
315 2582 460 2633 convertatur
473 2582 496 2633 et
510 2580 586 2644 visat3
604 2595 618 2627 o
630 2577 687 2630 falsa
697 2579 772 2629 autem
785 2576 863 2643 opinio

101 2740 130 2806 (1)
143 2745 259 2804 Expressa
275 2745 370 2803 qnidam
383 2745 460 2802 quoad
470 2745 571 2803 priorem
582 2750 684 2803 partem
700 2741 864 2798 aequiralenoer

68 2814 180 2856 tutemet
195 2808 309 2867 implicite
331 2808 407 2867 quoad
426 2810 590 2867 posteriorem
606 2807 659 2854 edm
675 2806 765 2852 sollioet
786 2814 865 2852 verum

69 2872 103 2925 tel
115 2872 200 2923 talsano
209 2872 295 2921 dieitur
308 2884 360 2922 osse
374 2870 462 2921 donem
472 2872 511 2921 ool
520 2871 613 2921 molem
625 2868 770 2920 intellector.
