1992 3317
138 128 183 175 128
262 135 369 175 sncnnou
386 135 513 185 senonen,
531 132 623 181 coner.
640 136 662 182 u,
681 134 735 171 cnr.
752 134 808 172 vnn.

137 214 242 268 Potentia
256 215 333 263 nutem
350 211 376 263 io
393 211 530 263 habentibus
542 210 682 263 intellectum
702 222 748 261 nnn
764 215 894 275 operatur
917 214 970 265 nisi

137 282 259 335 secundino
267 283 406 333 uoluntatem
415 285 438 333 et
446 281 599 345 cognitionem
610 298 615 331 :
628 284 652 333 et
660 282 712 333 ideo
721 280 913 345 omnipotentia
925 288 973 336 Dei

137 353 231 406 includit
244 354 407 417 quodamnodo
422 354 523 405 omniurn
536 353 652 405 scientium
670 356 693 403 et
702 354 900 417 providentium.
916 358 975 408 Non

137 426 198 488 eninr
212 429 291 490 posset
302 426 379 477 onnia
392 439 443 489 que
454 426 525 476 vellet
538 424 562 475 in
576 424 626 475 istie
636 422 783 475 interioribus
797 438 904 489 agere,
923 430 974 479 nisi
988 434 989 489 l

137 500 332 560 cognosceret,
346 496 749 561 eteorumprouidentiumhnbenet.
988 490 989 577 l

168 570 202 619 eid
212 569 304 618 tertium
313 568 446 629 dicendum,
459 567 521 631 qudd
532 567 607 617 Patris
618 572 642 617 et
652 566 704 617 Filii
717 570 740 617 el
750 568 863 631 Spiritus
885 573 974 622 sancti
988 578 989 635 l

138 644 230 692 cetuna
245 640 344 703 cognitio
354 643 464 702 quantum
474 641 503 689 ad
515 638 626 689 unitatem
639 639 762 699 essentie,
775 653 831 702 quae
847 644 972 705 pertinet
988 636 989 641 '

138 713 164 761 ud
181 711 281 774 primum
292 710 423 773 articulum
437 714 548 774 quantum
561 708 616 761 ucrd
626 711 655 761 ad
673 710 851 761 distinctionem
875 727 972 777 perso

139 794 232 843 nuum,
243 796 293 847 quae
303 787 338 833 ecl
350 795 390 848 por
399 781 522 833 relationes
532 780 815 845 originio,quodnnnmodo
826 782 860 833 in
872 787 970 849 cogni-

139 853 198 904 done
213 853 288 905 Patris
297 853 420 905 includitur
428 854 528 917 cognitio
539 853 599 903 Filii.
612 854 663 905 Non
675 853 737 905 eninr
750 857 810 905 esset
825 855 930 920 Pater,
946 860 968 907 si
988 870 989 911 l

138 925 220 975 Filium
237 939 283 976 non
300 926 406 989 haberet,
421 939 517 989 quornm
532 937 604 976 neuun
621 929 657 975 eut
676 924 774 989 Spiritus
789 930 918 992 nunctus3
939 936 967 979 et
988 920 989 983 l

136 1002 246 1061 quamum
257 999 286 1049 nd
298 996 410 1049 hocbene
421 997 478 1047 moti
487 1000 542 1047 sunt
550 996 591 1060 qui
603 1000 729 1061 posuerunt
739 1010 808 1045 unuin
817 998 965 1051 articulum
988 984 989 1069 l

138 1068 207 1119 trium
217 1083 373 1133 personarunt.
385 1068 491 1131 Sedunia
504 1068 564 1119 circu
575 1068 674 1132 singulas
682 1080 790 1131 personas
798 1074 858 1119 sunt
872 1072 967 1136 aliqua
988 1072 989 1115 l

137 1142 288 1203 attendenda,
313 1141 373 1191 eirca
385 1154 437 1203 qne
455 1139 567 1203 contingit
587 1153 638 1191 esse
654 1152 767 1201 errorem,
781 1144 910 1203 quantum
934 1147 967 1193 ad
988 1116 989 1195 i

139 1215 183 1263 lnoc
197 1214 225 1263 de
239 1213 313 1263 tribus
328 1212 433 1277 perronio
445 1215 541 1275 possunt
556 1212 611 1275 poni
624 1215 670 1263 tres
684 1210 781 1261 articuli.
796 1210 872 1263 Arius
887 1216 962 1266 enim

138 1283 233 1333 credidit
246 1286 335 1334 Patrem
351 1285 546 1347 omnipotentem
557 1286 581 1332 et
590 1284 721 1340 oeternum,
733 1282 773 1333 sed
784 1295 830 1333 oon
843 1287 962 1337 credidit

137 1355 218 1404 Filium
227 1354 377 1419 coequalem
391 1359 415 1404 et
426 1354 663 1405 consubstantialem
683 1356 779 1403 Patri:
795 1357 818 1405 et
830 1353 894 1408 ideo
915 1373 963 1411 ne·
988 1348 989 1425 l

137 1425 260 1477 oessarium
271 1425 316 1475 luit
329 1439 443 1490 opponere
453 1425 572 1476 articulum
582 1425 609 1477 de
619 1437 716 1489 persona
727 1424 794 1484 Filii,
811 1425 841 1475 ad
851 1427 904 1479 lroc
914 1430 958 1479 de·
988 1428 989 1481 l

137 1497 310 1549 terminandum.
331 1498 361 1548 Et
377 1499 457 1549 eudem
474 1497 561 1549 rationo
580 1499 657 1548 contra
671 1496 827 1547 lllocedonium
845 1511 960 1553 ‘necesse

138 1567 181 1624 luit
193 1580 277 1632 ponere
292 1569 413 1620 articulum
430 1567 522 1619 tertium
541 1570 569 1619 de
586 1580 682 1633 persona
700 1566 797 1632 Spiritus
815 1572 908 1623 sanctu
926 1576 957 1622 Et

139 1640 245 1692 similiter
257 1641 327 1691 etiem
340 1640 459 1705 conceptio
469 1640 554 1691 Christi
568 1644 592 1689 et
606 1639 726 1701 nativitas,
742 1644 766 1689 ct
780 1638 852 1689 eliam
868 1657 958 1695 resur·-

137 1712 208 1763 rectio
222 1717 245 1763 ct
256 1712 303 1762 ritu
320 1716 414 1773 emma,
429 1710 554 1761 secunddnr
568 1724 638 1759 urrun
649 1709 758 1761 rationem
770 1717 871 1774 possunt
882 1728 957 1765 corn-

140 1784 249 1847 prehendi
262 1784 303 1834 suh
319 1797 365 1833 nno
375 1783 488 1843 anticolo,
502 1783 653 1845 inquantum
668 1782 694 1831 ad
707 1794 779 1831 unum
789 1782 953 1850 ordinantur,

138 1856 162 1904 et
180 1854 304 1905 secunddnn
325 1853 394 1905 aliam
411 1854 523 1905 rationem
539 1852 658 1917 distingui,
670 1852 695 1903 in
710 1856 822 1916 quantum
836 1867 954 1909 seorsum

138 1926 223 1977 habent
233 1927 343 1991 speciales
354 1926 508 1977 difficultates.
589 1930 592 1937 '

169 1999 203 2047 nd
212 1997 523 2062 quartumdicendunuoudd
533 1998 590 2051 Filio
603 2003 626 2049 et
636 1998 729 2063 Spiritui
740 2002 818 2049 canoto
828 2006 951 2055 convenit
988 2058 989 2067 χ

138 2068 199 2119 mitti
216 2070 244 2118 od
259 2069 443 2119 sanctificandum
462 2072 601 2134 creaturum,
618 2070 676 2121 circo
698 2071 757 2134 quod
774 2070 873 2135 plurima
891 2088 949 2127 cre-
988 2068 989 2131 l

139 2140 214 2191 denda
230 2143 351 2190 occurrunt
370 2143 414 2191 :et
430 2140 481 2191 idco
505 2140 563 2191 circo
584 2154 703 2205 personum
724 2140 776 2190 Fidi
797 2145 821 2193 et
839 2143 950 2207 Spiritus
988 2136 989 2209 l

138 2210 211 2261 sancti
235 2210 312 2273 plures
334 2211 423 2261 articuli
444 2211 638 2275 multiplicantur,
653 2211 721 2275 qutun
738 2212 798 2262 oiron
818 2228 947 2277 personam
988 2218 989 2253 ³

138 2280 224 2343 Putris,
234 2294 285 2343 qnae
299 2294 415 2344 nunqnam
424 2281 531 2344 mittitur,
540 2286 564 2331 ut
578 2282 707 2333 dictumest
717 2282 745 2345 (l.
758 2286 828 2347 parc,
842 2298 884 2347 qur.
899 2290 944 2350 te,
988 2258 989 2333 i

138 2354 182 2401 orl.
196 2354 236 2413 l).

171 2424 203 2473 dd
221 2424 324 2487 quintum
335 2424 470 2487 dicendum,
483 2426 544 2489 qudd
558 2422 706 2480 sanctificatio
718 2429 827 2479 creature
837 2440 880 2492 per
888 2444 943 2493 gra-

139 2579 168 2623 ob
184 2578 306 2623 uniuersali
323 2591 399 2628 rerum
415 2581 558 2637 prouidentia
576 2583 708 2640 impositum
728 2587 764 2627 eet
782 2593 867 2627 nomen
880 2583 937 2634 illnd
988 2594 989 2633 l

134 2641 201 2695 juxta
215 2641 320 2697 cremet.
335 2644 500 2689 Damascenid
517 2646 588 2691 verbo
601 2647 677 2707 durus
687 2645 750 2701 quod
768 2650 803 2691 est
819 2657 938 2696 currere,
988 2636 989 2721 l

138 2713 204 2767 quusi
219 2712 317 2758 lovendo
329 2714 449 2768 uniuernu;
465 2717 502 2760 uel
521 2715 640 2783 dieitur,
655 2716 717 2773 quod
728 2721 764 2763 eet
777 2714 934 2766 considerare
988 2722 989 2775 ᾗ

139 2783 174 2853 uel
188 2785 363 2892 comteamnplorir
377 2790 401 2829 ct
414 2785 444 2829 nd
464 2786 632 2841 providentium
646 2792 748 2845 spectat,
763 2791 788 2831 ut
805 2785 817 2830 l
838 2785 935 2833 videndo
988 2800 989 2835 l

139 2855 172 2889 suo
182 2856 239 2891 voce
289 2881 295 2892 .
