1992 3317
87 109 97 126 ⁹
133 119 179 172 tto
237 128 345 170 umcros
360 125 488 180 moros,
501 115 600 175 onnam
612 125 705 178 turm,
723 127 781 167 sur.
797 127 835 168 rr.
982 106 984 185 l

134 207 247 274 deliquio
258 205 408 260 detractiones
418 205 495 258 audiat
506 207 592 272 1111111
600 205 744 267 resistentia,
752 206 847 257 rideum
856 205 928 258 11111

134 281 178 334 tori
190 281 318 334 consentire
336 295 342 330 ι
354 279 414 330 unde
426 278 452 330 fit
464 278 582 343 mrtireoa
590 279 681 342 pecati
690 278 754 342 ejus.
769 279 833 329 Etsi
850 277 931 343 qmdem

133 355 225 406 inducat
243 367 295 405 eum
307 353 335 403 ad
351 351 516 402 detrahendum
527 388 535 411 ‚
547 349 586 401 vel
598 349 681 400 salom
692 350 787 414 placeat
799 351 823 400 ei
834 351 932 402 dehadto

134 429 227 491 propter
240 425 316 476 odium
336 423 388 487 ejus
403 422 441 473 cni
460 421 600 482 detrahihm,
612 434 661 472 nom
680 421 760 472 mimis
773 425 861 486 peccat
874 423 934 487 quin

133 499 273 560 detrahens,
291 499 315 546 et
331 496 467 560 quandoque
484 493 565 558 magia.
580 493 645 544 Unde
655 493 789 544 Bernartius
803 495 861 558 (lib.
876 497 936 546 libe

133 569 293 623 considunt„
307 579 359 632 cop.
377 569 431 628 11),
450 563 506 618 dicit
522 581 529 615 :
545 583 559 612 a
577 565 700 617 Detrahere
718 569 761 616 aut
778 564 936 618 detrahentem

134 640 225 700 audire,
241 637 297 704 quid
312 641 393 690 horum
405 635 554 689 damnabilius
568 637 607 700 ait,
622 651 669 688 mon
682 635 752 688 tacite
768 637 872 689 dixerim
879 640 937 704 (tls

134 713 159 764 Si
176 711 231 762 r'erb
245 724 291 762 non
299 711 388 775 placeat
396 709 419 760 ci
433 713 559 774 peccatum,
571 710 613 760 sed
623 709 760 772 extincte,
771 711 813 760 rel
825 711 941 776 negligen-

135 785 175 847 tir,
188 784 226 834 vel
236 782 304 834 etiam
317 781 453 833 vererundia
463 781 569 846 quadm,
584 782 673 832 omittat
685 782 800 846 repellere
820 783 941 835 detrahen-

135 861 192 919 tern,
206 858 284 919 pumat
300 854 401 918 quidem,
412 854 453 904 sed
464 851 535 904 mmo
545 852 622 904 minis
629 853 699 918 quim
710 855 849 916 detrahens,
859 859 886 906 et
898 857 942 920 ple·

135 939 232 992 rumque
247 926 372 978 venialiter.
383 926 523 990 Quandoque
530 925 601 976 etiam
613 927 658 977 hoc
669 929 748 990 potest
757 940 811 978 esse
824 933 943 992 peccatum

138 999 246 1060 mortale,
262 999 299 1049 vel
316 1001 407 1064 propter
423 999 467 1048 hoc
482 997 543 1062 qubd
556 996 625 1048 alicui
637 1011 668 1049 ex
682 998 760 1050 oidcio
772 999 891 1050 incumbit
908 1000 944 1049 de-

138 1072 264 1122 trahentem
285 1070 411 1133 eorrigere‚
426 1070 463 1119 uel
484 1072 577 1134 propter
596 1069 689 1133 aliquod
709 1070 843 1135 perieulum
866 1085 945 1122 eonse-

138 1155 224 1207 quens,
240 1143 276 1192 vel
289 1146 380 1206 proptu
393 1141 506 1202 radicem,
525 1153 569 1204 qua
585 1141 652 1192 timor
672 1143 791 1193 humanus
805 1144 945 1208 quandoque
982 1144 984 1193 i

138 1218 212 1278 potest
226 1225 275 1263 esse
289 1217 407 1275 peecatum
420 1212 526 1272 mortale,
543 1216 569 1262 ut
585 1211 653 1276 sopri
665 1213 770 1264 habitum
783 1217 820 1265 est
835 1215 891 1279 (qu.
905 1219 941 1273 19,

138 1287 227 1346 111).

169 1357 200 1406 11
221 1355 317 1419 primum
335 1367 389 1418 ergo
409 1355 545 1415 dicendum,
561 1353 622 1418 codd
636 1355 791 1407 detractiones
802 1370 860 1408 snas
872 1357 944 1408 madro

136 1427 214 1487 audit,
232 1425 285 1490 qnia
301 1425 387 1476 scilieet
400 1427 459 1476 mala
471 1437 522 1488 qua
533 1424 639 1476 dicuntur
648 1428 677 1477 de
687 1425 766 1490 aliquo
779 1441 809 1479 eo
823 1429 940 1489 11111111,

137 1510 182 1548 mon
200 1500 253 1548 suot
267 1497 434 1558 detractiones,
449 1496 538 1560 proprie
554 1498 682 1563 loquendo,
692 1499 733 1549 scd
744 1500 906 1560 contumelia,
921 1505 944 1547 ut

137 1571 265 1622 dictumest
279 1569 341 1636 (art.
353 1573 376 1634 t,
387 1571 415 1621 sd
424 1573 466 1632 1).
482 1571 580 1620 Possunt
588 1574 664 1621 hmeo
674 1572 702 1621 ad
711 1572 822 1655 notitiam
834 1571 941 1634 alicujus,

137 1645 288 1697 detractiones
306 1647 384 1694 conhu
399 1643 474 1708 ipsum
492 1644 571 1704 lacte,
587 1643 682 1694 aliorum
696 1644 851 1696 relationibus
866 1657 942 1710 perve-

138 1719 196 1768 nire.
211 1717 240 1768 nt
256 1719 311 1766 tunc
334 1716 369 1766 sni
385 1715 472 1766 arbitrii
482 1719 524 1766 'est
545 1715 706 1766 detrimentum
723 1730 772 1766 suae
792 1717 864 1768 iamim
882 1715 941 1780 pati,

140 1789 184 1840 nim
203 1789 247 1839 hoc
268 1791 346 1852 vergo
364 1788 388 1838 in
406 1787 532 1851 pauculum
552 1787 659 1853 eborum
672 1789 699 1838 nt
714 1788 785 1852 supra
810 1789 897 1840 dictum
913 1791 944 1838 et

142 1861 196 1925 (qu.
207 1864 246 1922 tn,
261 1861 305 1911 art.
324 1859 362 1924 a).
376 1859 405 1909 Et
416 1859 469 1910 ideo
483 1858 508 1907 in
520 1860 564 1910 hoc
573 1862 650 1923 potest
666 1861 827 1911 commendari
839 1862 891 1927 ejus
901 1873 943 1926 μ-
982 1904 984 1909 .

141 1931 235 1996 henin,
248 1931 307 1996 qlod
330 1931 442 1996 putemur
463 1928 568 1994 proprias
583 1930 735 1982 detractiones
754 1932 883 1984 sustineat.
896 1933 943 1982 lton
982 1976 984 1993 ,

141 2007 217 2056 antem
231 2008 266 2056 est
284 2003 320 2055 soi
337 2001 423 2054 arbitrii
438 2002 498 2067 quod
512 2003 610 2067 pahatur
625 2003 787 2054 detrimentum
807 2005 879 2057 mma
891 2005 942 2055 alte·
982 2010 984 2029 ¹

141 2075 198 2127 rins.
212 2077 242 2126 Et
255 2077 306 2128 ideo
318 2075 344 2126 in
356 2075 444 2141 culpam
460 2074 482 2124 ei
495 2073 601 2137 uertitur,
616 2075 695 2126 simom
709 2075 797 2126 resistit
807 2076 864 2128 ehm
874 2077 942 2143 possit

142 2147 258 2210 resistere,
273 2149 351 2198 eadem
365 2147 452 2198 ratione
471 2159 516 2209 qua
527 2149 618 2197 tenetur
628 2147 710 2210 aliquus
721 2147 845 2200 sublevare
858 2149 943 2201 annum

99 2249 105 2258 ·
143 2219 235 2270 alterius
252 2219 366 2282 jacentem
378 2218 419 2269 sub
429 2230 514 2277 onere,
530 2219 555 2267 ut
565 2218 699 2282 precipitur
711 2218 830 2276 Denter„
843 2221 915 2272 XXII.

174 2291 206 2340 hd
228 2292 351 2342 secundom
371 2291 506 2350 dicendum,
525 2289 584 2353 qnbd
603 2301 650 2339 non
667 2303 757 2354 semper
776 2289 864 2355 atiqms
883 2292 942 2342 dehet

143 2363 249 2414 resistere
258 2362 387 2425 detractori,
399 2363 513 2425 arguendo
523 2374 575 2411 eum
584 2360 613 2411 de
620 2360 733 2422 trisitate,
742 2360 845 2414 maxime
857 2363 877 2413 si
890 2364 943 2412 sciat

143 2434 221 2485 verum
235 2447 286 2484 esse
300 2435 359 2497 qood
374 2434 469 2496 dicitor3
478 2433 518 2483 sed
532 2433 599 2484 debet
611 2445 664 2482 eum
676 2430 754 2483 uerbis
765 2434 903 2498 redarguere
915 2433 940 2482 de

144 2507 187 2557 hoc
198 2504 259 2570 quod
272 2508 351 2569 peccet
361 2504 424 2555 tratri
438 2504 642 2573 detrahendorel
652 2503 732 2554 saltem
745 2506 874 2556 ostendere
887 2504 941 2569 qndd

177 2667 210 2730 (1)
225 2673 260 2714 Ex
275 2669 356 2714 eodem
378 2667 457 2713 reterri
472 2669 533 2714 solet
545 2669 638 2726 vulgare
653 2669 738 2714 dictum
757 2669 831 2726 illud,
846 2670 906 2726 qudd
918 2675 938 2714 et
982 2689 984 2699 ·

144 2731 264 2776 detrahens
278 2737 301 2775 et
311 2731 408 2775 libenter
419 2731 515 2776 audiens
525 2733 691 2791 detrahentem,
702 2736 805 2789 eternae
816 2733 936 2778 diabolum

142 2795 225 2846 portet
240 2811 247 2834 :
263 2792 391 2838 detraherer
407 2791 505 2849 quidem
526 2795 556 2839 ier
568 2796 657 2854 linquo
670 2793 708 2840 uel
723 2795 753 2840 a‘rr
768 2807 827 2849 orer
842 2795 938 2841 osdtm

146 2855 229 2902 aetem
244 2854 329 2900 cottam
339 2855 369 2900 itt
380 2865 450 2900 aare.
