1992 3317
339 201 371 238 ns
386 200 553 240 metm.
799 192 841 240 tal

46 279 107 330 Sicut
117 281 141 330 et
154 278 184 330 ule
198 277 282 330 Catone
295 275 405 329 Salonius
420 277 488 341 dicit,
502 277 564 343 qnod
577 277 646 341 «qno
664 278 738 342 magis
749 278 844 342 moriam

45 350 155 414 rugiebat,
163 348 191 400 eh
198 349 270 412 magis
277 362 328 400 eum
336 347 406 412 gloria
412 349 547 412 sequebatur
552 349 595 414 (l).
605 351 657 400 »ct
663 350 696 400 ila
702 350 845 415 routuyitin

44 420 195 486 eleemosynis
208 420 373 484 spiritualibus,
386 425 410 471 et
417 424 495 472 honen
506 422 603 472 intentio
615 423 727 473 honorum
738 423 845 487 spiritura·

1 553 2 556 Ἴ
45 494 98 543 liuor
108 507 155 544 non
164 491 247 543 minuit
257 492 372 556 meritum,
383 492 442 544 sicut
451 492 547 544 intenlio
559 494 669 546 honorum
682 495 842 559 corporalium.

1 585 2 606 1
75 565 109 616 ld
122 565 214 615 tortium
234 563 368 628 dicendum,
385 563 444 628 puhel
463 564 568 615 meritum
584 564 657 616 (lauhs
677 565 843 630 eleemosynam

45 635 168 688 ostenditur
181 634 305 686 secundum
318 634 342 686 id
355 635 379 686 io
390 648 435 700 quo
449 636 516 686 debet
527 636 689 687 rationabiliter
702 636 844 701 requiescere

44 708 150 758 noluntas
169 705 314 771 accipientis,
327 719 374 758 non
387 706 412 758 in
423 719 450 758 eo
463 707 488 756 in
502 719 547 771 qno
559 708 695 773 requiescit,
709 710 729 760 si
744 708 774 759 sit
783 709 845 760 inor·

45 779 132 832 dinato.

340 885 500 938 unoculus
511 885 549 936 IV.

50 1013 135 1059 Utruim
144 1013 295 1069 eleemosyna
303 1011 437 1068 corporales
446 1009 555 1066 numm,
563 1009 671 1067 effectum
684 1010 843 1067 spirituatem.

76 1139 111 1190 lu
124 1141 229 1202 quntum
246 1137 281 1188 sic
293 1137 429 1201 proceditur.
443 1136 539 1187 Videtur
552 1135 613 1201 puoh
626 1136 777 1201 eleemosynae
790 1149 846 1188 cor-

45 1211 135 1278 porales
153 1223 200 1261 non
213 1210 313 1262 habeant
327 1209 432 1260 ellectum
447 1207 597 1273 spiritualem.
614 1208 713 1258 Effectus
726 1209 788 1260 enim
798 1221 846 1259 non

44 1288 80 1336 est
96 1281 173 1348 potior
188 1280 230 1332 sut
246 1279 315 1332 cansa
331 1280 374 1345 (t).
395 1281 441 1332 Sed
459 1282 519 1332 bona
538 1279 662 1344 spiritualia
686 1285 740 1331 sunt
756 1281 845 1346 potiora

45 1353 208 1420 corporalibus.
225 1353 277 1404 Non
294 1365 349 1417 ergo
362 1353 513 1418 eleemosyna
530 1352 658 1418 corporales
677 1353 763 1404 hahent
776 1354 845 1419 splri·

44 1427 119 1476 tuales
135 1425 238 1476 effectus.

76 1503 100 1547 2.
116 1499 243 1558 proterea,
259 1496 313 1547 dare
323 1495 438 1560 corporale
454 1509 495 1560 pro
507 1495 621 1559 spirituali
633 1493 714 1545 ritum
724 1499 761 1546 est
776 1496 846 1548 simo-

44 1569 100 1620 nie.
122 1569 166 1619 Sed
184 1569 228 1618 hoo
242 1567 324 1618 vitium
340 1570 376 1619 est
390 1568 482 1618 omnino
497 1567 625 1617 uitandum.
647 1567 697 1617 Nou
714 1580 769 1629 eryo
790 1571 847 1618 sunt

44 1642 127 1692 daudae
147 1640 297 1706 eleemosynae
312 1641 340 1690 ad
354 1640 537 1703 consequendum
550 1637 679 1701 spirituales
695 1637 796 1688 effectus

76 1717 101 1763 3.
116 1714 242 1774 preterea,
263 1709 412 1775 multiplicata
427 1708 495 1761 causa
516 1708 678 1772 multiplicatur
699 1709 801 1758 effectus.
822 1710 847 1760 si

42 1799 101 1849 crgo
112 1785 256 1847 eleemosyna
273 1782 396 1847 corporalis
406 1785 511 1832 causarer
524 1779 664 1844 spiritualem
675 1779 798 1842 ellectum,
809 1793 845 1831 se·

41 1859 154 1922 querelor
164 1854 224 1919 quod
234 1855 306 1919 major
317 1855 461 1917 eleemosyna
471 1852 544 1916 magis
554 1850 699 1916 spiritualiter
707 1851 828 1914 proliceret
837 1868 843 1901 ι

41 1927 105 1994 quod
123 1929 162 1977 est
174 1929 251 1976 contra
264 1925 318 1976 illud
332 1925 393 1989 quod
411 1924 494 1988 legitur
506 1925 579 1983 Luc,
592 1923 658 1986 xxl,
670 1922 698 1972 do
710 1921 777 1972 riona
791 1925 848 1972 nnit-

41 2001 109 2052 tente
127 1997 173 2048 duo
190 2010 235 2048 mre
251 1997 338 2048 minuta
355 1997 380 2046 in
391 1995 574 2060 gazophylacium
590 1993 643 2057 (δὴ
658 2007 709 2057 qne
722 1992 846 2044 mcundhnr

42 2068 187 2124 sententiam
205 2069 293 2119 homini
306 2068 358 2132 plns
371 2067 477 2118 omnihus
488 2065 559 2116 misit.
568 2065 620 2116 Non
633 2077 688 2128 ergo
701 2064 847 2130 eleemosyna

40 2140 171 2209 corporalis
183 2141 252 2192 hahet
265 2139 405 2205 spiritualem
419 2140 535 2190 ellectum.

75 2214 123 2266 Sed
135 2215 217 2264 contra
234 2215 277 2275 est,
290 2212 348 2276 quod
360 2211 441 2262 dicitur
452 2210 557 2270 Euctus„
565 2209 660 2260 xllllll:
673 2208 847 2273 «Eleemosyna

40 2283 202 2350 uiri-gratiam
215 2282 315 2334 hominis
327 2281 393 2346 quasi
406 2281 517 2347 pupillam
529 2280 677 2332 conservabit
684 2279 730 2345 (t).
741 2295 756 2327 n

76 2402 111 2468 (1)
127 2404 174 2449 Vel
196 2403 243 2460 puri
257 2401 341 2447 mimice
362 2401 469 2459 plocium
484 2400 590 2458 petebat,
604 2400 631 2445 eo
645 2401 723 2458 inopie
741 2412 848 2458 cosmoe-

41 2471 135 2520 onnon
144 2466 202 2512 utin
214 2464 489 2523 cunjunctionellutilinrn
500 2463 601 2519 loquitur
612 2463 723 2509 &insons
732 2474 761 2508 eo
770 2463 847 2520 cupite

40 2535 66 2580 in
77 2543 128 2589 quo
143 2541 172 2574 ex
180 2527 286 2588 professo
298 2527 408 2573 Gelonem
417 2539 470 2572 curn
483 2526 572 2572 Gaesare
583 2529 714 2584 competat,
728 2525 790 2572 circa
800 2538 848 2572 mo·

40 2597 122 2642 dium.

77 2661 115 2774 52)
130 2659 196 2720 imo,
211 2672 282 2708 ceusu
295 2660 371 2719 potior
384 2673 475 2718 semper
492 2671 534 2704 sno
549 2657 634 2704 ellectu
647 2670 688 2704 seu
697 2663 808 2717 causato,
823 2664 849 2703 ut

41 2743 73 2776 ex
94 2727 129 2774 ib·
143 2725 177 2770 De
188 2723 284 2774 coortu,
298 2725 410 2782 proposit.
421 2725 465 2782 lx,
478 2721 602 2779 colligitur,
611 2726 635 2764 el
647 2721 671 2766 in
685 2722 849 2768 Axiometibns

41 2787 217 2851 philosophicis
229 2786 316 2832 indicet
327 2787 398 2846 Beda,
407 2782 442 2833 rel
454 2787 496 2831 rub
507 2783 601 2829 nomine
612 2784 680 2829 Bede
691 2785 749 2830 flius
759 2790 847 2832 auctor.

78 2859 113 2923 (³)
128 2861 160 2906 Ul
169 2859 247 2904 ridere
264 2864 300 2904 est
313 2872 336 2904 r.
348 2857 377 2914 33
392 2859 467 2905 sedet
480 2856 570 2905 hinec„
580 2856 634 2913 xli,
649 2867 674 2900 r.
684 2853 724 2899 13.

78 2930 114 2996 (t)
131 2931 168 2978 Sic
185 2933 266 2979 velere
277 2929 365 2995 Bilitio,
381 2943 444 2978 rens.
459 2928 505 2993 le,
518 2941 560 2987 pro
575 2939 629 2987 cup.
650 2925 698 2988 1⁷,
718 2939 743 2974 r.
761 2925 806 2988 le,
825 2925 849 2972 in
