1992 3317
266 175 297 210 nn
312 173 457 214 accusatores
472 174 638 214 emmeram.
801 165 846 210 oss

74 252 127 303 noris
138 249 269 302 exhibitione
286 249 409 313 contingit,
427 249 447 300 si
466 263 513 302 uon
528 251 587 300 adsit
599 249 689 300 uirtutis
706 249 779 311 ratio,
799 265 848 315 puro

71 333 130 371 censa
142 323 172 372 est
183 319 301 384 lionoris.)

97 391 220 456 Respondeo
233 391 352 440 dicendum
362 430 367 451 ‚
376 391 435 454 qubd
447 393 520 442 bonor
528 392 682 455 estquoddam
690 391 845 442 testimonium

69 463 94 511 de
105 462 179 513 uirtute
192 461 243 526 ejus
259 461 298 524 qui
311 463 442 512 bonoratur.
457 461 486 512 Et
498 463 549 513 ideo
566 464 614 513 sola
627 463 700 514 uirtus
717 468 753 514 est
769 463 847 514 debita

67 546 129 584 cansa
143 533 239 584 bononis.
253 533 376 583 Sciendum
387 539 471 594 tamen,
483 534 544 598 qnbd
556 534 639 597 aliquis
652 538 729 598 potest
742 535 849 586 bonoreri

65 619 107 655 non
120 604 185 653 solnm
197 607 287 668 propter
303 604 412 654 uirtutem
426 605 546 670 propriam,
564 605 683 656 sedetiam
694 609 786 670 propter
801 605 848 654 uir-

65 680 130 725 tutem
149 674 237 725 alterius
249 691 256 724 z
270 674 327 724 sicut
346 675 458 739 principes
477 678 501 726 et
514 675 600 739 prelati
618 678 767 738 honorantur,
778 677 847 728 etiam

61 748 77 798 si
89 747 132 796 sint
141 746 231 808 mettin
242 751 351 810 mantum
364 751 445 810 gerunt
457 747 625 810 personambei
635 751 658 802 ct
667 748 843 811 communitatis,

61 820 94 869 cui
108 817 262 881 proiciuntur,
274 819 397 868 secundnm
407 817 463 868 blut
471 821 596 874 Proverb„
608 819 679 868 xxvi
689 833 725 867 r«
733 819 797 868 Sicut
807 819 851 882 qui

64 888 160 940 immittit
171 889 255 952 lapides
267 888 291 938 in
306 902 412 940 aceruum
426 889 537 952 Mercurii,
550 890 583 939 ita
592 890 632 953 qui
641 890 721 940 tribuit
729 889 850 954 insipienti

62 963 173 1011 bonorem.
189 975 202 1006 n
221 960 278 1020 Quia
292 960 352 1011 enim
366 961 466 1010 Gentiles
483 960 678 1012 ratiocinationem
696 961 848 1012 attribuebant

61 1032 173 1092 Mercurio,
188 1048 202 1080 o
210 1043 303 1082 acervus
319 1032 420 1084 bicrcurii
433 1033 533 1082 dicitur
543 1033 645 1082 cumulus
658 1031 783 1094 ratiocinii,
794 1049 809 1080 n
824 1032 849 1081 in

60 1115 103 1165 quo
124 1105 231 1152 mercator
245 1105 378 1166 quandoque
399 1103 467 1153 mittit
483 1117 555 1152 mum
570 1102 671 1167 iapiiium
691 1102 741 1152 ioco
758 1105 850 1152 centum

60 1187 179 1223 marcarum
198 1190 204 1223 ι
217 1174 249 1224 ita
261 1174 330 1225 etiam
341 1177 463 1225 bonoratur
472 1174 584 1238 insipiens
594 1175 635 1238 qui
641 1173 733 1238 ponitur
739 1175 788 1224 loco
798 1173 848 1233 liei,

59 1251 80 1295 et
90 1246 140 1295 loco
153 1245 222 1296 totius
235 1246 411 1296 communitatis.
425 1248 454 1296 nt
462 1246 542 1297 eadem
554 1245 641 1296 ratione
653 1249 759 1309 parentes
773 1247 798 1295 et
810 1245 850 1296 do

59 1316 113 1364 mini
136 1319 187 1366 sunt
206 1317 346 1376 honorandi,
358 1321 449 1382 propter
467 1317 663 1382 participationem
681 1316 765 1368 diuina,
779 1315 851 1379 digni·

59 1386 125 1447 tatis,
139 1387 178 1450 qni
196 1391 233 1437 est
253 1388 352 1437 omniurn
374 1392 437 1452 pater
450 1391 473 1438 et
486 1388 599 1439 domiuus.
619 1389 690 1439 Senes
709 1391 784 1438 autem
799 1392 852 1436 sont

58 1456 183 1508 honorandi
195 1462 287 1522 propter
302 1459 391 1523 signum
406 1459 512 1519 uirtutis,
527 1462 587 1522 quod
607 1463 643 1510 est
658 1463 781 1521 senectus,
797 1458 850 1508 ticet

56 1529 100 1579 boc
118 1527 209 1592 signnm
225 1531 358 1594 quandoque
378 1531 473 1581 deficiat.
494 1531 572 1591 Unde,
586 1535 612 1580 nt
624 1531 708 1581 dicitur
728 1531 800 1594 Sap„
816 1530 850 1590 v,

58 1619 71 1648 u
86 1600 197 1652 Senectus
208 1599 344 1651 uenerabilis
358 1604 405 1662 est,
418 1615 463 1652 non
478 1601 593 1664 diuturna,
603 1615 678 1665 neque
689 1615 798 1652 annornm
807 1613 849 1650 un·

55 1685 117 1721 mero
132 1675 271 1736 computata.
284 1671 340 1722 Cani
351 1675 426 1722 antem
436 1675 489 1721 sunt
501 1685 584 1721 sensus
593 1671 703 1732 bominis,
713 1674 736 1720 et
747 1677 802 1720 aetas
813 1683 851 1722 se·

54 1742 153 1793 nectutis
170 1744 218 1793 uita
239 1744 389 1793 immaculata.
412 1759 426 1790 n
447 1742 535 1792 Diuites
557 1747 633 1794 antem
654 1742 780 1794 honorandi
799 1745 852 1792 sunt

51 1819 146 1878 propter
155 1815 201 1865 boc
211 1816 272 1880 qnod
282 1816 390 1879 majorem
402 1816 479 1866 locum
490 1815 515 1864 in
527 1813 725 1865 communitatibus
738 1813 851 1872 obtinent;

50 1883 71 1934 si
88 1889 167 1935 autem
180 1885 254 1937 solnm
273 1887 358 1937 intuitu
374 1885 502 1938 diuitiarum
518 1887 666 1947 honorentur,
677 1884 720 1936 erit
732 1888 852 1949 peccatum

50 1955 203 2020 acceptionis.

79 2028 111 2078 lit
124 2041 168 2092 por
186 2029 231 2080 boc
243 2030 305 2091 patet
320 2028 435 2092 responsio
454 2029 482 2079 at
494 2028 591 2092 objecta.

347 2203 505 2254 contentos
519 2203 558 2252 tv.

74 2331 169 2376 Utricm
188 2331 216 2376 in
225 2330 326 2387 judiciis
345 2332 422 2376 locum
440 2331 524 2376 lrabeat
543 2335 666 2388 peccatum
685 2329 826 2387 acceptionis

373 2406 537 2449 personarum.

74 2525 112 2574 bd
127 2527 239 2587 quartum
255 2523 288 2574 sic
298 2523 435 2588 proceditur.
450 2523 544 2574 Videtur
558 2523 620 2587 quid
632 2523 761 2587 injusticiis
777 2523 851 2574 locum

41 2608 91 2644 non
109 2595 201 2646 habeat
218 2598 336 2658 peccatum
353 2594 489 2659 acceptionis
502 2607 658 2658 personarum.
672 2593 778 2657 acceptio
791 2593 853 2644 enim

40 2679 206 2727 personarum
230 2663 353 2731 opponitur
373 2665 519 2716 distributive
538 2665 646 2728 iustitiae,
666 2670 691 2716 ut
713 2666 855 2715 dictumest

40 2738 48 2798 ι(
61 2741 109 2787 nrt.
128 2737 228 2801 1).Sed
236 2737 323 2801 judicia
336 2735 434 2788 manime
448 2736 553 2787 uidentur
563 2738 592 2787 ab
605 2737 718 2801 iustitiam
730 2739 855 2786 commnta-

34 2810 116 2858 tivana
133 2811 266 2874 pertinere.
282 2810 340 2873 Ergo
357 2822 505 2873 personarum
518 2810 622 2874 acceptio
639 2821 685 2860 nou
698 2807 766 2860 babet
777 2807 852 2858 iocum

36 2893 63 2927 rui
77 2879 195 2943 judiciis.

531 2953 543 2980 ἱ
