1992 3317
130 109 177 156 titt
255 119 363 157 sucorum
378 119 507 166 omnum,
522 117 617 162 oum.
634 115 699 166 nm,
712 114 771 153 m.
784 118 805 154 r.

161 195 193 245 td
210 194 308 259 primum
323 208 378 257 ergo
392 195 526 255 dicendum,
542 192 604 256 qudd
615 192 655 240 ida
668 193 745 242 turma
755 193 831 242 diuini
849 192 929 257 judicii

129 267 251 317 attenditur
274 265 397 318 secuudum
416 265 528 315 rationem
544 263 714 314 commutative
730 264 847 327 insidia,
865 269 930 328 pmut

129 337 217 390 seilicet
234 341 432 403 recompensantur
443 336 538 399 premia
551 335 650 394 meritis,
657 339 684 384 et
695 336 810 399 surpptieia
818 337 926 400 petentis.

160 412 193 459 dd
210 411 333 460 seeundum
352 409 482 470 dicendum,
498 407 559 471 qudd
578 407 599 457 si
618 407 689 456 atium
709 408 750 470 qui
766 408 926 458 communitati

128 483 251 545 seruisset,
265 483 425 532 retribueretur
436 481 520 544 aliquid
533 479 800 544 proservitiotmpemo.
810 487 925 531 nonesset

128 553 171 602 hoc
188 553 334 603 distributivae
345 553 456 616 justitiae,
474 553 517 601 sed
532 551 718 614 eommutatirae3
733 551 759 600 in
779 552 923 602 dommum

128 623 189 673 enim
200 623 290 686 justitia
303 636 348 674 non
361 621 485 672 attenditur
496 621 615 684 eqmtttas
623 621 676 684 ejus
687 621 750 684 qnod
763 622 818 684 quis
830 623 924 687 adripit,
966 620 968 623 ’

127 695 156 744 nd
169 695 230 758 quod
238 695 287 758 ipse
298 693 420 758 impendit,
433 694 474 744 sed
483 692 543 742 adid
553 693 614 755 quod
626 691 793 756 atimaeeipit,
803 694 925 744 semodium

127 765 244 828 utriusque
257 778 360 828 persone
373 766 472 816 modum.

160 839 192 886 td
210 838 300 888 tertium
316 838 445 899 dioeudom,
459 836 520 900 qudd
532 837 624 900 quando
632 837 695 886 aetio
708 837 821 900 injuriosa
834 842 873 888 est
886 851 927 887 ro-

127 909 241 970 tuuturia,
254 909 344 958 excedit
359 909 456 973 injuria,
470 909 542 958 etsie
555 909 668 972 aecipitnr
679 911 707 957 nt
715 909 854 971 maiorne:
869 910 926 959 unde

127 981 216 1042 oportet
227 981 334 1044 majorem
347 992 437 1044 poenam
450 980 472 1030 ei
481 980 639 1043 compensari,
651 992 698 1029 uon
717 980 848 1032 secundum
867 981 928 1031 dide·

127 1050 223 1101 rentium
234 1052 307 1116 quoad
317 1064 367 1114 uos,
381 1053 422 1102 sed
431 1049 555 1102 seeundum
565 1049 718 1102 differentiam
727 1050 772 1102 rei.

387 1393 553 1464 QUAESTIO
570 1393 666 1458 LXII.

247 1536 282 1581 De
295 1533 465 1586 restitutione,
477 1535 507 1579 io
518 1536 570 1578 ueto
581 1535 704 1581 unienter
715 1535 811 1584 diuite.

159 1684 245 1749 Deinde
260 1683 445 1735 considerandum
462 1686 498 1734 est
509 1682 538 1731 de
547 1682 701 1733 restitutione.

161 1755 190 1804 nt
201 1756 259 1806 eirea
275 1757 318 1805 troo
330 1758 460 1819 quemntur
470 1756 536 1805 outo:
551 1754 662 1817 1⁰anus
672 1757 740 1804 udus
753 1755 793 1806 sit
808 1762 839 1806 2⁰
857 1758 927 1809 tttrim

128 1827 264 1876 nenessesit
275 1826 409 1876 adsalutem
424 1837 492 1876 omne
505 1823 606 1872 attatum
615 1824 715 1875 restitui.
730 1830 759 1874 ³⁰
769 1827 855 1878 Utrirm
865 1843 926 1892 opor·

126 1899 175 1945 teat
189 1897 244 1947 iilud
258 1897 430 1961 multiplicatum
444 1896 574 1946 restituere.
590 1895 706 1945 t⁰Utrirm
721 1902 831 1962 operteat
844 1900 935 1956 restitui.

127 1969 185 2028 quod
205 1969 256 2030 quis
274 1981 320 2018 nou
338 1968 437 2018 abstulit.
457 1971 484 2016 5⁰
497 1965 576 2017 Utrum
595 1971 702 2031 oporteat
719 1970 812 2020 restitui
824 1972 848 2022 ei
860 1971 875 2022 a
886 1985 926 2034 quo

126 2041 244 2100 acceptum
259 2042 302 2087 est.
318 2043 345 2086 6⁰
360 2037 438 2088 Utrum
452 2041 556 2101 oporteat
574 2037 765 2090 restituereeum
779 2042 822 2106 qui
835 2042 925 2106 aooepit.

128 2109 153 2154 7⁰
169 2107 247 2157 Utrum
261 2108 360 2173 aliquem
374 2110 451 2160 atium.
467 2113 495 2158 8⁰
507 2108 588 2158 Utrum
598 2109 773 2161 restituendum.

425 2287 588 2339 enitentes
606 2289 626 2340 1.

196 2409 281 2456 Utrtm
297 2411 417 2456 restitutio
430 2411 462 2455 rit
471 2415 541 2456 actua
556 2411 663 2466 justitie
677 2415 862 2459 commutarim.

156 2534 188 2582 dd
205 2534 302 2597 primum
317 2538 350 2586 sio
368 2536 507 2601 proceditur.
522 2538 619 2588 Videtur
632 2539 694 2604 qudd
711 2540 825 2593 restitutio
840 2551 884 2591 non
895 2538 921 2589 sit

124 2606 187 2652 aetus
206 2604 301 2667 justitie
314 2607 493 2658 commutatione.
512 2607 606 2660 iustitia
620 2611 683 2662 enim
703 2612 798 2676 respicit
816 2610 919 2663 ntorum

122 2752 246 2864 muger?
259 2759 357 2865 uidettur,
372 2761 421 2807 sive
433 2763 582 2811 securitatem
590 2765 692 2828 uiotrre,
706 2767 748 2826 qui
758 2779 787 2814 ea
799 2766 918 2814 emuntur
966 2772 968 2775 '

171 2829 190 2862 rr
203 2831 230 2863 ve
248 2831 305 2878 enpr
319 2835 328 2866 .’
