1992 3317
130 80 175 130 sto
242 85 350 130 escoron
365 82 490 139 secunus,
504 83 599 134 ounsr.
615 85 692 138 xxm,
708 84 765 126 ans.
781 84 819 126 rr.

130 167 251 234 Apostolus
262 168 436 232 interpretatur,
450 167 460 215 Ι
473 165 509 214 od
523 164 643 224 timoth,
655 165 698 228 lv,
711 163 790 214 ‹lieens
806 180 812 213 :
830 179 847 212 u
856 157 941 215 thetae

130 241 158 292 aul
171 240 248 290 omnia
262 238 323 290 utilis
340 242 389 299 est,
399 236 572 300 promissionem
583 237 669 286 hahens
684 234 737 286 uita
750 251 803 299 qum
819 249 889 286 nuno
904 240 942 286 est

130 315 154 362 et
167 312 263 373 luturae3
280 327 293 356 u
307 310 366 374 qnod
378 308 446 372 dicit,
458 309 512 372 quia
523 308 548 357 in
561 312 673 372 praeoopto
683 309 712 359 de
728 308 886 358 honoratione
898 321 943 372 pa-

130 385 221 432 rentum
234 381 322 431 additur
332 381 470 444 promissio:
488 397 502 427 u
511 382 540 430 l't
553 379 585 430 sis
595 380 710 442 longaevus
721 393 791 444 super
804 385 904 430 terram.
924 396 939 428 u

130 453 178 502 Sub
191 451 276 518 pietate
290 455 367 502 autem
381 441 578 516 comprehenditur
588 451 663 502 omnis
678 451 879 516 eleemosynarnm
894 453 943 503 lar-

131 521 196 587 gilio.

422 630 584 682 hllTlCULUS
601 631 639 681 Vl.

198 755 282 801 Utrum
292 755 346 812 quis
355 755 437 800 debeat
446 755 506 800 dore
514 755 683 811 eleemosynam
692 754 721 799 cle
729 753 873 799 necessario.

164 881 197 932 hd
208 885 297 932 sextum
310 881 343 932 sio
358 881 495 946 proceditur.
511 881 603 931 videtur
615 879 771 943 ponatque
785 892 832 929 nnn
850 880 939 930 debeat

133 952 302 1018 eleemosynam
323 954 376 1004 dare
399 955 427 1004 de
445 952 581 1004 necessario.
599 953 658 1002 Ordo
672 951 734 1002 enim
750 947 873 1001 charitatis
890 962 940 1003 non

133 1025 210 1076 minhs
224 1027 347 1077 attenditur
362 1039 433 1089 penes
446 1025 552 1075 ellectum
566 1023 684 1086 beneficii,
695 1022 762 1086 quam
779 1035 854 1085 penes
871 1023 938 1073 inte-

134 1097 215 1148 riorem
229 1099 344 1148 allectum.
360 1099 442 1148 Pereat
455 1101 532 1147 autem
549 1095 588 1161 qni
600 1093 738 1160 prepostero
752 1095 800 1158 agit
811 1094 837 1143 in
854 1094 939 1146 ordine
987 1126 989 1141 .

134 1169 266 1230 eharitatis,
277 1169 329 1232 quoia
343 1169 398 1218 ordo
408 1167 525 1218 charitonis
542 1167 613 1218 estin
627 1170 750 1230 preoepto.
765 1164 825 1216 Cum
839 1179 896 1230 ergo
906 1180 938 1217 ex
987 1180 989 1233 3

135 1240 212 1290 ordine
227 1238 343 1288 eharitatis
361 1240 412 1303 plus
428 1239 510 1288 dehent
524 1238 605 1302 aliquis
618 1251 642 1288 se
656 1236 722 1301 quim
738 1236 940 1300 proximumdili-

136 1308 238 1372 gerolt),
251 1307 340 1359 violetur
353 1308 413 1372 quod
430 1313 525 1374 peoeet,
539 1309 559 1359 si
575 1308 692 1360 subtrahat
708 1307 752 1358 sihi
766 1309 898 1359 necessaria
910 1313 938 1359 nt

136 1378 202 1428 alteri
215 1378 332 1442 largiatur.

166 1453 190 1499 1.
204 1450 326 1515 Praeterea,
341 1451 478 1516 quicumque
488 1451 583 1515 largitur
592 1451 621 1502 de
630 1451 667 1501 his
680 1465 732 1514 que
742 1454 796 1501 sunt
808 1452 938 1504 nemssana

137 1519 181 1570 sihi
189 1558 197 1584 ‚
216 1525 250 1571 est
263 1521 360 1586 proprie
373 1523 503 1573 substantioe
518 1523 647 1587 dissipator,
663 1523 724 1584 qued
736 1523 838 1586 pertinet
847 1525 875 1573 ad
884 1537 938 1588 pro-
987 1551 989 1607 l

138 1591 224 1656 dignm,
239 1596 264 1642 ut
274 1596 387 1658 patetper
401 1594 564 1658 Philosophum
575 1594 600 1643 in
612 1595 641 1643 lV
655 1593 740 1644 stuic.
755 1594 823 1658 (cap.
837 1594 878 1659 1).
892 1595 937 1646 Sed
987 1615 989 1663 p

138 1664 224 1714 nulum
236 1678 292 1729 opus
302 1665 406 1716 uitiosum
416 1668 452 1714 est
465 1662 604 1716 laciendum.
612 1666 671 1728 Ergo
682 1677 728 1714 non
739 1668 774 1716 est
787 1665 861 1715 danda
875 1667 935 1717 eloe·
987 1668 989 1711 t

139 1749 232 1801 mospna
246 1737 273 1786 de
287 1735 424 1788 necessario.

170 1813 192 1858 3.
208 1810 337 1871 Praetereo,
352 1809 472 1872 spostolus
488 1807 552 1872 dicit,
567 1807 623 1857 lod
639 1806 757 1866 timoth,
772 1807 807 1856 ll:
823 1807 874 1857 «sl
885 1808 938 1872 puis
987 1828 989 1861 ;

139 1890 230 1929 suorum
241 1881 265 1928 et
275 1878 372 1930 maxime
387 1879 560 1930 domesticorum
573 1891 650 1928 euram
664 1879 799 1940 nonhabet,
814 1877 884 1929 iidem
897 1893 938 1930 ne·

139 1949 215 2012 gerit,
229 1952 253 1998 et
266 1955 301 1999 est
312 1949 397 2000 infideli
411 1951 544 2001 deterior.»
563 1950 609 2000 Set
627 1948 688 2013 quod
702 1949 784 2012 aliquis
795 1949 835 1998 dot
852 1950 880 2000 de
899 1952 937 2002 his

139 2033 190 2083 que
204 2023 258 2070 sunt
268 2019 312 2070 sihi
326 2021 462 2084 necessarie,
471 2022 509 2072 vel
520 2020 671 2084 suis,ui‹letur
681 2021 788 2083 derogare
798 2032 859 2071 ourm
870 2035 937 2085 quam
987 2074 989 2081 ,

140 2091 191 2155 quis
210 2092 277 2142 dehet
292 2093 375 2143 hahere
386 2094 414 2143 de
431 2106 456 2143 se
474 2097 497 2144 et
510 2093 567 2143 suis.
582 2093 640 2156 ltrgo
659 2093 749 2142 uidetur
762 2091 824 2156 quot
833 2094 938 2157 quinum·

140 2175 184 2226 que
204 2163 231 2213 de
248 2163 382 2214 necessariis
397 2165 566 2228 eleemosynam
580 2164 627 2228 dat,
641 2163 740 2227 graviter
749 2167 835 2228 peoeet.

171 2235 217 2286 Sed
230 2238 307 2285 eontra
318 2240 360 2299 ost,
374 2237 434 2299 quoi
446 2236 556 2286 ltominus
565 2235 628 2299 dicit,
640 2235 740 2296 stulto,
752 2236 804 2286 lllli
819 2251 825 2285 :
840 2253 855 2283 u
864 2237 889 2288 Si
902 2237 937 2288 vis

140 2305 255 2371 perlectus
268 2319 332 2371 osse,
344 2308 418 2371 vade,
433 2311 457 2358 et
468 2307 543 2358 vende
558 2307 634 2358 omnia
645 2321 696 2370 que
707 2308 792 2371 hahes,
807 2311 831 2358 et
844 2309 873 2359 da
882 2322 935 2374 pau·
987 2323 989 2371 j

141 2377 242 2443 peribus.
252 2395 267 2426 u
281 2379 324 2429 Sed
341 2378 379 2429 ille
389 2379 428 2443 qui
439 2380 477 2429 dat
489 2378 566 2428 omnia
582 2393 632 2442 que
646 2378 714 2429 hahet
726 2379 878 2443 pauperihus,
891 2393 935 2432 non
987 2377 989 2473 J

140 2448 213 2500 solium
230 2450 409 2514 helmpertus,
428 2451 467 2500 sed
483 2450 553 2500 etiam
567 2450 702 2501 necessaria.
718 2450 778 2514 Ergo
791 2451 820 2501 ‹le
833 2464 936 2504 neeessa-

140 2521 180 2571 riis
195 2525 269 2586 potest
278 2523 347 2572 homo
361 2522 528 2586 eleemosynam
540 2523 604 2572 (lere.

175 2594 335 2658 (Conclusio.
345 2621 376 2631 —
389 2594 421 2644 lle
440 2607 467 2644 eo
486 2594 547 2658 quod
559 2593 689 2659 simpliciter
701 2595 729 2645 ad
743 2594 813 2645 uitam
832 2597 868 2647 uel
882 2608 933 2662 per-

142 2677 203 2716 souae
218 2668 302 2716 statum
314 2664 466 2717 necessarium
474 2669 524 2730 est,
536 2667 681 2730 eleemosyna
692 2666 742 2716 dari
752 2679 798 2718 non
806 2668 932 2733 dehet,nisl

176 2807 206 2873 (1)
222 2810 278 2858 then
287 2811 318 2858 sit
330 2812 408 2870 regule
417 2811 468 2868 ipsa
477 2811 609 2859 dileetionie
622 2825 668 2870 quo
681 2813 811 2870 proximum
826 2815 906 2880 oltlpiu
