1992 3317
152 112 200 170 dnn
276 115 632 180 monendomum.
647 121 827 179 ximenes.

183 206 217 256 nd
234 207 357 257 seeundum
375 205 509 270 dieendum3
524 205 585 270 qudd
598 205 658 256 siout
674 210 710 257 eut
720 205 824 269 quaedm
839 200 938 268 supientia

151 278 223 341 mele,
237 281 264 327 ut
277 275 345 340 suprl
357 277 443 326 dictum
456 281 505 339 est,
518 289 567 340 quae
582 275 664 326 dieitur
677 293 691 325 ιι
704 277 819 340 sapientia
834 274 938 336 adulfi

151 349 204 412 quia
214 348 297 412 accipit
306 361 346 411 pro
358 361 426 398 causa
435 347 547 398 altissime
557 351 580 398 et
589 347 634 398 fine
643 347 725 398 ultimo
735 347 827 412 aliquod
835 349 939 398 terrenum

136 419 248 483 'honum3
257 419 289 469 itu
297 420 367 470 etium
378 423 415 470 est
424 419 500 484 aliqua
511 419 685 481 stultitiamne,
695 419 749 470 duic
761 416 939 485 sapientiumde

149 491 269 557 opposita,
283 504 325 554 per
332 503 401 554 quam
411 491 495 557 uliquis
506 495 598 542 werona
611 491 746 542 contemnit.
761 489 792 542 ttt
803 493 830 542 de
841 491 883 542 huo
894 487 939 539 stul·

149 561 201 611 tilia
222 561 322 625 loquitur
335 563 463 627 Apostolus,

182 633 217 682 nd
230 633 323 683 tortium
334 634 464 695 dtoeudurn,
476 633 537 698 quod
550 633 663 698 sapientia
672 633 749 684 sonuli
763 636 859 698 estque
869 627 941 694 decipit

151 708 176 755 et
190 704 245 754 lauit
254 717 306 756 esse
318 705 412 756 stultum
420 705 480 770 opud
489 706 605 769 lleunn‚ut
613 707 676 770 putet
685 718 726 769 per
739 705 882 772 Apostolum,
893 705 903 753 l
913 698 940 750 od

153 776 223 836 Cor„
238 777 280 826 lll.

185 849 218 899 nd
227 852 331 913 quartum
342 849 474 912 dicendum,
482 849 543 914 qudd
553 861 600 900 nou
609 848 695 900 moueri
706 847 941 914 intentissimeque

153 920 244 984 quidem
253 920 367 985 contingit
376 933 405 971 eu
414 921 459 971 hoe
472 920 531 984 quod
541 919 629 971 homini
642 931 687 971 non
696 919 790 984 sepiunt
798 926 899 980 terrena,
910 914 941 966 sed

153 991 200 1043 eolo
215 992 333 1044 ooelestia:
349 992 410 1042 unde
419 993 464 1042 ltoo
474 991 574 1056 pertinet
590 989 619 1041 ad
626 990 748 1042 stultitiam
759 991 852 1056 quidem
866 985 940 1047 muudi,

154 1063 195 1114 sed
208 1065 237 1114 nd
246 1063 383 1127 sapientium
396 1061 452 1123 liei,
466 1066 492 1113 ut
506 1061 627 1125 Gregorius
636 1061 721 1112 ididem
735 1061 798 1112 dioit.
815 1059 941 1121 orandoque

153 1139 230 1185 unum
239 1134 349 1197 oondngtt
359 1146 389 1185 ex
397 1135 442 1184 troo
456 1133 516 1198 qudd
529 1134 599 1184 homo
614 1137 649 1183 est
659 1133 793 1197 simpliciter
807 1134 867 1184 cirea
877 1129 941 1182 onnia

152 1205 270 1269 stupidus,
284 1209 310 1255 ut
319 1209 382 1268 pntot
398 1207 425 1254 tn
441 1203 585 1266 numitoris,
601 1202 641 1267 qui
653 1216 700 1254 uon
711 1202 848 1255 disoernunt
859 1201 911 1270 quid
918 1199 942 1250 sit

150 1277 234 1340 iuJ’urie
249 1293 255 1326 ι
269 1280 293 1327 et
307 1289 348 1341 per
364 1277 408 1328 hoo
420 1276 518 1342 pertinet
532 1277 560 1327 ud
572 1274 691 1326 stultitiam
703 1275 850 1340 simpliciter.

448 1456 607 1510 onustus
620 1455 651 1508 11.
748 1423 752 1428 ⁵

365 1580 450 1626 Utre'tm
461 1581 566 1626 stultitia
575 1581 607 1626 sit
615 1582 745 1638 peceatum.

186 1709 218 1760 nd
236 1707 361 1760 emendum
373 1706 405 1756 sio
417 1700 555 1769 proteditur'.
569 1705 663 1755 Videtur
676 1702 736 1768 qudd
753 1703 851 1755 stultitia
867 1697 944 1754 nonsit

154 1783 280 1843 peceatum.
294 1777 385 1829 Nullum
397 1777 460 1828 enim
472 1781 592 1841 pennatum
605 1775 711 1840 prouenit
720 1776 745 1825 iu
757 1777 824 1826 uoltis
840 1775 853 1826 d
867 1778 945 1825 neore.

154 1849 200 1900 Sed
209 1850 300 1914 quidum
312 1853 365 1901 sunt
378 1847 443 1900 stulti
456 1847 598 1899 naturaliter.
613 1849 671 1912 Ergo
688 1845 786 1898 stultitia
798 1859 846 1898 nou
858 1851 892 1898 est
902 1856 946 1910 peo-

155 1925 240 1972 mlum.

186 1996 210 2042 n.
230 1993 357 2056 Pretereu,
371 2005 439 2043 omne
454 1995 573 2056 peecatum
592 1993 629 2042 est
640 1989 795 2042 uoluntarium
802 2027 810 2054 ,
825 1995 854 2041 ut
868 1991 945 2052 lngus·

154 2062 216 2112 tinus
229 2063 285 2112 dicit
298 2063 354 2126 (lib.
367 2065 404 2113 De
416 2078 476 2114 uero
488 2063 625 2128 relipione,
636 2075 687 2127 cup.
697 2061 734 2126 t).
746 2061 791 2112 Sed
801 2061 899 2112 stultitia
908 2068 945 2108 nou

155 2135 190 2184 est
201 2133 334 2186 voluntarie.
351 2135 411 2198 lingo
424 2138 649 2200 nonostpeuuaturn.

186 2209 209 2255 3.
223 2206 346 2268 Praeteree,
358 2219 425 2257 omne
440 2209 559 2272 pensatum
572 2205 693 2272 opponitur
703 2203 770 2255 alicui
783 2207 900 2270 precepto
915 2200 947 2250 di·

154 2276 216 2326 uino
235 2276 280 2327 Sed
302 2277 398 2328 stultitia
419 2277 476 2327 nulli
492 2281 610 2342 precepto
630 2276 763 2342 opponitur.
781 2277 842 2340 ttrgo
862 2270 947 2327 stultitia

155 2359 203 2398 nou
217 2351 252 2399 est
264 2351 391 2412 peumtum.

186 2419 233 2470 Sed
251 2422 330 2470 eontra
345 2422 398 2485 est,
416 2421 476 2486 quod
494 2421 578 2472 diditur
592 2418 748 2480 Prouerd.,1
765 2433 772 2468 ι
787 2435 802 2467 ιι
815 2415 946 2486 Prosperitn

155 2490 274 2541 stultorum
287 2491 366 2554 perdet
378 2505 427 2544 eos.
440 2509 453 2540 n
470 2493 516 2543 Sed
527 2491 604 2542 nullus
623 2491 724 2555 perdttuu
736 2489 781 2540 nisi
794 2503 837 2554 pro
852 2491 946 2555 petuo

155 2562 215 2626 lingo
229 2562 325 2614 stultitia
335 2565 371 2613 est
384 2569 511 2628 moestum.

73 2643 79 2652 ·
187 2636 495 2699 (corausto-Stultitia
504 2649 554 2700 quoe
563 2633 673 2686 naturalis
683 2633 787 2698 quondm
795 2633 898 2684 umentia
909 2631 945 2686 est

155 2705 249 2756 minime
265 2707 383 2770 petentum
401 2710 450 2773 est3
465 2703 721 2768 ostentaturus,
735 2716 782 2770 que
793 2703 909 2768 quisptam
920 2698 946 2747 itt

156 2790 208 2830 sese
221 2779 289 2830 rebus
302 2778 397 2829 terronis
408 2778 542 2844 ιἰιιιιιιιιςίι,Ι
557 2783 583 2828 ut
603 2778 631 2829 ud
648 2789 684 2828 res
697 2775 787 2828 divinae
799 2771 948 2842 percipiendus

155 2848 247 2920 ineptus
257 2850 372 2915 reddetur,
384 2855 478 2917 penato
490 2863 537 2902 non
548 2849 638 2916 route)
