1992 3317
146 102 175 147 oo
283 106 357 147 cums
374 104 503 157 samona,
520 105 612 151 ounsr.
629 104 694 155 cm,
711 102 767 143 uir.
783 104 814 146 v.

177 186 210 237 tut
229 184 327 249 primum
339 195 392 247 erpo
405 182 541 243 dimotum,
554 181 616 247 quod
631 182 671 232 illa
684 194 734 246 pon
747 183 806 233 sunt
819 194 879 247 pos·
899 198 993 241 essen

147 258 202 310 tiam
213 255 249 307 sui
258 254 284 305 iu
296 254 383 317 anima,
396 258 565 319 cognoscuntur
578 251 750 317 experimentali
761 253 958 324 cognitione3
978 262 993 312 it

146 332 256 393 qnantum
266 326 334 377 homo
345 326 463 391 experitur
475 338 517 389 per
531 328 597 375 actus
608 324 722 389 principia
734 323 884 380 intrinseca
896 369 908 395 ‚
931 334 993 384 sicu

147 399 288 451 uoluntatem
307 397 446 463 percipimus
463 396 576 459 volendo,
591 399 616 445 et
635 395 708 445 uitam
722 394 747 444 iu
762 395 900 459 operibus
920 405 993 455 vitae

179 470 214 521 td
227 468 497 530 conclamationum,
508 466 570 531 quod
581 466 608 518 de
619 466 708 517 ratione
721 465 834 519 socutiae
856 478 909 524 ese
925 477 993 540 que„

147 545 215 595 homo
224 541 393 593 certitudinem
405 538 487 590 habeat
500 540 529 589 ute
542 536 579 588 luis
593 551 690 602 quorum
701 538 771 588 halet
781 538 954 597 scientiam.
969 550 990 597 E

148 612 254 665 similiter
272 614 300 663 de
322 612 410 663 ratione
431 612 485 662 lidei
506 614 556 673 est,
575 608 719 673 quidhomo
733 609 762 659 sit
780 615 872 665 certus
893 618 936 669 de
957 621 993 671 1112

148 699 243 752 quorum
258 686 327 737 habet
345 684 426 749 tidem3
442 681 599 743 cucculum,
614 680 669 745 quia
681 680 793 735 certitudo
808 684 949 746 pertinet
966 695 993 741 au

149 748 313 823 perlectionem
328 754 469 816 intellectus,
483 753 509 803 in
522 766 566 818 quo
585 751 697 817 predicta
717 751 776 803 dona
793 753 941 811 existunt.
965 764 993 812 Eu

149 829 200 879 ideo
212 828 347 891 quicumque
361 826 428 877 habet
445 824 564 877 scientiam
577 824 616 874 uel
630 824 710 884 liutem,
725 825 802 873 certus
820 829 866 875 est
886 842 925 881 se
946 834 993 884 ιη.

149 900 211 951 bere.
228 900 279 951 Nou
299 903 334 949 est
352 902 428 949 autem
444 897 524 949 similis
539 895 595 948 ratio
611 895 639 946 (lc
656 895 728 959 gratia
747 898 771 944 et
783 895 942 967 charitate,
968 910 993 955 ct

149 972 199 1023 aliis
211 970 353 1035 hujusmodi,
371 984 422 1035 quo
434 966 555 1035 pelliciunt
572 968 618 1017 uiro
636 966 792 1032 appetitivam.

181 1044 215 1095 Ad
232 1042 324 1095 muium
342 1042 478 1102 dicendum,
493 1039 553 1103 quid
566 1043 686 1104 peccatum
702 1038 770 1089 habet
782 1051 826 1102 pro
843 1042 993 1113 principio

150 1121 174 1167 ct
191 1128 233 1181 pro
252 1114 340 1179 ohJ'ecto
357 1114 442 1165 bouum
456 1109 628 1173 commutabile,
644 1110 705 1173 quod
721 1108 788 1159 nobis
805 1114 849 1160 est
869 1121 989 1169 notum.

150 1182 269 1253 Objeclum
287 1190 362 1236 autem
377 1185 414 1235 uel
428 1182 480 1233 finis
500 1182 578 1245 gratia
592 1186 628 1231 est
642 1181 709 1231 nobis
724 1180 847 1246 ignotum,
866 1196 993 1254 propter

151 1258 187 1309 sui
201 1256 294 1307 luminis
307 1255 495 1319 immensitatem,
511 1252 637 1304 secuudum
649 1252 705 1302 illud
716 1253 734 1303 1.
746 1252 781 1301 od
792 1252 883 1313 Tim„
897 1262 956 1311 utu,
981 1282 986 1312 ;

152 1328 262 1381 «Lucem
275 1327 363 1377 habitat
375 1324 561 1375 inaccessibilem.
577 1341 591 1371 u

181 1400 216 1450 ld
228 1402 332 1463 quonum
343 1397 477 1459 dicendum,
488 1393 548 1459 quiid
557 1394 678 1459 Apostolus
687 1393 719 1446 ihi
731 1394 831 1461 loquitur
842 1398 877 1449 de
892 1402 983 1455 donis

151 1470 241 1535 glorie,
255 1482 306 1535 qum
320 1473 372 1520 sunt
384 1467 449 1519 uobis
461 1468 513 1517 lata
525 1466 550 1517 iu
564 1480 619 1531 spe,
629 1481 681 1531 que
694 1466 820 1518 certissime
831 1481 986 1535 cognosci.

152 1556 202 1592 mus
214 1554 256 1607 per
274 1541 354 1604 fidem,
370 1538 423 1590 licet
438 1552 486 1589 uon
504 1551 665 1601 cognoscamus
678 1552 719 1603 peu
736 1538 913 1595 certitudinem
932 1562 984 1600 nos

153 1613 235 1665 hahere
252 1613 344 1678 gratiam
352 1648 360 1675 ,
377 1624 418 1676 per
437 1622 506 1675 quam
524 1622 566 1661 uos
581 1623 703 1674 possumus
716 1622 743 1661 ea
761 1614 904 1675 promereri.
933 1620 985 1672 vel

153 1689 227 1751 potest
240 1684 297 1746 dici,
309 1681 369 1748 quod
381 1681 479 1747 loquitur
496 1681 525 1733 de
539 1681 623 1737 notitia,
632 1680 790 1746 privilegiata,
800 1696 853 1745 qum
872 1691 919 1738 est
932 1704 984 1754 per

153 1756 323 1809 revelationem.
339 1755 404 1807 Unde
418 1753 492 1805 sublit
508 1770 513 1802 :
527 1771 540 1800 u
550 1752 621 1805 Nobis
633 1757 710 1805 aulem
720 1755 830 1806 reuelauit
842 1755 917 1811 Deus
931 1777 983 1825 peu

154 1829 261 1895 Spiritum
274 1831 385 1881 sanctum.
404 1844 417 1875 u
754 1875 759 1879 .

184 1898 220 1949 nu
240 1899 342 1963 quintum
357 1898 492 1961 dicendum,
507 1898 568 1963 quot
584 1898 638 1950 illud
656 1898 750 1949 uerbum
762 1898 861 1950 Abram
875 1901 980 1958 dictum

155 1972 231 2035 potest
246 1968 325 2019 referri
336 1969 365 2019 ad
380 1970 484 2021 notitiam
498 1969 771 2035 experimentalem,quae
788 1974 824 2022 est
836 1984 881 2035 per
897 1978 980 2029 exhi-

154 2041 266 2093 bitionem
285 2040 368 2105 operis.
385 2040 412 2091 lu
429 2053 497 2107 opere
515 2042 577 2093 enim
593 2042 632 2094 illo
649 2043 711 2107 quod
728 2041 827 2106 lecerat,
843 2042 978 2099 Abraham

155 2124 291 2177 cognosceus
316 2111 391 2175 potuit
412 2112 620 2178 experimentaliter
635 2127 660 2165 se
682 2112 724 2165 Dei
739 2111 845 2167 timorem
863 2115 975 2173 habere,

73 2204 75 2209 ·
155 2184 195 2237 vet
215 2186 292 2248 potest
310 2184 354 2235 hoc
369 2184 437 2237 etiam
456 2184 483 2235 al
500 2183 759 2238 muclutioncmucterri.
