1992 3317
300 107 332 142 nn
346 105 468 145 nivrsroun
483 107 605 144 susurrum.
807 99 852 146 διε

59 183 106 234 rins
119 183 152 234 est
165 180 276 246 quoddam
288 181 398 246 injustum
407 183 491 246 lacere,
500 183 550 234 ideo
560 181 693 234 secundario
703 183 771 234 etiam
780 183 805 233 iu
814 185 853 235 bis

58 255 138 307 dicitur
150 255 350 318 coatrapmrsam,
366 258 433 318 prout
445 254 534 305 scilicet
546 254 627 318 aliquis
645 255 685 318 qui
699 255 805 306 damnum
817 257 853 306 in·

58 327 121 390 tulit,
135 325 160 375 in
176 339 199 376 re
213 339 253 376 sua
262 325 331 376 etiam
345 325 395 390 ipse
409 325 575 376 damnificatur·
585 327 613 376 nt
626 327 669 377 boc
683 327 752 378 etiam
764 328 853 392 justum

58 402 163 451 damnum
174 395 301 451 continetur
314 396 338 446 irr
352 397 414 460 lege,
431 397 528 458 daed,
538 398 601 448 XXII
618 413 623 447 ;
642 416 655 446 a
665 398 690 450 s‘r
702 397 754 463 quis
767 400 854 450 iuratus

59 469 125 522 tuerit
140 469 221 520 bovem
237 471 277 518 aut
294 481 373 532 orem,
388 472 411 518 et
425 467 531 519 occiderit
547 469 584 519 vel
597 470 740 532 vendiderit,
753 472 854 535 quinque

58 543 128 594 boves
139 553 181 605 pro
191 553 237 590 nno
248 540 305 590 bore
321 539 440 604 restituet,
452 544 475 590 et
489 544 585 604 quatuor
593 555 648 592 oues
659 555 699 605 pro
718 556 762 594 una
776 556 828 594 ore.
837 562 852 592 u

57 612 132 664 Tertio
142 611 194 662 verb
206 611 340 662 transfertur
349 624 431 662 nomen
440 615 598 676 comtrapucsi
606 614 635 663 ad
644 615 782 665 uoluntarias
793 629 855 666 com·

58 683 205 744 mutationes,
217 681 241 732 in
252 682 334 746 quibus
341 683 457 747 utriusque
468 687 504 734 est
515 683 574 734 actio
587 687 610 734 ει
621 684 712 748 passim
723 685 763 736 sed
771 686 856 736 uolua-

58 757 154 806 tarium
164 753 270 804 diminuit
284 754 312 804 de
326 755 412 805 ratione
424 753 546 818 passionis,
560 757 587 804 ut
602 755 687 804 dictum
702 760 737 805 est
746 756 755 821 (
764 772 802 821 qu.
814 762 853 820 59,

56 825 179 890 arbella
197 824 302 877 omnibus
318 829 394 875 antem
410 825 446 876 bis
456 826 523 877 debet
538 825 587 876 lieri
602 824 727 876 secundnm
745 827 855 879 radonem

55 897 151 962 justitie
168 895 334 948 commutatirae
353 896 532 960 recompensatio
551 895 675 946 secundum
692 899 853 963 equalitatem,

57 971 82 1018 ut
92 967 180 1019 scilicet
193 965 271 1030 passio
283 973 454 1032 recompensata
466 968 497 1018 sit
506 967 600 1031 arquatis
615 967 706 1019 aeunni.
719 969 769 1019 Non
778 973 855 1020 autem

57 1052 146 1104 semper
166 1041 227 1088 essct
242 1038 336 1100 aqualis
347 1077 354 1100 ,
365 1038 385 1090 si
401 1039 462 1090 idem
481 1039 556 1103 specie
573 1037 656 1102 aliquis
669 1042 783 1102 pateretur
794 1041 856 1102 qnod

58 1111 128 1174 tecit3
143 1123 196 1160 nanr
210 1108 282 1173 primo
295 1109 395 1174 quidem,
407 1110 458 1161 cium
470 1110 552 1173 aliquis
565 1109 675 1175 injuriose
689 1110 750 1160 teuit
763 1112 856 1162 alterius

57 1195 177 1248 personam
187 1183 309 1246 majorem,
320 1182 393 1246 major
407 1186 440 1233 est
450 1181 508 1232 actio
518 1181 585 1246 quam
596 1182 671 1246 passio
684 1181 786 1243 eiusdem
801 1196 854 1246 spe-

57 1254 102 1304 ciei
113 1266 182 1318 quam
198 1251 247 1316 ipse
262 1255 384 1316 pateretur.
396 1251 425 1301 Et
439 1252 490 1302 ideo
505 1251 542 1302 ille
559 1252 599 1316 qui
609 1253 706 1316 percutit
718 1253 853 1318 principem,

58 1323 188 1375 nonsollrm
204 1323 362 1387 repercutitur,
381 1323 420 1374 sed
436 1322 508 1376 multo
525 1323 616 1387 grauius
628 1323 729 1388 punitur.
748 1324 857 1376 Similiter

57 1395 138 1458 etiam,
153 1394 204 1444 cium
218 1394 270 1458 quis
282 1394 379 1458 aliquem
392 1394 568 1446 involuntarium
585 1395 609 1445 in
623 1408 647 1445 re
662 1409 703 1445 sua
716 1396 866 1479 damnificet,x

57 1467 131 1530 maj0r
140 1469 176 1518 est
185 1466 245 1516 actio
255 1465 322 1529 qnam
332 1469 393 1517 esset
401 1468 475 1530 passio
483 1466 503 1516 si
514 1466 557 1516 sibi
565 1468 612 1517 sola
622 1480 659 1516 res
669 1467 708 1517 illa
717 1468 854 1531 auferretur,

56 1539 111 1604 quia
124 1538 174 1603 ipse
190 1537 232 1602 qui
251 1537 405 1588 damnificavit
417 1539 486 1588 alium
501 1537 526 1587 in
543 1551 568 1589 re
583 1551 637 1598 sua,
655 1537 711 1587 nibil
724 1539 855 1588 damnifica·

56 1614 128 1661 retur.
143 1610 172 1660 Et
185 1609 238 1672 ideo
251 1609 344 1674 punitur
357 1610 381 1658 in
392 1611 435 1660 boc
445 1607 506 1672 qudd
517 1609 663 1672 multiplicids
672 1609 789 1672 restituat,
804 1611 857 1673 quia

55 1685 127 1735 etiam
138 1697 183 1734 uon
200 1681 272 1734 solim
281 1683 432 1734 damnificavit
446 1695 566 1748 personam
579 1681 704 1746 priuatam,
716 1683 757 1733 sed
766 1695 857 1747 rempu-

55 1757 148 1818 blicam,
160 1755 211 1819 ejns
221 1754 298 1807 tutela
308 1753 449 1804 securitatem
460 1752 602 1816 infringendo
613 1753 656 1819 (t).
666 1748 776 1804 Simditer
787 1755 857 1806 etiam

54 1841 100 1878 uec
111 1827 137 1878 irr
149 1824 362 1880 commutationibus
375 1823 507 1876 uoluntariis
521 1828 582 1876 esset
595 1837 686 1889 semper
699 1825 793 1888 equalis
803 1839 856 1889 pas·

53 1898 103 1962 sio,
119 1898 141 1949 si
152 1897 203 1962 quis
212 1897 275 1946 daret
287 1909 334 1948 rem
344 1909 423 1962 suam,
434 1895 549 1960 accipiens
559 1909 606 1946 rem
615 1895 724 1959 alterins,
733 1894 789 1958 quia
799 1895 858 1948 torte

54 1982 92 2020 res
103 1968 199 2020 alterius
212 1971 247 2018 est
259 1965 330 2018 multo
341 1968 413 2032 maior
423 1966 490 2030 quim
501 1980 551 2018 sna.
565 1967 596 2018 Et
603 1967 655 2017 ideo
669 1970 760 2030 oportet
773 1979 857 2016 secun-

54 2039 110 2092 dirm
127 2041 248 2104 quamdam
266 2039 459 2104 proportionatam
481 2038 723 2090 commensurationem
740 2039 858 2100 adeqnare

52 2113 187 2178 passionem
201 2110 286 2164 actioni
300 2112 326 2162 in
339 2111 564 2174 commutationibus,
580 2112 609 2162 ud
624 2111 685 2174 quod
697 2111 790 2161 inuenta
805 2114 858 2160 sunt

53 2184 204 2236 numismata.
221 2185 250 2233 Et
263 2183 296 2234 sic
309 2186 497 2245 contrepocsum
512 2187 547 2233 est
560 2182 746 2233 cummutatirnm
760 2183 857 2246 justum.

53 2259 119 2317 Quod
134 2255 160 2310 iu
174 2255 317 2306 distributiva
329 2255 419 2318 justitia
436 2256 510 2305 locum
526 2254 665 2318 nonhabet,
681 2253 734 2317 quia
748 2253 773 2302 in
784 2253 860 2303 distri-

53 2328 138 2379 bntiua
151 2339 199 2378 nou
208 2326 330 2378 attenditur
344 2326 460 2389 equalitas
470 2325 596 2377 secundnm
605 2325 774 2389 proportionem
785 2325 820 2374 rei
832 2325 860 2375 ad

51 2413 112 2463 rem,
127 2399 167 2450 vel
179 2397 291 2463 passionis
301 2397 329 2447 ad
339 2397 463 2460 actionem,
478 2398 539 2447 nnde
553 2395 636 2451 dicitur
649 2401 858 2458 contrapucsam,

53 2473 95 2522 sed
111 2469 239 2522 secundum
250 2468 482 2535 proportionalitatem
494 2481 570 2519 rernm
583 2469 611 2517 ad
630 2481 747 2531 personas,
758 2466 861 2531 utsupra

54 2542 145 2594 dictum
157 2545 194 2592 est
205 2542 264 2606 (art.
275 2540 315 2604 Ξ).

90 2703 127 2768 (1)
145 2705 203 2761 Quia
223 2705 332 2750 nimirum
349 2705 491 2762 privatorum
515 2703 617 2748 onrninrrr
638 2703 703 2747 bons
726 2700 768 2745 sub
790 2699 863 2744 tutela

57 2770 198 2828 reipublic·
210 2769 248 2816 rel
263 2767 369 2826 presidio
384 2766 509 2814 constituta
522 2769 584 2821 sunt,
596 2770 622 2809 ut
632 2761 732 2822 pacilied.
741 2774 768 2808 ac
782 2760 862 2806 secure

59 2835 90 2882 ub
108 2844 254 2894 unoquoque
274 2832 363 2890 possint
384 2826 496 2888 possideri
516 2828 598 2874 :unde
617 2826 750 2886 reipublice
768 2824 863 2870 maedam
