1992 3317
147 125 193 172 8⁶2
268 131 516 181 apsaretianensium,
532 129 625 176 oumsr.
642 131 716 180 unu,
733 131 790 169 aar.
804 133 824 167 r.

141 210 200 275 qubd
215 209 302 260 estiste
312 211 379 260 bomo
388 209 542 274 (pulbl’elrus
554 208 594 259 vel
608 207 785 270 llaniunsl,blc
794 209 832 257 ost
841 205 938 271 acceptio

137 295 258 346 perseum
271 280 325 344 quia
338 293 384 330 non
395 279 526 332 attribuitur
537 279 560 330 ci
571 277 658 342 aliquid
668 281 765 343 propter
776 279 882 344 aliquam
889 294 936 329 oru-

136 366 184 404 sam
197 365 249 416 quaa
260 350 327 402 faciat
340 364 391 402 eum
405 351 514 414 dignum,
530 352 569 401 sed
585 350 719 415 simpliciter
735 349 873 402 attribuitur
889 367 938 416 per·

136 437 209 474 sonae.
225 424 257 472 ll
269 435 389 486 personam
404 425 481 472 autom
496 422 592 472 retouur
609 435 759 486 quacumque
772 423 881 473 conditio
899 437 937 471 non

135 495 221 546 taciens
235 493 263 542 ad
274 506 366 543 causam
382 497 474 558 propter
488 493 596 558 quamsit
610 493 694 556 dignus
704 494 749 542 boc
760 493 840 544 dono:
857 494 935 558 putisi

136 565 217 628 abquis
230 569 362 628 promoveat
381 564 479 628 aliquem
493 565 522 614 ad
542 563 699 627 praelationem
714 565 753 614 rol
765 564 934 628 magisterium,

136 637 189 702 quia
204 638 240 686 ost
250 635 328 698 dives,
340 637 379 686 uel
392 637 443 700 quia
455 639 490 686 est
500 635 686 698 consanguineus
701 649 773 698 suns,
787 638 824 687 cst
839 637 936 700 acceptio

135 721 247 774 persona.
260 708 376 772 Contingit
386 712 462 758 tamen
475 708 572 771 aliquam
581 705 735 757 conditionem
742 721 855 772 personae
865 709 932 758 facere

136 791 186 830 eam
197 778 291 842 'dignam
303 784 409 842 respectu
417 779 485 830 unius
494 778 541 839 roi,
551 782 574 828 et
581 791 629 828 non
637 782 744 841 respectu
754 778 852 828 alterins
863 795 870 829 :
883 778 934 830 sicut

136 850 324 913 consanguinitas
340 849 394 900 lacit
407 848 506 914 aliquam
519 848 613 913 dignum
630 849 718 898 advboc
730 847 792 912 quod
805 850 932 900 instituatur

136 924 210 972 banos
224 921 354 987 patrimonii
362 961 374 984 ,q
382 933 427 970 non
443 924 518 972 antem
531 921 559 971 ad
576 921 621 970 boc
629 917 690 983 qubd
703 921 833 970 conteratur
844 921 868 971 ei
879 936 934 985 pra-

137 994 192 1045 latio
210 993 369 1044 ecclesiastica.
385 994 414 1044 Et
425 994 476 1044 idco
489 993 570 1044 molem
580 991 679 1043 conditio
689 1005 794 1055 parsum
809 993 833 1042 in
844 1005 932 1043 unone-

139 1065 199 1129 golio
217 1065 355 1116 considerata
377 1064 431 1115 lacit
456 1063 611 1128 acceptionem
626 1077 744 1127 persona,
759 1063 786 1112 in
804 1063 850 1114 alio
867 1068 931 1113 autern

139 1150 185 1187 non
198 1136 260 1186 lacit.
272 1137 310 1185 Sic
323 1149 376 1200 crgo
389 1140 452 1200 patet
465 1135 527 1200 quot
539 1145 685 1200 personarum
697 1135 801 1200 acceptio
817 1137 934 1200 opponitur

136 1207 232 1272 justitie
248 1207 414 1270 distributive,
426 1209 448 1258 io
459 1210 503 1258 boc
512 1207 571 1271 qubd
583 1211 666 1272 prater
672 1208 847 1272 proportionem
856 1209 930 1272 agitur.

137 1279 199 1330 Nibit
223 1283 297 1330 autem
316 1280 438 1344 opponitur
455 1280 534 1330 viduli
557 1278 603 1330 nisi
623 1283 751 1343 peccatum.
770 1282 836 1332 Unde
859 1294 930 1330 ronse

137 1363 209 1414 quens
224 1352 260 1400 est
277 1349 337 1413 qubd
352 1365 499 1415 personarum
517 1351 619 1414 acceptio
637 1351 668 1401 sit
680 1354 812 1414 peccatum.

170 1422 202 1472 bd
210 1421 307 1485 priunum
317 1435 371 1485 ergo
382 1423 511 1486 dicendum,
522 1421 583 1486 qubd
593 1423 618 1472 iu
628 1421 774 1473 distributiva
782 1422 872 1487 justitia
882 1436 927 1472 con-

139 1494 266 1546 siderantur
277 1492 417 1544 conditiones
427 1507 574 1558 personarum
582 1507 635 1556 qna
642 1493 728 1544 fauent
736 1493 766 1544 ad
773 1494 890 1557 dignitatis
899 1494 927 1543 rel

137 1565 207 1617 debiti
225 1577 324 1616 causam.
340 1564 385 1614 Sed
404 1563 429 1613 in
453 1564 588 1628 acceptione
600 1577 749 1630 personarum
768 1565 927 1616 considerantur

139 1636 278 1688 conditiones
292 1649 341 1699 quac
362 1649 408 1686 nou
419 1635 506 1685 iaciunt
517 1636 544 1685 ad
563 1639 702 1698 canumet
718 1636 862 1687 dictumest.

169 1707 203 1758 bd
217 1708 340 1758 secuudum
360 1706 493 1770 dicendum,
514 1706 575 1770 qnbd
587 1719 690 1771 persona
701 1708 926 1771 proportionanturol

139 1779 213 1842 dignm
224 1777 347 1837 redduntur
358 1777 469 1840 aliquibus
480 1791 531 1840 quae
544 1777 577 1826 eis
595 1776 774 1841 distribuuntur,
790 1783 883 1843 propter
894 1777 926 1826 ali·

140 1861 195 1913 quas
203 1862 240 1898 res
252 1862 302 1911 quac
309 1846 422 1912 portinent
430 1847 457 1898 ad
468 1848 622 1898 conditionem
631 1861 749 1911 persone:
760 1853 784 1898 et
796 1850 850 1900 ideo
859 1849 926 1912 liujus·

140 1920 201 1970 motti
225 1919 366 1970 conditiones
386 1923 440 1969 snut
456 1920 600 1970 attendenda
618 1922 725 1982 tanquam
743 1921 839 1984 propria
860 1933 924 1970 consa

139 1991 196 2042 Cium
213 1996 290 2041 autem
305 1991 475 2042 considerautur
486 1991 543 2054 ipsa
554 2003 666 2055 persuum
676 1990 802 2040 attenditur
810 2006 856 2043 non
869 2004 925 2042 oansa

139 2067 164 2111 ut
178 2075 255 2112 causa.
267 2063 294 2111 tlt
308 2063 362 2112 ideo
371 2065 434 2127 patet
454 2062 515 2126 quod
529 2061 633 2126 quamuis
646 2074 752 2126 persona
768 2061 818 2112 sint
827 2063 927 2126 digniore·

140 2133 284 2197 simpliciter,
301 2147 347 2184 non
362 2139 438 2186 tamen
452 2138 506 2184 sont
515 2133 629 2197 mores
641 2134 714 2196 quoad
729 2135 781 2184 boc.

171 2205 204 2254 Ad
224 2204 315 2254 tertium
326 2205 461 2270 dicendum,
475 2205 536 2270 qnbd
550 2205 635 2269 duplex
655 2208 691 2255 est
704 2205 775 2255 datio.
786 2207 837 2256 llna
848 2207 927 2270 quiden

139 2276 254 2340 pertinens
263 2277 291 2326 ad
300 2276 422 2341 justitiam,
430 2291 473 2341 qua
485 2277 571 2333 scilicet
580 2277 662 2340 aliquis
671 2277 709 2326 dat
717 2277 786 2327 alicui
797 2280 857 2341 qnod
866 2279 887 2328 ci
898 2278 928 2325 le·

140 2349 217 2410 belur;
233 2351 256 2398 ot
266 2347 325 2398 cirea
336 2347 393 2398 talos
405 2349 509 2399 dationes
521 2348 646 2399 attenditur
659 2347 809 2412 personarum
824 2348 926 2412 acceptio.

139 2419 230 2470 dliaest
240 2419 301 2469 datio
309 2420 338 2468 ad
347 2418 504 2470 liberalitatem
514 2419 689 2482 portinens‚qua
697 2417 863 2483 sniboetgratis
872 2420 928 2469 datur

138 2491 206 2541 alicui
216 2491 276 2554 quod
285 2489 306 2540 ei
319 2503 366 2540 non
383 2489 592 2540 tauroentum
604 2493 640 2539 est
650 2489 742 2540 cubatio
753 2487 871 2541 muncrum
886 2500 929 2551 gra·

140 2564 191 2627 tia,
204 2575 303 2627 perquae
313 2565 443 2626 peccatores
452 2565 597 2611 assumuntur
605 2561 620 2611 d
628 2562 684 2612 ileo.
694 2561 723 2611 Et
731 2561 756 2610 iu
764 2563 809 2612 bac
817 2560 928 2612 donatione

140 2647 186 2685 non
200 2635 268 2684 babet
285 2635 359 2684 locum
372 2645 523 2697 personarum
537 2632 655 2696 acceptio,
675 2633 730 2696 quia
744 2633 838 2696 quilibet
853 2631 927 2692 absque

139 2703 252 2765 injaustitia
266 2707 341 2766 potest
351 2703 378 2752 de
390 2715 431 2752 sno
447 2703 502 2752 dare
514 2707 625 2766 quantum
638 2704 727 2767 uult‚et
738 2704 775 2753 cui
788 2703 845 2766 vult,
856 2713 928 2752 secun

140 2771 194 2820 dbrn
211 2773 266 2822 illud
280 2775 383 2828 aaran„
399 2773 461 2822 XX:
482 2790 497 2820 a
509 2776 602 2824 Annon
618 2774 671 2825 licat
687 2775 744 2826 mibi
763 2774 823 2838 quod
840 2773 888 2824 volo
900 2771 928 2818 lt·

142 2842 210 2890 cerel
225 2842 287 2892 Tollo
299 2843 358 2905 quod
371 2845 434 2892 cuum
445 2845 489 2907 est,
504 2848 528 2894 et
540 2844 607 2896 uado.
618 2861 634 2892 a
