1992 3317
16 1365 19 1393 ε
80 1334 141 1385 tale.

397 108 428 145 no
442 106 577 145 merens.
843 94 889 143 tiit

81 188 141 247 est,
160 183 213 249 quie
228 183 313 234 eliens
330 183 421 234 dileetio
434 188 515 249 est‚u
536 188 562 235 ut
580 182 662 235 dieitur
678 184 785 239 ldoou„
803 184 841 232 lv.
860 184 890 233 nt

80 258 181 321 propter
196 256 240 306 hoo
255 254 337 305 dieitur
349 255 478 315 provere„
492 255 522 305 vl
541 272 547 305 :
564 270 578 302 n
589 254 634 305 Ser
649 257 702 305 sunt
715 268 765 318 ques
784 254 831 305 odit
845 252 891 304 Do-

80 326 176 390 minus,
190 330 216 377 et
227 327 350 391 septimum
368 327 494 377 detestatur
512 326 588 377 animo
607 327 674 391 ejus3
691 342 705 373 ›>
723 328 747 375 et
761 326 804 375 hoe
818 324 890 390 septi-

80 410 151 449 mum
163 397 229 462 pouit
238 411 292 449 eum
305 414 319 445 u
329 397 368 462 qni
388 397 486 449 seminet
498 397 560 449 inter
576 397 658 449 iratres
669 395 814 448 discordiam.
827 412 841 444 o

299 696 308 713 ·
337 746 506 816 QUAESTIO
524 746 644 811 LXXV.

212 893 247 939 De
260 892 382 939 minione
395 926 406 945 ,
418 895 449 941 to
461 894 523 939 deos
535 876 654 939 ordeolus
669 894 759 940 diuino.

16 1025 19 1101 i
119 1046 207 1097 Modo
222 1047 411 1099 considerandum
423 1051 458 1098 est
470 1048 499 1098 de
513 1047 636 1099 derisione.

15 1142 21 1175 .;
118 1118 149 1167 Et
159 1118 219 1169 eirea
229 1120 274 1168 troo
285 1124 416 1182 queruntur
426 1119 470 1170 dno
479 1136 486 1169 t
496 1121 523 1167 1⁰
537 1118 615 1170 Uirium
630 1119 713 1171 derisio
727 1119 756 1171 sit
768 1121 888 1183 peecatum

16 1216 19 1248 ς
81 1189 199 1255 speciale,
213 1190 348 1241 distinctum
359 1191 386 1241 ob
406 1190 456 1241 aliis
469 1191 570 1255 peoootis
580 1191 661 1254 quihus
673 1204 715 1255 per
730 1192 798 1241 verbu
816 1204 886 1242 noeu-

16 1302 20 1321 ,
83 1263 304 1351 mentumprorimo
313 1262 418 1314 infertur.
427 1268 454 1313 2⁰
463 1262 543 1314 Uirium
559 1262 641 1315 derisio
655 1263 685 1314 sit
699 1265 817 1329 peecatum
829 1276 889 1315 mor-

390 1444 548 1497 riliTlCULUS
562 1444 581 1497 i.

127 1568 212 1613 Utrdm
220 1568 308 1613 noeto
322 1572 354 1614 stt
363 1560 608 1676 ⁸W{i²{.p⁶{⁰a‘²⁶mf’
620 1568 648 1613 ab
658 1568 714 1613 attis
726 1568 853 1626 promissos

431 1645 452 1676 28
463 1642 503 1675 lii-C
513 1644 562 1676 ilm-

121 1759 156 1809 nd
168 1757 265 1823 primurn
279 1758 312 1808 sio
320 1757 456 1822 proceditur.
464 1757 559 1809 Videtur
572 1756 631 1822 qnod
645 1756 728 1809 derisio
737 1770 781 1807 non
792 1757 821 1807 sii
837 1772 891 1822 spe·

85 1828 147 1881 eiuie
156 1833 288 1895 peecatum,
302 1829 331 1879 ab
344 1828 397 1879 aliis
405 1828 529 1893 premissis
540 1830 575 1894 (t)
584 1828 723 1879 distinotum.
738 1829 890 1880 Subsunnetio

16 1938 18 1970 p
86 1900 152 1952 enirn
162 1900 251 1951 uidetur
263 1900 324 1950 idem
338 1913 387 1951 esse
400 1901 459 1964 quod
472 1900 563 1952 derisio.
577 1901 623 1951 Sed
636 1900 783 1951 subsannatio
795 1901 822 1950 od
836 1913 892 1951 eon-

86 1970 205 2023 tumeiium
220 1972 308 2023 videtur
321 1972 445 2037 pertinere.
461 1974 521 2036 Ergo
533 1972 616 2023 derisio
631 1969 775 2022 nonvidetur
784 1970 892 2035 distingui

15 2084 19 2115 ᾗ
88 2043 265 2095 deontumeiia.
328 2090 331 2093 Α

16 2155 17 2160 ,
122 2120 147 2166 2.
162 2118 289 2179 Praetereo,
302 2117 378 2167 nullus
393 2116 499 2167 irridetur
516 2116 559 2167 nisi
578 2116 605 2167 de
620 2115 694 2179 aliquo
708 2115 785 2179 turpi,
803 2128 830 2166 err
848 2126 893 2179 pun

88 2187 160 2237 homo
174 2185 293 2237 erubescit.
308 2186 443 2251 Huiusmodi
453 2186 528 2237 nutem
541 2190 595 2237 sunt
608 2192 711 2251 peuentn,
720 2198 772 2250 qus
789 2186 809 2236 si
820 2185 892 2237 mnni-

87 2256 150 2308 iestd
160 2258 188 2307 de
198 2257 273 2321 eiquo
284 2256 402 2319 dicuntur,
414 2258 530 2323 pertinent
542 2258 572 2307 ud
588 2257 763 2321 contumelium3
780 2256 800 2307 si
815 2260 891 2307 eutem

16 2323 17 2328 ’
88 2327 193 2393 occulte,
207 2328 322 2393 pertinent
343 2330 372 2379 ud
388 2330 550 2381 detractionem
567 2330 615 2379 sive
631 2328 818 2379 susurrationem.
833 2328 892 2391 nugo

16 2442 18 2472 ἰ
92 2398 177 2451 derisio
193 2412 239 2450 uon
259 2406 294 2450 est
306 2399 410 2450 vitiumd
421 2399 546 2465 premissis
559 2399 697 2451 distinctum.

16 2523 17 2536 ἶ
123 2477 148 2521 3.
163 2472 292 2537 Praetereo,
306 2472 439 2536 hujusmodi
459 2476 553 2537 peecata
578 2472 748 2537 distinguuntur
769 2470 893 2523 seeundum

90 2546 229 2593 nocumento
239 2558 291 2607 qun
305 2544 408 2608 proximo
424 2544 559 2595 inferuntur.
577 2544 620 2594 Sed
639 2556 681 2608 per
694 2544 828 2595 derisionem
847 2555 893 2593 non

87 2614 188 2665 infertur
210 2614 270 2665 atiud
289 2620 451 2667 nocumentum
468 2616 588 2681 proximo,
607 2616 675 2680 quim
695 2616 840 2679 inhonore,
856 2612 893 2663 vel

124 2768 158 2831 (1)
179 2770 236 2817 Putd
259 2770 414 2833 contumelii,
437 2765 580 2821 detractione
604 2773 644 2820 rei
663 2772 836 2833 susurratione,
861 2768 890 2817 de

88 2834 178 2895 wius
191 2847 246 2881 mox
258 2841 336 2883 nomm
353 2842 396 2883 eet.
