1992 3317
145 152 175 193 nx
188 152 319 195 xxrmroln
336 153 460 198 immerito
475 155 629 198 mnenon
645 156 753 198 ameum.
818 146 849 199 ll

43 226 105 292 gitur
123 232 152 283 ad
171 233 288 297 gratiam,
307 232 334 284 lit
351 233 401 284 sine
420 234 501 296 gratia.
527 234 574 286 sed
592 248 711 299 resurgere
729 234 743 284 l
761 238 854 300 peceato

44 304 189 367 praeexigitur
202 306 232 355 ad
246 306 440 357 illuminationem
450 306 546 369 gratiae3
558 306 639 357 dieitur
649 306 685 357 ud
699 307 799 370 Eples„
815 306 852 356 ll:

44 375 157 440 «Exurge
170 376 308 441 amouere,
321 381 344 427 et
359 378 500 428 illuminabit
514 382 537 427 te
550 379 665 428 Christus.
680 396 694 426 »
711 378 769 443 Ergo
785 380 854 430 lromo

47 450 122 508 polest
137 461 256 513 resurgere
267 448 280 497 l
291 453 387 513 peceato
401 449 451 500 sine
467 450 548 513 gratia.

72 524 96 569 2.
122 522 252 577 Praeterea,
275 526 394 584 peceatum
418 521 500 571 virtuti
517 522 651 587 opponitur,
678 523 737 573 sieut
762 523 855 573 morbus

46 590 149 655 sanitati,
164 596 190 640 ut
200 592 271 655 supra
280 592 367 642 dietum
382 596 419 642 est
432 593 490 657 (qn.
504 596 531 641 ‘ll
541 631 548 656 ,
559 596 603 642 art.
616 596 626 643 l
640 593 658 658 ).
670 594 717 643 Sed
730 594 798 645 homo
814 609 855 658 per

46 661 149 712 uirtutem
164 666 254 713 nature
267 666 345 727 potest
360 675 479 727 resurgere
495 664 522 714 de
532 664 664 727 egritudine
678 665 706 715 ad
719 665 853 729 sanitatem,

46 732 92 781 siue
102 734 190 783 auxilio
200 734 320 785 exterioris
331 734 463 797 medicine,
475 739 567 799 propter
576 736 620 786 hoo
630 734 691 800 qood
703 736 765 787 intus
776 741 853 787 manet

49 804 181 869 principium
198 806 267 869 vitae,
284 805 299 855 a
316 820 361 869 qno
376 805 480 871 procedit
496 807 597 871 operatio
613 808 731 858 naturalis.
745 809 803 871 Ergo
816 809 853 860 ri·

45 876 109 925 letor
122 876 182 940 quod
194 878 267 928 homo
286 877 356 927 simili
371 878 459 929 ratione
478 878 551 942 possit
567 878 667 943 reparari
684 878 854 945 perseipsum,

47 948 160 998 redeundo
174 949 201 999 de
218 952 282 999 statu
296 949 387 1013 peceati
400 950 430 999 ad
447 953 532 999 statum
542 948 653 1015 iustitiae,
669 950 755 1015 alesque
768 950 854 1002 auxilio

47 1018 163 1069 exterioris
176 1020 268 1083 gratiae.

77 1094 99 1138 3.
120 1090 245 1153 Praeterea,
261 1090 369 1155 quelibet
387 1104 425 1142 res
441 1092 551 1142 naturalis
566 1095 644 1157 potest
654 1093 727 1143 redire
736 1106 778 1157 per
792 1093 854 1158 seip-

45 1162 132 1212 samad
145 1166 223 1213 aetum
236 1161 414 1213 convenientem
429 1176 476 1213 sne
491 1167 592 1225 nature,
603 1163 662 1213 sicut
674 1176 733 1228 aqua
746 1164 853 1216 ealelaeta

45 1247 82 1297 per
97 1234 198 1300 seipsam
214 1233 277 1284 redit
293 1235 321 1283 ad
336 1235 465 1286 naturalem
480 1235 638 1299 frigiditatem,
652 1240 675 1285 et
689 1236 748 1301 lapis
766 1250 855 1287 sursum

45 1305 157 1368 projeetus
169 1319 212 1371 per
227 1304 331 1368 seipsum
349 1306 409 1356 redit
427 1306 456 1355 ad
469 1320 535 1356 suum
556 1312 642 1358 motum
659 1308 793 1358 naturalem.
810 1310 855 1359 Sed

46 1381 159 1436 peecatum
175 1380 211 1427 est
225 1376 318 1441 quidam
332 1381 398 1427 aetus
416 1380 495 1427 eontra
508 1380 625 1441 naturam,
642 1382 668 1428 ut
681 1378 743 1443 patet
758 1392 800 1443 per
812 1381 858 1430 lta·

46 1462 176 1499 massenum
187 1448 213 1497 in
224 1449 255 1498 ll.
267 1447 308 1497 lib.
321 1448 387 1513 (cap.
400 1452 430 1497 ³0
440 1448 458 1511 ).
468 1448 526 1511 Ergo
534 1450 624 1499 videtur
634 1449 695 1512 qnod
706 1451 774 1501 homo
784 1450 856 1515 possit

47 1519 199 1583 perseipsum
214 1518 290 1569 redire
303 1520 331 1569 de
343 1522 440 1583 peceato
453 1520 481 1568 ad
496 1522 581 1569 statum
592 1520 696 1583 justitiae.

73 1591 117 1641 Sed
135 1595 218 1642 contra
235 1593 288 1654 est,
300 1590 361 1655 qrrod
374 1590 500 1653 Apostolus
516 1590 585 1653 dioit,
596 1591 632 1641 od
644 1592 741 1647 Galat„
752 1593 791 1642 ll:
807 1609 821 1641 u
832 1593 859 1642 Si

45 1662 94 1712 data
102 1668 139 1713 est
145 1664 196 1725 lex,
206 1674 259 1727 quae
270 1665 346 1726 polest
354 1662 489 1727 justificare,
498 1675 552 1726 ergo
560 1663 664 1714 Christus
673 1665 744 1727 gratis
751 1670 854 1714 mortuns

46 1740 92 1796 est,
104 1751 119 1783 a
133 1736 157 1785 id
175 1738 227 1795 est,
243 1735 298 1783 sine
308 1748 403 1783 causo:
418 1732 468 1797 pari
481 1746 535 1797 ergo
552 1735 656 1797 ratione,
669 1735 689 1784 si
703 1736 772 1784 homo
784 1735 855 1784 habet

46 1810 144 1856 natumm
157 1820 202 1870 per
210 1818 280 1869 quam
294 1808 371 1869 potest
382 1803 515 1868 justificari,
532 1822 546 1853 u
560 1805 664 1856 Christus
677 1806 747 1869 gratis
765 1804 805 1866 (id
823 1818 858 1866 est

46 1877 91 1926 sine
106 1880 196 1939 eausa)
214 1876 249 1941 (1)
267 1880 371 1927 mortuus
388 1879 433 1925 est.
450 1892 464 1922 n
476 1876 520 1926 Sed
536 1877 581 1926 hoe
596 1878 632 1926 est
646 1877 811 1928 inconvenieus
824 1877 859 1928 di-

47 1961 105 2011 uere3
126 1963 181 2013 ergo
196 1961 245 1999 non
258 1952 335 2012 potest
352 1961 395 2013 per
413 1947 514 2011 seipsum
525 1948 660 2012 justificari,
676 1948 763 2014 idest,
782 1950 856 2001 redire

46 2022 72 2069 de
86 2024 145 2070 statu
158 2020 236 2084 cnlpae
250 2020 278 2070 ad
292 2023 377 2070 statum
389 2018 495 2083 justiliae.

77 2092 241 2155 (fflxcurrsro.
249 2090 347 2141 -Clrm
360 2090 470 2141 naturalis
482 2089 506 2139 in
521 2092 614 2142 homine
624 2092 682 2143 ratio
693 2106 740 2143 non
751 2092 782 2143 sit
792 2092 856 2143 suifi-

47 2165 107 2214 riens
127 2164 271 2229 principium
294 2161 401 2213 sanitatis
422 2159 558 2226 spiritualis,
575 2163 615 2214 sed
636 2163 685 2228 ipsa
706 2164 792 2227 gratia,
806 2178 857 2228 quiae

47 2236 128 2285 tollitur
141 2249 184 2301 per
200 2238 330 2299 peccatum,
349 2232 401 2284 lieri
414 2245 461 2283 non
474 2237 550 2298 potest
563 2238 589 2283 ut
608 2247 649 2297 per
668 2235 768 2300 seipsum
786 2236 855 2285 homo

8 2364 9 2367 Ἴ
47 2306 93 2357 eine
110 2307 198 2358 auxilio
216 2307 295 2370 gratie
313 2305 441 2371 apeccatis
457 2310 573 2370 resurgat,
585 2306 630 2357 hoe
646 2309 695 2370 est,
710 2308 739 2357 ad
759 2320 787 2360 ea
805 2321 856 2371 que

8 2372 9 2431 l
47 2380 159 2439 rumando
181 2378 271 2441 ammit,
285 2376 430 2443 reparetur.)

8 2482 11 2536 Ι
76 2452 214 2517 llespoudeo
230 2450 363 2510 dicendum,
374 2447 437 2513 quod
452 2450 520 2499 homo
530 2449 593 2500 nullo
609 2450 677 2500 modo
688 2453 763 2514 potest
781 2462 857 2500 resur·

48 2536 99 2583 gere
117 2523 131 2573 l
146 2526 244 2589 peceato
261 2534 303 2585 per
318 2521 422 2585 seipsum
443 2520 493 2571 sine
511 2521 596 2572 auxilio
613 2522 701 2585 gratiae.
717 2520 774 2571 Clam
797 2521 859 2572 euim

80 2622 109 2687 (l)
125 2628 197 2673 Juxta
209 2636 310 2683 meeum
324 2618 432 2692 δωρεαν,
452 2627 477 2666 ut
495 2624 651 2680 Hieronymus
666 2624 692 2668 in
709 2634 763 2667 eum
780 2622 857 2668 loeum

51 2697 212 2755 interpretatur
234 2712 241 2740 ι
265 2696 374 2741 Doeeorrt
394 2688 497 2753 (iuquit)
515 2696 632 2753 quomodo
649 2707 701 2741 uon
726 2694 759 2739 stt
779 2695 860 2750 gretie

51 2766 156 2807 mortem
174 2759 305 2808 camuros,
318 2758 341 2803 si
359 2766 435 2814 opero
447 2756 598 2815 justificatam
612 2756 653 2803 sed
667 2760 858 2815 quantumcum-

51 2832 91 2876 oue
99 2826 149 2870 aiut
163 2821 271 2875 dalem,
283 2820 367 2869 dicem
380 2830 433 2865 uon
441 2817 566 2869 aeduam
579 2819 704 2868 Glrtrtem
716 2819 772 2865 aloe
781 2828 856 2863 eausa
879 2855 880 2860 ,

50 2890 180 2935 nomen.
