1992 3317
340 155 371 191 ua
387 155 523 196 homicium.
784 147 827 191 sal

42 225 139 280 animalia
151 232 203 279 sunt
212 233 302 292 propter
311 228 435 281 homiuum.
446 230 475 280 ht
484 228 543 292 iiten,
552 229 573 278 si
581 232 648 280 homo
659 233 735 280 utatur
744 231 828 293 plantis

38 304 61 351 ut
76 301 194 350 utilitatem
205 299 347 360 animalium,
355 303 378 349 el
387 300 520 350 animalibus
528 301 556 350 ad
568 301 687 351 utilitatem
699 303 828 362 homiuum,

38 387 80 424 uon
94 376 130 422 ost
138 371 246 434 illicitum,
254 376 280 421 ut
288 372 428 435 etiampatet
440 385 481 434 per
490 371 655 436 Philosophum
667 373 691 421 iu
701 373 710 422 l
722 373 827 423 Potitio.

39 447 99 508 (nup.
116 443 156 504 5).
177 445 237 493 luter
254 442 310 494 ahos
331 448 406 494 antem
427 457 480 494 usus
500 444 597 496 maxime
618 445 759 496 nemssarius
778 458 830 494 esse

37 517 131 576 ridetur,
142 517 166 564 ut
176 515 283 564 animalia
293 513 376 578 plantis
391 517 481 564 utantur
490 514 514 564 in
523 515 614 578 aihum,
628 520 653 566 et
663 516 767 566 hominos
781 516 831 565 aui-

37 585 134 636 malibus
149 600 156 634 :
172 585 231 647 qnod
242 585 291 635 sine
306 585 477 635 mortificatione
492 598 571 635 eorum
582 587 631 637 heri
647 589 830 651 amputasti]

37 657 86 706 ileo
102 655 187 705 licitum
202 661 251 714 est,
268 660 292 704 ut
306 657 394 720 plantas
413 655 547 706 mortificare
564 657 589 706 in
602 672 667 708 usum
682 659 828 719 animalium,

38 733 58 776 ot
69 726 177 776 animalia
190 727 215 776 in
226 741 280 777 usus
291 727 422 788 hominum,
435 741 464 776 ex
478 729 529 790 ipsa
539 729 678 779 ordinatione
691 729 781 788 divium
794 730 829 780 di-

37 799 93 848 uitnr
110 798 172 848 euim
187 799 257 854 Gen,
272 800 300 847 l:
317 799 401 848 «Ecce
422 799 476 848 ,hedi
498 798 563 849 vohis
579 812 672 848 omnem
692 801 785 850 herbam
806 806 829 851 et

37 870 139 920 uniuersa
152 869 226 931 ligna,
239 873 263 918 nt
277 869 323 919 sint
338 868 403 918 vohis
418 868 442 918 in
455 882 531 919 escam
543 873 566 918 et
577 870 667 919 eunctis
677 871 830 924 animantibus
880 910 884 916 .

36 946 109 990 terrm.
126 942 184 989 »Et
202 941 299 998 Genea„
316 941 365 1002 tx,
380 939 459 991 ticiuu
474 955 480 989 :
497 943 594 991 «Omne
611 942 671 1003 quod
692 948 794 993 movetur
807 947 831 993 et

35 1012 102 1073 uiuit,
120 1011 164 1061 erit
180 1011 246 1061 vohis
265 1012 289 1060 iu
304 1011 385 1061 oihum.
400 1027 414 1057 n

63 1085 98 1134 hd
113 1085 210 1146 nmmum
222 1087 276 1146 ergo
287 1078 422 1145 dicendum,
433 1083 493 1146 quod
505 1097 535 1133 ex
543 1083 683 1134 ordinatione
691 1084 831 1135 divinauon-

35 1160 137 1206 servatur
152 1155 198 1204 vita
213 1155 344 1205 animalium
356 1159 379 1206 et
390 1156 527 1220 plantarum,
542 1169 587 1208 non
598 1161 689 1219 propter
697 1158 781 1220 seipsa,
790 1159 828 1208 sed

34 1231 126 1292 propter
138 1226 262 1278 hominem.
278 1228 357 1290 Unde,
368 1225 396 1276 'ut
409 1229 550 1289 Augustinus
563 1227 618 1278 dicit
633 1229 658 1277 in
674 1229 682 1277 Ι
698 1229 735 1281 De
749 1229 827 1277 civit.

35 1300 80 1347 Dei
89 1300 98 1362 (
108 1311 159 1362 cap.
175 1301 215 1360 to,
227 1301 252 1346 ut
263 1297 347 1362 supra)
364 1313 370 1346 :
384 1299 535 1350 «iustissima
552 1299 693 1350 ordinatione
706 1300 827 1362 creatoris,

33 1373 55 1419 et
70 1369 118 1419 vita
130 1372 154 1419 et
168 1381 229 1426 mors
240 1381 316 1418 eorum
329 1368 411 1419 uostris
424 1370 505 1420 usibus
520 1370 631 1421 subditur.
646 1388 661 1418 n

62 1442 96 1490 ltu
110 1440 234 1490 meandum
251 1439 379 1502 dicendum,
390 1440 449 1504 qnod
459 1442 639 1492 animaliahruta
653 1448 677 1494 et
687 1442 771 1506 planta}
785 1457 830 1493 nou

33 1513 117 1562 hahent
136 1511 208 1560 uitam
230 1510 378 1573 rationalem,
392 1525 432 1575 per
451 1512 519 1574 quim
534 1513 548 1562 a
566 1513 647 1576 seipsis
664 1518 773 1576 agantur3
791 1515 831 1564 sel

32 1596 122 1646 semper
135 1585 233 1644 aguntur
240 1582 306 1644 quasi
316 1583 344 1631 ah
354 1582 406 1645 alin,
413 1583 511 1633 naturali
521 1585 619 1646 quodam
628 1585 736 1646 impulsu.
746 1585 776 1632 Et
787 1586 831 1633 hoc

31 1657 66 1703 est
80 1653 171 1716 signum
183 1651 244 1716 quod
255 1656 309 1702 sunt
323 1653 454 1703 naturaliter
464 1666 538 1715 serua,
552 1657 575 1704 et
593 1654 689 1704 aliorum
701 1654 780 1706 usihus
793 1667 832 1704 ac-

32 1725 186 1774 commodata.

62 1797 95 1846 hd
111 1793 203 1844 tertium
214 1793 345 1857 dicendum,
362 1793 423 1857 quoii
437 1795 475 1845 ille
490 1795 531 1858 qui
545 1795 628 1846 oceidit
637 1795 718 1845 hovem
732 1795 833 1859 alterius,

30 1869 111 1929 peccat
129 1865 237 1928 quidem,
248 1878 294 1915 non
308 1865 362 1928 quia
377 1865 460 1916 oceidit
475 1867 571 1928 bouem,
582 1868 622 1917 seil
635 1866 689 1930 quia
706 1865 834 1916 damniheat

31 1938 150 1988 hominem
164 1937 189 1987 in
209 1951 234 1987 re
253 1950 303 1986 sua.
319 1939 383 1988 Unde
399 1951 445 1988 non
459 1939 587 1989 continetur
601 1939 642 1988 suh
654 1941 747 2002 peccato
760 1937 833 1987 homi·
927 1968 936 1990 a

30 2008 98 2072 nihii,
114 2009 157 2063 sed
170 2009 212 2059 suh
223 2013 317 2072 peccato
329 2009 384 2059 lurti
396 2009 432 2059 vel
447 2008 540 2075 rapina.

327 2188 486 2241 anamotus
502 2188 532 2237 ll.

171 2311 256 2355 Utrhm
272 2309 304 2354 sit
321 2311 416 2355 linitum
435 2312 538 2356 occidere
555 2315 694 2368 mensiones.

61 2439 95 2488 hd
108 2437 234 2487 seeundum
245 2437 279 2486 sio
288 2437 413 2500 proceditur
420 2436 462 2499 (t).
471 2437 565 2486 Videtur
574 2436 635 2499 quhil
644 2449 689 2486 non
699 2436 729 2484 sit
743 2435 830 2485 lioitnur

27 2510 138 2559 inuidere
153 2508 259 2559 homines
276 2512 414 2571 peccatores.
429 2509 537 2559 Dominus
546 2510 608 2560 enim
620 2511 722 2566 hullt,
733 2508 798 2568 ltili,
811 2507 836 2555 in

25 2582 138 2642 parabola
152 2579 270 2644 prohibuit
282 2579 395 2644 extirpare
404 2580 506 2642 -zizauia,
517 2579 557 2643 qui
569 2584 623 2629 sunt
633 2579 673 2628 lilii
687 2591 794 2641 nequam,
809 2580 835 2624 ut

58 2732 96 2796 (a)
114 2737 149 2780 na
163 2735 280 2779 nisenam
295 2701 377 2786 'aarum
392 2745 431 2788 uu.
450 2733 510 2787 aon,
525 2740 569 2777 art.
584 2733 595 2777 l
612 2740 636 2777 u
649 2732 676 2783 a;
692 2739 717 2776 u
735 2737 759 2775 u
774 2730 837 2786 ue,

22 2810 64 2851 (lu,
84 2797 151 2852 1⁰0,
166 2803 211 2842 art.
231 2797 255 2851 9,
271 2797 299 2841 ad
310 2795 336 2847 3;
350 2801 374 2840 et
391 2796 481 2840 Cootro
498 2796 578 2845 Geni..
593 2796 634 2841 lin.
648 2797 694 2852 ΙΙΙ,
711 2807 764 2850 cap.
776 2793 835 2844 lto;

26 2868 50 2904 nt
65 2861 101 2905 ud
117 2861 203 2910 Rom„
212 2861 268 2933 XIl,
282 2859 336 2903 lent.
347 2858 371 2901 3.
