1992 3317
160 149 206 199 lto
309 159 415 198 srcusnn
431 130 558 213 escoron,
573 159 667 205 onnon.
683 161 703 206 ι,
718 160 773 198 nnn.
790 162 806 196 r.

161 236 274 300 opposita.
287 236 332 286 Sed
344 236 404 285 cirea
415 236 492 285 omnia
502 250 553 299 quse
563 236 586 284 in
598 249 662 286 saera
672 236 787 300 Sur-tntum
801 235 966 293 eontinentur,

162 312 238 372 potest
250 320 303 358 esse
315 307 452 372 infidelitas3
462 306 570 370 quiequid
583 306 645 357 onim
657 308 738 357 horum
752 308 821 357 homo
832 309 966 372 negaverit.

161 378 259 429 infidelis
273 382 397 443 reputatur.
416 380 476 445 Ergo
492 378 563 429 eiiam
581 377 637 429 ides
653 381 690 428 est
704 378 764 428 eirca
777 379 856 429 omnia
870 394 926 443 quae
944 382 966 428 iu

139 456 142 460 ’
163 463 229 502 saona
244 451 358 515 Sennium
370 450 523 503 eontinentur.
536 448 580 501 Sed
594 448 626 500 ibi
636 449 706 500 multa
723 448 751 501 de
761 449 901 501 hominibus
913 465 967 502 cou-

132 556 151 583 .
162 521 276 584 tinemut,
292 525 316 573 ει
333 522 363 574 do
375 522 427 573 alin
442 519 692 584 nomenniomen
708 520 825 586 obtentum
844 521 902 573 idei
921 536 966 574 nou

162 592 235 644 soldnr
248 594 383 645 minoritas
395 593 480 659 prima,
495 592 536 643 sed
554 592 622 643 etiam
635 592 720 643 ueritas
733 598 817 644 creata.
832 632 835 641 .

192 669 216 715 d.
229 666 356 729 praterea,
369 665 427 717 tides
447 664 555 717 claritati
572 664 734 726 mndirtditun
750 668 776 715 nt
788 664 860 729 saorla
879 666 965 719 diotunn

160 738 202 788 est.
215 735 259 787 Sed
277 736 388 787 charitate
406 750 453 788 non
465 736 538 789 solium
554 736 670 801 diligimus
682 736 753 787 ιιειιιε
767 736 807 800 qui
822 740 860 789 εει
874 751 965 789 summa

159 806 317 871 lomtas,oed
328 809 399 860 etiam
419 808 534 872 dilutum
546 808 682 874 proximum
701 810 761 873 tirno
776 808 829 861 idei
841 808 965 875 disjectum

160 891 208 929 non
221 882 258 931 εει
269 878 344 931 solium
356 879 443 934 nerim
457 880 540 945 prinu.

190 951 332 1006 Sednonua
348 955 397 1014 est,
414 953 476 1015 quod
492 951 615 1018 Dionysius
635 950 759 1015 dirit‚1v.
779 966 830 1017 cap.
848 954 890 1003 De
910 952 962 1002 din.

159 1022 272 1082 Nomio„
292 1022 353 1088 qudd
367 1041 382 1072 u
392 1023 450 1077 idos
461 1028 496 1077 εει
507 1024 568 1077 oiren
577 1022 703 1089 simplicem
718 1027 742 1075 ει
754 1036 843 1089 sempor
858 1022 965 1075 existen·

159 1099 207 1147 tem
223 1095 351 1150 veritatem.
364 1112 379 1144 n
392 1098 448 1149 ileo
465 1100 542 1149 anem
557 1099 592 1148 εει
608 1094 693 1147 veritos
709 1094 790 1159 urina.
809 1094 871 1158 Engo
887 1096 965 1160 objec—

159 1167 207 1216 inm
222 1163 276 1218 lidei
290 1171 328 1218 εει
345 1167 429 1219 venitm
445 1168 529 1233 prima.

194 1238 352 1301 (condrusto.
363 1266 396 1278 -
408 1238 471 1291 edm·
481 1240 540 1291 nihil
552 1239 594 1293 sub
610 1239 679 1291 iden
693 1239 759 1291 eadat
775 1238 822 1290 nisi
835 1238 860 1289 in
882 1242 963 1293 ordine

159 1309 187 1359 ad
200 1309 282 1373 ileum
291 1311 376 1362 ueritas
392 1311 467 1375 prima
476 1312 527 1377 ejus
540 1310 757 1373 tornato-obtentum
766 1313 818 1371 εει,
833 1310 908 1374 enjus
926 1326 965 1362 ra-

159 1378 233 1443 tiono,
246 1379 283 1431 iris
291 1395 343 1445 quar
357 1383 410 1433 iidei
419 1384 634 1447 suntmsentinnus3
649 1381 765 1435 materiale
776 1381 832 1433 said
843 1382 963 1448 objectum

158 1450 212 1502 iidei
224 1455 259 1503 εει
271 1452 296 1503 id
308 1454 369 1517 quud
380 1452 396 1509 d
409 1454 513 1507 ildoinus
525 1454 645 1517 creditur.)

189 1524 324 1587 liesnondeo
340 1525 475 1588 donandum,
486 1526 547 1591 quod
565 1524 686 1590 cuiuslibet
700 1524 850 1589 munosoidui
866 1528 963 1579 habitis

158 1593 273 1659 obiectum
284 1596 330 1650 duo
342 1598 425 1661 labet,
436 1598 523 1649 scilcet
532 1598 556 1649 id
569 1598 629 1662 qnod
639 1596 790 1651 materialiter
801 1600 961 1661 cognoscitur,

159 1668 219 1731 quod
234 1671 270 1719 ost
281 1668 341 1722 dent
353 1670 471 1722 materiale
482 1670 607 1735 obiectum,
617 1674 642 1721 ει
648 1670 672 1720 id
683 1679 723 1735 per
732 1670 793 1733 quod
802 1672 960 1733 muneremur,

158 1739 219 1803 quod
234 1745 271 1792 est
284 1741 387 1793 formalis
399 1742 457 1793 ratio
471 1742 556 1807 objecti
568 1758 574 1792 ι
586 1742 647 1795 siout
660 1741 685 1791 in
702 1740 799 1791 seientia
811 1744 961 1804 geometriae,

158 1812 304 1863 materialiter
332 1813 397 1866 mito
421 1818 475 1865 sunt
498 1814 670 1874 oonolnsiones3
694 1811 796 1863 formalis
822 1812 880 1863 rere
903 1814 961 1864 ratio

157 1881 245 1932 sciendi
264 1888 318 1935 sunt
342 1885 417 1935 media
438 1884 653 1947 demonstratoris,
670 1897 711 1948 por
728 1896 779 1947 quan
799 1883 974 1936 eondusioues

157 1959 333 2017 cognoscuntur.
353 1956 393 2007 Sio
409 1956 479 2020 igion
493 1956 519 2007 in
535 1957 595 2020 lide,
613 1957 633 2007 si
653 1955 823 2007 consideremus
839 1955 959 2008 formalem

156 2026 267 2077 radonem
282 2026 380 2091 obiecti,
397 2028 456 2079 ninii
477 2032 513 2079 ost
533 2027 594 2078 aliud
614 2026 681 2091 quim
703 2027 788 2077 veritas
807 2028 892 2091 prima.
909 2032 959 2081 Non

156 2095 216 2146 euin
227 2097 284 2147 ides
294 2098 323 2149 do
332 2112 378 2162 qua
388 2098 511 2163 loqnirnur,
522 2098 619 2149 assentit
629 2095 823 2161 alienissimis
834 2103 870 2149 est
885 2100 899 2150 l
913 2102 959 2152 lien

155 2167 289 2219 revelatum.
298 2170 362 2220 Unde
374 2170 418 2235 ipsi
429 2171 520 2221 ueritati
532 2168 615 2221 divinae
627 2168 722 2234 (nidos
733 2168 838 2220 innititur
847 2174 958 2237 tanquam

156 2240 238 2291 rnedio.
263 2238 289 2291 Si
309 2242 366 2293 send
386 2243 556 2294 consideremus
576 2242 724 2293 materialiter
743 2252 771 2292 ea
792 2240 877 2305 numus
902 2244 958 2295 tides

156 2312 263 2375 assentit,
276 2325 323 2364 non
335 2313 410 2364 solim
427 2318 462 2365 est
473 2315 524 2379 ipse
537 2316 607 2378 Dens,
620 2312 661 2364 sed
674 2312 743 2364 etiam
758 2313 830 2363 multa
846 2314 893 2365 aliu
906 2330 957 2380 quae

156 2386 232 2433 tannen
256 2384 299 2434 sul
314 2397 410 2436 assensu
430 2385 483 2437 iidei
500 2398 547 2437 nou
563 2386 660 2449 eadunt,
681 2384 725 2436 nisi
749 2383 876 2436 renunddnr
896 2387 956 2451 quod

154 2454 238 2506 teuent
252 2456 350 2521 aliquem
364 2457 467 2509 ordinem
483 2458 512 2509 ad
526 2458 613 2522 ileum;
628 2460 696 2523 prout
713 2454 799 2507 seilicet
810 2468 852 2521 per
867 2456 957 2523 aliquos

153 2524 280 2579 divinitatis
292 2526 390 2581 eiieotns
405 2531 474 2580 homo
485 2528 523 2593 adj
527 2533 607 2579 uratur
620 2530 648 2579 ad
661 2528 798 2579 tendendum
813 2527 840 2577 in
854 2528 955 2579 diuinam

186 2633 286 2698 (ilidon
305 2652 352 2699 qua
364 2652 438 2687 nerse
454 2640 544 2689 tantini
559 2644 608 2697 εει,
628 2640 836 2697 ordenatores:
856 2640 898 2697 qui
913 2652 954 2684 noc

153 2699 232 2748 tallere
249 2702 304 2748 uelit
318 2716 361 2749 noe
376 2703 424 2751 iaili
435 2704 523 2763 possit,
537 2708 562 2747 ut
575 2702 659 2759 loon„
669 2702 716 2763 ΙΙΙ,
731 2714 791 2748 vers.
809 2700 856 2760 33,
872 2704 952 2759 appel·

152 2761 223 2816 latur;
239 2764 279 2808 ubi
296 2770 321 2810 ει
339 2767 481 2823 Augustinus
502 2783 508 2811 a
527 2764 591 2811 Βεεε
609 2776 685 2811 oenone
706 2769 740 2810 est
761 2762 878 2826 (inquit),
895 2764 971 2822 quio*

151 2826 360 2875 mertonensis·
369 2832 445 2887 potent
461 2828 543 2875 dinero
554 2828 617 2887 quod
633 2829 744 2875 veritatis
761 2831 810 2880 eat⁴
824 2828 879 2873 asiai
893 2828 955 2873 itinn

151 2884 261 2934 intueor
271 2889 300 2936 ot
314 2904 339 2938 eo
352 2893 397 2949 εει
407 2890 510 2938 mentiri
517 2904 568 2939 non
574 2892 658 2951 puteal.
674 2888 719 2951 (Ex
734 2890 809 2937 Traot.
822 2891 853 2937 in
866 2888 951 2949 donn.)
