1992 3317
347 149 377 184 uu
393 147 528 186 uuuuururu.
787 141 831 187 881

72 221 206 286 Beupoudoo
224 221 357 285 meandum,
372 221 431 287 dudd
444 224 528 289 aliquio
539 226 607 276 nomo
624 225 743 290 dupliciter
755 227 831 277 conui-

45 293 115 345 dcrari
124 295 198 357 procu
209 308 215 342 ι
227 305 274 344 unu
283 295 358 356 modo,
371 295 494 346 secundum
503 309 541 359 re3
549 296 593 347 alio
606 297 681 359 modo,
695 309 835 362 perrumpa-

46 366 151 416 rrtionem
167 365 196 415 ad
209 364 279 415 aliud
293 366 425 417 &cundum
436 380 461 418 se
474 366 565 431 quidem
578 367 741 419 corodenruo
755 368 835 418 lomi-

46 450 104 497 uem,
114 435 200 486 numm
210 435 312 487 occidere
321 436 388 502 licet,
401 438 610 502 qualiumlibet,
624 439 691 490 etiam
704 443 833 503 peccatore,

45 507 148 558 dahemm
157 519 232 558 amare
241 511 344 558 naturam
354 521 421 572 qnam
433 512 492 560 Deus
501 509 570 571 lecit,
580 523 631 574 qum
640 523 681 574 per
692 510 833 560 occisionem

45 577 198 641 corrumpitur.
214 578 273 641 Sed,
287 578 348 631 oicut
368 579 435 644 supra
455 580 540 630 dictum
556 584 592 632 est
612 581 673 646 (art.
688 582 736 645 a),
749 581 835 632 occisio

45 648 166 712 peccatoris
181 649 206 698 iit
218 649 279 698 licita
291 663 332 714 per
348 651 537 714 comparationem
555 653 583 702 ad
600 653 684 703 bonum
698 665 833 715 commune,

44 721 101 782 quod
114 725 281 784 perpeccatum
294 722 457 788 corrumpitur3
467 723 517 773 rita
525 727 600 776 autem
608 725 720 787 justorum
729 729 765 775 est
777 737 834 774 con·

45 793 155 843 mandra
167 795 191 842 et
204 793 329 856 promotior
341 794 396 846 boui
411 795 550 856 commuuio,
560 796 613 859 quia
626 795 672 860 ipoi
685 800 739 846 sunt
751 794 837 859 princi·

43 863 114 926 pallor
132 875 186 927 paro
207 864 365 915 multitudinis.
380 864 409 914 Et
426 866 478 917 ideo
494 867 557 917 nullo
575 867 643 917 modo
661 866 715 917 licet
733 866 837 918 occidere

43 934 195 986 innocentem.

70 1006 105 1056 Ad
121 1004 221 1069 primum
237 1019 291 1070 ergo
309 1006 444 1071 dicendum,
465 1007 527 1072 qudd
548 1010 609 1060 Deus
630 1009 699 1059 habet
712 1008 837 1059 dominium

43 1077 121 1128 mortis
134 1080 159 1127 et
166 1076 236 1140 uita3
247 1077 298 1142 ejus
311 1078 372 1128 euim
383 1078 525 1130 ordinatione
534 1079 662 1130 moriuntur
672 1082 696 1130 et
705 1082 837 1142 peccatores

43 1154 63 1198 ei
81 1148 151 1213 justi.
167 1149 196 1198 Et
209 1148 259 1200 ideo
282 1148 320 1200 illa
338 1148 378 1212 qui
398 1151 505 1201 mandato
527 1149 568 1201 liei
581 1149 663 1201 occidit
675 1149 835 1209 innocentem,

43 1221 94 1270 talis
108 1223 261 1283 perpeccat,
275 1219 333 1270 sicut
341 1233 386 1271 noc
395 1222 469 1283 Deus,
480 1221 547 1286 cujus
557 1224 593 1272 eut
601 1225 715 1283 executor,
724 1224 748 1272 et
759 1223 837 1272 octen-

41 1291 100 1342 ditur
115 1293 188 1342 Deum
202 1291 295 1352 limare,
307 1291 357 1356 ejur
367 1293 477 1343 mandatis
490 1292 606 1344 obediero.

69 1365 104 1414 ld
122 1361 250 1414 secuudum
262 1363 396 1425 dicendum,
413 1363 474 1427 quod
486 1365 512 1414 iu
522 1365 641 1428 pcnuuuda
659 1364 769 1428 grauitate
781 1375 839 1428 pec·

41 1435 85 1485 cali
103 1432 180 1496 magis
197 1437 233 1484 cot
250 1434 436 1486 oonaidorrudum
451 1435 476 1485 in
493 1437 554 1500 quod
573 1440 610 1486 cot
620 1448 663 1500 per
678 1449 718 1499 ue,
732 1435 801 1498 quam
814 1434 839 1484 id

40 1506 98 1569 quud
110 1507 147 1556 eat
161 1516 203 1568 per
216 1503 328 1556 reddam.
343 1506 407 1556 Unda
424 1506 463 1557 ille
477 1507 518 1569 qul
531 1507 614 1557 occidit
629 1507 734 1570 iustum·
746 1504 839 1569 pauido

39 1580 119 1640 peceat
132 1574 202 1639 quam
218 1575 257 1626 illa
268 1576 308 1640 qui
320 1577 403 1628 occidit
412 1581 569 1641 peccatorem:
582 1577 772 1641 primoquidem,
784 1576 839 1640 quia

40 1651 108 1698 uocet
119 1646 142 1697 ei
155 1658 224 1709 quem
237 1646 288 1710 plus
298 1647 365 1698 dubet
379 1647 488 1710 diligere,
502 1653 526 1698 ot
536 1647 570 1698 ita
582 1648 657 1711 magio
668 1652 747 1698 contra
764 1646 840 1698 chari-

40 1721 110 1770 tatem
130 1717 194 1782 agit3
212 1717 325 1780 morando,
345 1719 398 1781 quia
414 1719 522 1783 iujuriam
538 1718 608 1769 iniert
620 1719 643 1770 ei
658 1718 699 1782 qni
711 1722 748 1769 eut
763 1718 840 1768 minio

39 1790 139 1854 dignus,
154 1793 179 1840 et
187 1789 219 1839 ita
232 1790 305 1854 magis
318 1794 396 1840 contra
404 1789 517 1854 justitiam
526 1790 588 1854 agit3
600 1788 683 1853 tertio,
697 1790 751 1853 quia
763 1789 841 1853 privat

38 1859 226 1915 mmmunitatem
241 1861 321 1925 majori
340 1862 414 1926 bouc;
426 1861 523 1924 quartd,
539 1861 591 1925 quia
604 1860 678 1925 magio
691 1862 764 1910 Deum
784 1872 840 1910 con·

37 1933 135 1995 temnit,
149 1932 275 1984 mundium
287 1932 344 1982 illud
353 1933 420 1988 Luc„
431 1935 451 1984 X
461 1947 467 1982 :
481 1931 551 1990 «Qui
563 1945 606 1983 uos
614 1931 714 1997 aperuit,
729 1944 767 1981 me
778 1944 840 1994 uper·

36 2005 82 2054 nit.
93 2021 108 2052 u
122 2003 189 2065 Quod
199 2007 274 2054 autem
282 2004 358 2068 justus
371 2003 458 2054 occiana
468 2004 496 2054 ad
513 2003 608 2066 gloriam
617 2003 752 2068 perducatur
761 2002 774 2053 l
782 2003 837 2065 Deo,

36 2088 80 2138 per
89 2075 199 2127 accidens
212 2088 237 2125 sa
248 2075 316 2125 habel
330 2075 357 2124 ad
375 2074 522 2126 occisionem.

68 2147 104 2198 Ad
119 2145 215 2198 tertium
227 2146 364 2207 dicundum,
378 2144 437 2208 quod
446 2146 518 2209 jndex
530 2145 550 2196 ai
562 2145 607 2196 ecit
617 2145 716 2208 aliquem
727 2146 840 2195 iunocen-

35 2221 85 2268 tem
96 2230 160 2280 oasa,
171 2216 211 2280 qui
223 2216 287 2267 ialois
300 2217 399 2267 tectibus
408 2217 558 2276 conuincitur,
568 2217 634 2268 debet
642 2215 774 2280 diligentiis
785 2227 840 2267 exa·

35 2291 128 2342 minare
149 2293 235 2352 tostus,
250 2292 276 2338 ut
292 2287 394 2339 inueniat
414 2289 556 2340 occasionem
572 2289 684 2339 liberandi
702 2289 835 2351 innoxium,

33 2361 97 2412 sicut
108 2361 191 2411 Daniel
203 2360 265 2411 lecit.
284 2361 309 2410 Si
322 2364 397 2411 autem
414 2362 459 2410 hoc
469 2363 612 2424 conpeteret,
627 2361 759 2412 debetcum
769 2373 836 2424 supe·

32 2433 92 2484 riori
107 2431 238 2496 relinquare
249 2431 403 2495 judicandum.
418 2432 441 2483 Si
461 2435 537 2482 antem
557 2445 603 2482 nou
617 2433 661 2483 hoc
680 2434 773 2496 potest,
793 2445 841 2481 non

32 2507 134 2570 peccat,
146 2503 272 2554 occandum
290 2503 384 2565 allegata
402 2503 540 2555 senteutiam
557 2504 646 2568 lereus3
660 2506 714 2568 quia
725 2504 776 2567 ipse
789 2512 843 2554 uon·

31 2574 124 2627 occidit
137 2574 295 2634 innocentem,
307 2575 347 2626 oud
360 2574 394 2624 illl
408 2575 447 2638 qui
461 2588 515 2626 eum
530 2578 635 2625 asserunt
648 2579 778 2625 nocentem.
793 2575 837 2624 lli·

30 2649 111 2698 nister
126 2650 204 2698 autem
216 2646 300 2709 judicis
318 2647 490 2697 condemnantis
508 2646 665 2709 innocentem,
686 2646 707 2697 ri
725 2645 840 2696 sententia

29 2717 205 2769 intolerabilem
228 2730 325 2768 errorem
345 2717 473 2778 contineat,
493 2729 539 2768 uon
564 2717 632 2768 debet
655 2717 764 2780 obedira3
784 2715 841 2766 aliis

29 2791 203 2842 excusarentur
215 2789 331 2840 carnifices
349 2788 390 2852 qui
401 2792 513 2854 martyreo
529 2788 666 2840 occiderunt.
680 2789 707 2838 Si
726 2786 780 2838 uerd
793 2799 840 2838 non

29 2861 160 2914 contiueat
171 2859 314 2912 manifestam
325 2860 460 2926 injustitiam
470 2899 477 2923 ‚
487 2873 534 2913 non
541 2864 623 2925 peccat
634 2863 772 2926 preceptum
785 2871 839 2910 era·
