1992 3317
251 89 281 124 nu
298 87 456 126 narranaaoaa
472 89 630 126 uuannoaua.
791 81 845 154 ena·

43 165 171 216 verberibus
185 164 306 228 castigarc.
316 165 383 224 ¹Quod
402 165 495 215 Extra.
511 165 544 214 de
559 167 683 216 cententio
695 180 837 216 excommn-

40 237 176 286 uicationis
192 236 320 287 Alexander
332 237 380 299 lll,
398 250 448 300 cap.
466 238 509 286 Ex
522 240 616 297 tenore,
624 241 649 286 et
662 237 782 300 Gregorius
792 238 835 295 lll,

39 321 90 372 cap.
104 309 172 358 calm
182 307 325 361 volentate.
337 315 430 372 propter
438 307 588 360 ministerium
598 309 635 360 rel
644 308 743 360 officium
756 309 836 372 prela-

40 383 99 430 tarae
117 377 260 443 permittunt.

331 487 487 539 anamotus
502 488 542 538 lll.

152 610 238 655 Utriam
252 611 322 656 licent
332 611 435 668 aliquem
445 612 563 657 loannem
572 613 727 658 incarcerare.

67 737 103 788 nd
114 737 211 786 tertium
228 736 262 787 sic
273 737 409 802 proceditur.
422 737 517 789 Videtur
526 737 587 802 qubd
599 751 645 788 non
657 738 725 788 liceat
735 738 834 802 aliquem

39 807 157 858 bominem
173 807 320 859 incarcerare.
335 810 403 860 actm
418 810 479 861 enim
494 813 531 860 est
550 810 624 859 malas
643 823 672 859 ex
691 823 782 873 genere,
797 809 837 872 qni

37 879 97 929 cadit
112 890 182 941 supra
195 877 318 929 indebitam
334 881 462 944 materiam,
478 884 503 931 at
523 880 590 945 supra
603 881 688 930 dictum
702 884 738 931 est
749 882 795 945 (l,
806 886 835 942 Ξ,

37 965 74 1012 qu.
85 954 133 1011 18,
150 952 193 1000 ert.
209 951 252 1014 a).
266 951 403 1015 seinana,
423 954 512 1004 babens
526 953 652 1003 naturalem
665 952 753 1003 arbitrii
769 954 838 1003 liber-

37 1024 117 1085 tatem,
129 1023 167 1072 est
176 1019 277 1071 indebita
287 1022 380 1072 maaria
393 1023 585 1086 incarcerationis,
594 1028 647 1087 qna
658 1024 757 1075 libertati
770 1037 838 1089 repu-

36 1098 100 1156 gnat,
119 1095 180 1157 Ergo
194 1093 297 1143 illicitum
310 1097 347 1144 est
365 1095 463 1157 aliquem
476 1096 623 1147 incarcerare.
725 1137 729 1145 .

65 1171 93 1216 2.
111 1165 238 1222 Praeterea,
250 1164 348 1214 bumana
357 1165 445 1230 justitia
458 1166 555 1230 regulari
563 1167 629 1217 debet
639 1180 667 1217 ex
681 1167 766 1218 dimna.
782 1168 834 1230 Sed,

35 1237 94 1287 sicut
111 1234 198 1286 dieitur
210 1235 301 1296 Ecoli„
314 1237 372 1298 llll,
387 1239 472 1288 abens
490 1237 582 1302 reliquit
596 1238 712 1288 bominem
724 1239 750 1288 ia
768 1251 837 1288 manu

35 1306 130 1358 nonsibi
151 1305 197 1356 soi.
211 1322 225 1352 n
239 1306 297 1369 Ergo
310 1309 398 1360 videtur
413 1309 472 1372 qnbd
486 1323 533 1360 non
550 1313 585 1360 eat
604 1309 685 1373 aliqnin
701 1309 836 1361 coercendas

35 1378 139 1430 vinculis
152 1378 189 1428 vel
203 1391 301 1428 cernere.

68 1456 92 1500 3.
108 1451 242 1512 Praeterea,
257 1450 332 1500 nullas
349 1454 384 1502 est
398 1427 535 1502 coercendae
552 1452 597 1502 nisi
614 1452 806 1516 aboneremalo,
824 1451 837 1501 a

35 1535 81 1584 quo
97 1519 197 1584 quilibet
210 1523 286 1584 potest
305 1521 372 1570 aliurn
384 1521 447 1574 licite
461 1521 579 1586 impedire.
594 1523 619 1571 Si
629 1535 683 1586 ergo
696 1523 834 1571 incarcerare

34 1593 142 1656 aliquem
153 1593 214 1640 esset
225 1589 321 1654 licitam,
336 1593 363 1641 ad
371 1593 415 1642 hnc
424 1591 483 1656 qudd
495 1592 636 1642 cohiberetur
647 1591 736 1653 ammo,
747 1592 838 1641 cuilibet

35 1667 101 1714 esset
124 1662 213 1712 licitum
234 1661 355 1726 aliquem
349 1675 504 1726 ancarcerare3
522 1664 582 1726 qnod
600 1665 662 1726 patet
676 1674 729 1721 esse
745 1662 835 1763 falsum

34 1736 98 1798 Ergo
116 1735 143 1785 et
160 1731 267 1797 pannum.

66 1809 117 1859 Sed
130 1809 252 1856 contraeat
258 1807 338 1871 ‚quod
351 1807 441 1864 lenit,
412 1807 534 1865 ιΧΧΙΧ,
547 1805 639 1869 legitur,
649 1805 768 1868 quemdam
785 1804 839 1855 nris-

32 1894 87 1932 sum
107 1877 206 1929 fuine
199 1892 225 1929 un
244 1891 355 1928 cernerem
370 1883 437 1943 propt
439 1892 462 1928 er
474 1880 591 1942 peccatam
605 1877 761 1957 blasphemie
831 1924 833 1934 ,

64 1952 77 2016 (
85 1952 235 2002 Coracamm.
243 1949 417 2001 —llominem'
412 1962 558 2008 monacorum,
563 1949 601 1999 vel
609 1947 718 2010 vialique
728 1947 837 2008 detinere,

31 2020 168 2074 sccunddm
177 2020 274 2084 justitiae
295 2019 394 2070 ordinem
408 2020 498 2084 quidem
512 2020 581 2082 licet;
597 2022 620 2068 at
633 2022 710 2070 matra
723 2018 788 2068 illam
801 2032 838 2068 or-

30 2095 132 2153 dinem,
150 2095 185 2142 est
196 2091 310 2141 illicitum.
312 2093 320 2150 )

67 2164 211 2226 Respondeo
220 2162 339 2212 ducendum
342 2161 430 2226 qubd
423 2175 447 2212 m
456 2161 523 2212 bonan
530 2173 630 2225 corpons
636 2160 667 2209 tr
660 2172 729 2225 aper
736 2159 839 2210 crdrnem

30 2235 235 2287 considerantur·
229 2271 238 2296 ,Ι
247 2231 432 2296 primoquidem,
443 2233 560 2296 integritas
568 2231 689 2295 corporalia
696 2232 836 2291 substantiae,

30 2307 74 2358 oni
101 2303 266 2356 detrimentum
280 2304 371 2355 affamur
392 2318 432 2368 per
450 2304 586 2354 occisionem
599 2303 637 2352 vel
657 2302 836 2363 mutilationem

28 2375 153 2436 secundd,
168 2375 287 2426 delectatio
300 2376 338 2425 nel
348 2375 515 2438 quiescebam,
526 2373 563 2424 eni
575 2372 696 2437 opponitur
713 2372 838 2423 verberatio

29 2449 74 2500 vel
94 2445 215 2510 quodlibet
234 2458 326 2497 aeneum
345 2446 420 2496 dolore
433 2445 550 2507 allicien53
564 2444 645 2507 tertie,
657 2448 732 2494 motas
744 2446 767 2494 et
783 2457 838 2493 usus

26 2519 213 2578 membrorum,
229 2517 268 2582 qni
286 2517 406 2585 impeditur
421 2530 462 2580 per
478 2516 610 2579 ligationem
627 2515 666 2564 nel
681 2513 839 2565 incarceratio-

25 2603 109 2653 nem,
125 2601 169 2639 seu
181 2601 343 2652 quamcumque
362 2587 524 2638 detentionem.
539 2588 568 2636 Et
583 2585 654 2637 ideo
648 2598 785 2636 incarcerare
799 2583 839 2632 ali-

25 2674 109 2726 quem
127 2659 167 2710 nel
180 2659 373 2723 qualitercumque
387 2658 497 2719 detinere,
513 2662 549 2708 est
558 2657 675 2717 illicitam,
688 2657 734 2707 nisi
747 2655 786 2704 fiat
798 2668 839 2704 ee-

23 2731 142 2784 cundiam
162 2731 261 2783 ordinem
283 2731 392 2795 jnetitia,
407 2729 472 2780 ant'
466 2744 490 2780 ιιι
506 2744 612 2794 paenam,
625 2733 664 2780 aut
683 2731 710 2780 ad
727 2731 778 2778 caat
768 2727 837 2777 telam

23 2803 139 2869 alicnjus
152 2802 205 2854 mali
217 2801 313 2853 vitandi.
