1992 3317
122 147 169 200 tta
235 156 344 199 arcuum
359 152 490 203 securum,
507 152 599 201 ouum.
616 152 681 206 rur,
696 154 753 195 aar.
769 152 805 194 vr.

120 234 167 287 hat.
183 236 243 301 Ergo
260 248 290 287 er
302 235 414 288 charitate
427 234 501 300 magis
520 237 574 285 sunt
587 232 679 285 odiendi
690 234 837 299 peccatores,
852 232 926 299 quim

120 306 239 374 diligendi.

153 386 177 431 a.
193 382 319 444 preterea,
331 398 345 431 n
354 378 457 447 probatio
470 377 598 432 dilectionis
611 378 721 431 exhibitio
731 383 768 430 est
776 377 865 445 operis,
875 395 890 428 s
899 382 927 431 ut

124 452 244 517 Gregorius
265 454 321 505 dicit
338 454 363 504 in
381 454 447 503 tom.
470 455 541 503 Pent.
562 452 607 503 Sed
623 452 781 517 peccatoribus
801 451 860 516 justi
876 466 925 503 non

124 524 233 575 exhibent
246 538 315 589 opera
328 523 471 585 dilectionis,
482 525 523 575 scd
532 524 606 587 magis
616 537 686 588 opera
695 538 747 587 qne
755 524 863 575 sidentur
872 538 926 575 esse

124 595 184 659 cdii,
196 598 319 646 secuudum
334 596 390 647 iilud
401 595 497 645 Partim.
515 596 533 645 C
546 611 552 644 ι
563 613 577 643 u
588 596 615 645 lu
631 595 744 645 matutino
757 595 925 647 interficiebam

120 678 201 718 omncs
212 673 343 731 peccatores
353 672 429 719 terra.
439 682 453 715 s
464 668 491 717 at
500 666 615 717 Dominus
623 666 726 731 praecipit
734 666 833 728 deod„
844 668 923 719 xxm:

122 756 136 788 n
148 740 260 791 idalciicos
280 754 327 790 non
339 740 433 805 patieris
453 739 540 791 vivere.
556 755 570 786 »
587 739 647 802 Ergo
661 744 794 803 peccatores
805 752 853 790 non
869 745 926 794 sunt

122 824 151 862 ex
162 812 270 863 charitate
282 812 408 875 diligendi.¹

154 888 177 935 3.
193 884 321 946 Praeterea,
336 886 363 934 ad
375 884 499 935 amicitiam
515 882 627 949 pertinet,
640 886 667 933 nt
680 883 760 935 amicis
778 887 886 949 optemus
901 888 925 937 et

121 953 218 1007 uelimus
226 958 295 1007 hona.
306 956 350 1007 Sed
360 955 432 1006 sancti
441 970 470 1006 es
478 957 590 1006 charitate
599 958 680 1020 optant
690 956 847 1019 peccatoribus
855 956 922 1020 mala,

122 1029 247 1079 secundum
259 1028 313 1079 illud
325 1027 421 1077 Psalm.
436 1028 467 1077 lx
482 1042 488 1076 :
502 1028 694 1077 «convertantur
706 1032 837 1091 pensatores
849 1027 875 1078 iu
888 1028 926 1079 in·

122 1096 220 1151 ternum.
238 1118 251 1149 u
267 1098 327 1163 Ergo
340 1102 470 1163 peccatores
483 1112 531 1150 non
548 1103 602 1150 sunt
615 1112 645 1149 ex
655 1098 766 1149 charitate
777 1099 898 1163 diligendi.

155 1178 177 1223 a.
192 1174 317 1233 Praeterea,
330 1171 446 1235 proprium
460 1174 495 1221 est
507 1171 629 1221 amicorum
639 1172 667 1221 de
681 1171 767 1222 eisdem
778 1172 926 1235 gaudere,-et

122 1242 184 1295 idem
194 1243 262 1293 nelle.
270 1242 315 1292 Sed
325 1242 423 1292 charitas
435 1255 481 1293 nou
490 1242 545 1293 iacit
554 1242 612 1293 velie
620 1242 681 1306 quod
690 1247 822 1306 peccatores
832 1245 923 1308 uolunt,

122 1328 195 1377 neque
211 1312 265 1363 iacit
278 1312 376 1376 gaudere
394 1313 421 1364 de
437 1314 481 1364 hoc
500 1315 528 1364 de
547 1327 591 1378 quo
609 1316 739 1379 peccatores
759 1314 872 1378 gaudeut3
885 1316 926 1367 sed

122 1384 195 1448 magis
206 1383 261 1435 iacit
276 1384 422 1437 contrarium.
433 1386 492 1449 Ergo
507 1389 638 1451 peccatores
648 1399 694 1438 non
704 1388 759 1437 sunt
770 1398 799 1437 cr
813 1387 926 1439 charitate

123 1456 240 1520 diligendi.

154 1532 178 1577 h.
192 1529 318 1592 Praeterea,
332 1530 449 1595 proprium
467 1531 502 1581 est
521 1528 645 1580 amicorum
669 1529 736 1580 simul
749 1528 885 1593 convisere,
898 1534 926 1580 ut

123 1599 205 1651 dicitur
217 1600 242 1651 in
260 1602 317 1651 VIII.
337 1601 421 1652 Ethic.
440 1602 485 1651 Sed
498 1614 550 1651 cnm
564 1602 721 1666 peccatoribus
733 1613 780 1651 non
792 1604 828 1651 est
843 1600 927 1651 conni-

123 1672 236 1737 vendum,
254 1672 379 1725 secundum
393 1672 447 1723 illud
465 1672 492 1722 li.
509 1671 786 1736 adcor.,ii1:«iirite
804 1673 832 1725 de
850 1672 929 1723 medio

124 1756 211 1794 eorum.
220 1760 234 1791 u
249 1744 309 1807 Ergo
324 1748 452 1807 peccatores
462 1757 509 1793 non
522 1747 575 1793 sunt
587 1751 617 1791 er
626 1743 737 1792 charitate
756 1742 877 1805 diligendi.

156 1816 201 1866 Sed
216 1818 295 1865 contra
304 1814 420 1877 est,quhd
430 1813 569 1877 Augustinus
583 1811 824 1865 dicitin1.Dcdoct.
837 1816 927 1867 cirisi.

127 1887 193 1950 (cap.
203 1886 262 1950 3⁰),
274 1885 334 1949 quod
346 1899 397 1935 cnm
408 1883 496 1947 dicitur,
510 1901 524 1933 n
535 1884 615 1948 diliges
624 1883 752 1948 proximum
766 1888 844 1950 tuum,
853 1902 868 1933 n
878 1900 927 1937 ma-

125 1958 232 2008 nifestum
250 1962 286 2008 est
304 1970 395 2007 omnem
409 1957 525 2007 hominem
546 1954 676 2020 proximum
695 1970 746 2007 esse
759 1957 928 2021 deputandum.

126 2028 171 2079 Sed
182 2032 312 2094 peccatores
322 2042 368 2079 non
379 2028 485 2079 desinunt
495 2040 547 2078 esse
557 2026 661 2078 homines
670 2044 677 2092 ;
687 2028 741 2093 quia
752 2032 872 2091 peccatum
881 2044 930 2082 uon

126 2100 185 2151 tollit
198 2104 309 2152 naturam.
325 2101 385 2165 Ergo
398 2104 529 2165 peccatores
541 2104 594 2149 suut
608 2113 637 2149 ex
653 2099 761 2149 charitate
773 2099 896 2162 diligendi.

162 2174 318 2237 (concursio.
329 2172 475 2231 -Quamvis
495 2171 637 2235 respiciendo
656 2172 747 2235 culpam
765 2172 877 2235 diligendi
898 2186 929 2223 ex

125 2243 234 2295 charitate
247 2249 378 2309 peccatores
391 2258 437 2296 non
448 2244 505 2305 sint,
514 2244 639 2294 seeundum
650 2246 728 2295 tamen
736 2247 841 2295 naturum
848 2256 926 2308 marn,

124 2320 150 2367 ot
163 2315 245 2367 divine
255 2316 400 2369 beatitudinis
412 2316 459 2383 ipsi
475 2321 529 2367 sunt
542 2329 645 2382 capaces,
655 2316 717 2381 ipsos
725 2329 815 2380 quoque
830 2316 927 2381 diligere

125 2388 260 2452 debemus.)

155 2462 292 2527 Respondes
307 2460 445 2523 dicendum,
466 2460 529 2523 quod
549 2462 573 2511 iu
590 2460 746 2525 peecatoribus
762 2462 808 2510 duo
828 2465 930 2525 possunt

124 2533 276 2598 considerari,
290 2532 379 2585 scilicet
392 2536 471 2583 natura
487 2534 511 2583 et
523 2534 598 2597 culpa.
613 2534 745 2584 Secundum
755 2537 861 2583 naturam
873 2534 929 2598 qni-

126 2605 190 2669 dem,
207 2619 274 2669 quam
290 2604 303 2656 t
321 2605 366 2655 Deo
381 2605 478 2668 hahent,
494 2618 590 2669 capaces
607 2608 661 2655 sunt
678 2603 839 2667 beatitudinis,
858 2618 929 2669 super

124 2677 190 2741 cajus
198 2676 401 2728 communicatione
408 2676 506 2727 charitas
515 2677 630 2741 tundatur,
638 2681 665 2727 ut
673 2675 741 2741 supri
748 2673 832 2726 dictum
841 2680 889 2725 est.
899 2677 929 2725 Et

124 2746 176 2800 ideo
190 2750 311 2801 secundum
325 2752 429 2799 naturam
442 2760 506 2799 suam
520 2751 574 2799 sunt
587 2762 616 2799 ex
627 2748 738 2798 charitate
751 2745 871 2811 diligendi.
883 2747 929 2797 Sed

126 2822 193 2886 culpa
206 2834 284 2871 eorum
301 2823 346 2871 heo
362 2820 521 2884 contrariatun
535 2824 560 2871 et
569 2824 605 2871 est
616 2818 763 2871 beatitudinis
773 2819 928 2883 impedimen-

125 2896 182 2945 tum.
206 2892 270 2947 Uude
292 2892 415 2947 secundnm
433 2890 537 2958 culpam,
555 2906 601 2959 qua
620 2890 667 2947 Itco
687 2891 854 2958 adversantur,
873 2894 930 2945 sunt
