1992 3317
251 179 256 182 ·
298 179 330 216 nn
346 175 510 218 corrncrronn
524 177 659 217 munus.
832 169 877 217 stt

74 255 161 315 icitds,
171 253 231 304 siout
239 253 297 305 risio
310 253 338 304 ad
351 254 486 318 omniaque
500 254 696 306 continentnrsub
706 254 876 319 objectorisdr.

69 329 115 380 Sed
131 324 191 391 qnia
206 329 267 376 aetus
283 325 398 376 virtuosus
409 327 441 388 tt)
454 327 521 378 debet
533 340 584 377 esse
595 327 724 377 moderatus
734 325 818 378 debitis
834 327 878 377 cir·

70 397 234 461 constantiis,
239 398 291 449 ideo
301 398 324 448 iu
335 398 472 452 correctione
486 412 531 462 qna
540 399 626 451 subditi
635 398 752 463 corrigunt
763 399 876 463 pretatos,

70 471 141 522 debet
152 470 237 520 modus
247 482 361 532 congruus
375 468 486 533 adhiberi,
503 473 530 520 ut
542 470 629 520 sciticet
641 483 688 521 non
703 483 755 520 cnm
764 471 876 534 protervia

70 549 94 596 et
111 541 217 606 duritia,
231 543 270 592 sed
284 549 336 592 cum
357 543 530 594 namnetudiuc
545 547 568 593 et
581 543 708 594 reverentie
717 537 875 608 corripiantur.

69 616 139 666 Unde
155 614 281 678 Apostolus
292 612 359 676 dicit,
376 614 386 662 t
402 613 440 663 od
453 615 571 674 dimoti„
585 616 621 662 t:
639 615 783 665 «seniorem
797 629 825 666 ue
841 615 877 666 iu-

72 685 210 751 crepureris
216 721 225 748 ,
237 683 277 734 sed
289 683 383 734 obsecra
394 687 420 734 nt
430 687 527 748 patrem.
538 701 552 731 u
564 685 593 734 nr
603 685 657 736 ideo
664 685 786 751 dionysius
795 687 876 736 redar-

71 757 122 820 guit
145 754 306 820 Demophilum
326 751 474 818 menardum,
493 756 546 818 quia
567 757 706 807 sacerdotem
727 757 876 808 irreverenter

72 830 220 890 correxerat,
233 839 285 876 eum
300 826 430 891 percutiens
441 830 464 876 et
477 826 505 877 de
521 824 626 877 Ecclesia
636 825 740 891 ejiciens.

104 900 138 948 Ad
157 897 259 964 primum
273 907 326 958 ergo
339 896 472 958 dicendum,
485 897 545 961 qued
560 901 615 948 tnnc
626 899 736 962 prelatus
749 897 876 951 inordinati

72 967 167 1021 videtur
174 968 249 1031 tangi,
257 969 348 1032 qucum
356 969 506 1020 irreverenter
512 969 652 1034 objurgatur,
659 971 698 1020 rei
706 969 775 1020 etium
784 971 876 1032 quondo

73 1041 95 1092 ei
109 1041 249 1092 detrahitur.
261 1039 290 1089 ut
300 1041 344 1090 hoc
353 1039 492 1102 significatur
504 1053 546 1105 per
555 1044 683 1092 contectum
693 1040 776 1091 montis
786 1043 876 1092 etarce

73 1113 210 1164 demnatum
225 1111 237 1162 i
251 1113 305 1162 Deo.

104 1185 139 1234 td
158 1181 285 1234 seeundum
304 1181 439 1245 dicendum,
452 1181 512 1247 qudd
527 1183 550 1234 iu
568 1184 651 1235 tactem
673 1183 780 1235 resistere
801 1195 876 1234 corant

72 1255 196 1315 omnibns,
217 1253 306 1304 excedit
319 1255 410 1304 modun
429 1253 534 1323 truternae
551 1256 711 1307 ror-rectionis.
725 1257 754 1306 Et
771 1255 823 1306 iden
844 1255 877 1306 sie

74 1327 161 1378 Puutns
174 1329 269 1378 Petrum
278 1339 324 1376 uon
334 1325 587 1390 repretrendisset,nisi
597 1327 672 1392 atiquo
679 1326 746 1378 modo
754 1339 796 1392 par
805 1331 875 1391 esset,

75 1401 186 1460 quantum
204 1399 232 1448 sd
247 1396 300 1447 ddei
322 1396 485 1448 detonsionem.
508 1399 592 1449 sedin
613 1399 700 1449 occulto
717 1400 837 1449 admonere
853 1402 878 1449 et

75 1473 223 1532 reverenter,
237 1470 280 1518 hoe
294 1470 370 1532 potest
384 1466 452 1518 etism
466 1467 506 1518 iiie
518 1469 556 1532 qui
569 1481 616 1519 non
626 1472 662 1520 est
671 1481 720 1532 par.
735 1469 800 1519 Unde
816 1470 876 1533 ipo

74 1541 162 1604 stolus,
174 1541 212 1590 ud
224 1537 393 1602 cotors.,'uit.‚
406 1538 484 1590 scribit
494 1541 524 1591 de
533 1540 638 1602 subditis,
650 1541 801 1604 utpretutum
809 1549 875 1590 sunm

76 1611 230 1675 admoneant,
240 1610 294 1661 edm
308 1611 378 1662 dicit:
396 1610 491 1662 «Dicite
506 1612 620 1676 Archippo
631 1611 767 1676 (episcopo)
780 1626 786 1660 τ
799 1609 874 1662 uinis

76 1683 158 1734 terium
168 1687 235 1734 tuum
245 1681 323 1747 impie.
336 1681 482 1734 »Sciendum
491 1683 566 1732 tamen
575 1684 619 1743 est,
629 1681 690 1745 qudd
700 1681 740 1730 nbi
749 1680 878 1732 immineret

77 1753 349 1818 numerumnunerum
358 1751 875 1824 publiceessentpreiatitsuteditisargneudi.

78 1825 140 1878 Unde
154 1827 254 1888 Paulus,
268 1827 308 1890 qui
320 1829 369 1877 erat
384 1825 486 1876 subditus
499 1827 581 1886 Petro,
595 1827 688 1889 propter
701 1823 823 1875 imminens
836 1838 877 1888 po-
908 1883 913 1890 Ι

77 1895 174 1948 rientem
191 1897 292 1949 scandali
306 1897 366 1949 droa
376 1898 455 1958 iidem,
467 1899 559 1947 Petrum
570 1895 659 1961 publice
671 1893 753 1959 arguit.
763 1895 807 1958 nr,
819 1896 879 1946 sicut

79 1967 158 2021 (tussa
175 1971 299 2034 Augustini
312 1970 343 2033 tt)
365 1969 434 2032 dicit,
453 1969 488 2018 od
507 1969 605 2024 Gntot„
622 1969 642 2017 tt
662 1982 669 2017 :
687 1982 701 2015 «
720 1967 770 2030 tpse
794 1970 878 2018 Petrus

80 2043 209 2107 exemplum
225 2041 348 2110 majoribus
364 2039 471 2106 prebuit,
491 2043 517 2090 nt
534 2039 605 2090 neubi
623 2038 682 2090 torti
700 2041 787 2089 rectum
800 2039 880 2089 trami-

80 2113 126 2162 tem
139 2112 297 2178 reliquissent,
311 2125 356 2164 uon
372 2111 523 2176 dedignentur
533 2109 631 2162 etiami
647 2109 811 2176 posterioribus
829 2123 878 2162 cor·

75 2181 157 2246 cipi.»
295 2205 297 2209 ·
335 2189 337 2194 '
578 2188 580 2191 ’
658 2197 662 2203 ’

110 2255 142 2305 ud
156 2255 249 2308 testium
264 2255 396 2320 dicendum,
410 2255 470 2320 qudd
486 2267 623 2320 presumere
640 2266 666 2307 se
681 2267 733 2323 esse
745 2251 878 2318 simpiciter

83 2325 198 2379 meliorem
211 2327 279 2392 quim
289 2329 397 2392 prelatus
411 2341 465 2378 snus
477 2328 520 2388 eit,
529 2326 619 2378 ridetur
631 2338 683 2377 esse
695 2330 879 2390 presumptuose

83 2399 202 2460 superuis.
217 2399 263 2450 Sed
276 2399 385 2450 estimare
400 2413 424 2450 se
439 2399 554 2449 meliorem
570 2401 680 2462 qnantum
694 2399 722 2447 ad
736 2396 818 2462 aliquid
832 2410 878 2448 non

83 2469 117 2514 tet
127 2469 325 2534 presumptionis,
342 2471 394 2533 quin
408 2471 484 2520 nutius
498 2469 565 2520 estin
579 2471 621 2519 hac
634 2469 681 2518 utta
689 2468 783 2532 quinon
796 2467 880 2518 hebeat

86 2535 181 2600 aliquem
192 2542 313 2592 detectum.
329 2543 357 2592 nt
370 2543 435 2592 etiem
450 2542 638 2592 considerandum
655 2544 690 2591 est
701 2539 762 2604 quod
773 2538 824 2589 edm
838 2539 879 2589 ati-

85 2607 134 2668 onis
142 2613 259 2673 prelatum
270 2611 403 2666 euantatirt
415 2617 506 2672 monet,
515 2625 561 2662 non
573 2612 756 2676 propterheree
769 2609 879 2673 majorem

87 2675 215 2745 existimat,
229 2681 269 2732 sed
289 2681 397 2733 auxilium
416 2683 545 2746 impartitur
559 2679 582 2733 ei
598 2681 637 2746 qui
655 2698 670 2730 u
686 2680 813 2746 quaerore
829 2681 879 2732 tneo

101 2837 103 2842 ·
119 2812 150 2877 (1)
164 2793 394 2868 &toretmundum
408 2820 545 2869 vernem
555 2820 640 2866 tumre
652 2819 788 2878 procedens.

123 2884 152 2950 (ὃ)
165 2895 200 2942 Ex
210 2893 285 2954 Epist.
294 2893 347 2942 xix
361 2893 390 2942 ad
400 2893 576 2954 Hieronymum,
586 2904 641 2951 erp.
651 2892 680 2953 2,
692 2893 765 2952 prope
784 2888 863 2937 duem
