1992 3317
381 130 413 180 bs
428 134 511 182 nmio.
636 143 639 148 ·
799 126 844 182 cll

75 211 99 266 a.
115 217 241 278 meteres,
255 217 356 281 eiusdem
364 219 459 270 rationis
473 233 524 271 esse
533 219 636 282 ridetur,
649 219 789 284 qubdbomo
801 221 844 271 sli-

42 286 96 350 quid
108 288 188 352 iaciat,
194 289 283 354 etqubd
290 288 522 354 iacIenticonsentiat‚
529 292 653 342 secuudbm
662 292 718 342 illud
727 295 806 354 Rom„
816 295 827 342 l
839 307 845 342 :

43 375 58 405 c
69 359 124 411 Non
134 360 207 410 solium
221 362 283 426 digni
298 369 351 414 sunt
363 369 437 414 rnorte
450 363 490 426 qui
500 364 597 424 laciunt,
611 364 651 414 sed
665 369 689 414 et
702 364 742 428 qni
750 378 847 415 consen-

41 428 108 480 tiunt
116 430 260 483 facientibus.
272 450 286 482 r
299 434 395 486 Maximi
407 437 481 486 autem
492 435 606 484 consentit
616 435 654 498 qui
667 436 696 486 ad
706 436 791 498 aliquid
805 436 846 484 la-

42 502 152 552 ciendum
167 504 223 554 alios
233 505 328 556 inducit.
343 507 440 556 Licitnm
454 511 530 557 autern
540 510 577 556 est
589 506 703 570 episcopis
715 511 739 558 et
752 507 846 558 clericis

41 572 155 624 inducere
169 575 226 626 alios
239 576 416 641 adbellandum3
434 577 514 627 dicitur
527 577 589 628 enim
598 579 678 641 xxlrr,
693 592 733 641 qu.
748 583 771 640 8,
786 578 848 642 quior

41 645 138 694 hortatu
153 649 177 695 et
193 647 298 710 precibus
308 648 409 711 adriani,
426 648 533 698 Romane
543 647 604 697 urbIs
616 648 736 712 Episcopi,
751 651 847 700 Carolus

42 716 132 767 bellurn
144 722 223 767 contra
234 719 392 782 longobardos
406 719 515 782 suscepit.
530 719 589 782 Ergo
606 719 675 771 etiam
688 720 722 770 eis
736 721 789 772 licet
802 735 846 784 pu·

43 802 125 850 gnare.

76 863 100 909 t.
112 863 239 924 Praeterea,
254 860 309 911 illud
317 855 376 924 quod
386 865 421 911 est
433 860 557 914 seeundirm
568 875 592 912 se
602 863 724 912 honestum
740 867 763 913 et
776 863 848 914 meri-

43 931 148 994 torium,
163 945 210 984 non
223 938 259 984 est
271 932 377 983 illicitum
392 933 491 996 praelatis
504 938 528 983 et
541 932 637 984 clericis.
655 934 700 983 Sed
713 934 797 985 bellare
811 940 847 985 est

43 1005 183 1067 quandoque
200 1007 223 1054 et
237 1005 359 1054 honestum
376 1007 399 1054 et
418 1005 572 1067 meritorium
588 1004 744 1055 diciturenim
759 1007 845 1067 XXIII,

44 1088 85 1137 qu.
104 1079 128 1136 8,
143 1075 202 1138 qnod
213 1075 252 1125 usi
266 1075 348 1138 abnuis
362 1089 403 1139 pro
416 1076 509 1133 uetere
518 1077 578 1127 ndei
588 1081 612 1128 et
627 1077 752 1127 salvatione
767 1077 846 1140 patrie

45 1161 72 1198 ac
98 1146 232 1197 defensione
253 1147 425 1198 cbristiunornm
448 1152 548 1198 mortuns
567 1149 648 1212 luerit,
664 1149 736 1199 alteo
757 1149 848 1199 coeleste

45 1217 169 1282 premium
182 1223 366 1284 consequetur.»
381 1221 439 1284 Ergo
449 1219 535 1270 licitum
545 1224 581 1271 est
596 1221 709 1285 episcopIs
725 1224 750 1271 et
759 1221 847 1272 clericis

44 1291 142 1340 bellare.

79 1363 124 1412 Sed
134 1365 212 1412 contra
225 1365 269 1426 est,
281 1363 339 1426 qnod
351 1363 417 1413 Petro
427 1363 451 1412 in
464 1375 561 1426 persona
570 1362 725 1427 episcoporum
744 1368 767 1414 et
780 1363 848 1414 cleri-

44 1445 127 1482 corum
141 1432 223 1482 dicitur
236 1432 336 1485 Mottb„
352 1433 423 1482 XXVI
440 1449 474 1482 :c
488 1435 601 1483 Converte
621 1434 720 1496 gladium
741 1439 806 1484 tuum
822 1433 847 1483 in

44 1503 156 1566 vaginem
171 1503 216 1567 (l).
231 1519 244 1550 e
259 1504 307 1553 Non
318 1516 371 1567 ergo
383 1504 438 1554 licet
450 1503 483 1556 eis
493 1517 602 1567 pugnare.

82 1575 242 1639 (Concsmro.
259 1575 355 1625 -Cbm
370 1575 449 1626 belles
464 1575 573 1624 exercitia
593 1575 707 1626 bominem
725 1573 849 1626 maximia

46 1645 179 1698 dictorum
195 1646 383 1709 contemplatione
399 1649 516 1707 averunt,
534 1648 558 1695 et
574 1646 602 1694 ad
615 1645 711 1695 bomani
730 1645 848 1707 sanguinis

45 1717 185 1769 effusionem
203 1719 309 1778 bndsnt,
322 1717 413 1768 minime
428 1716 516 1767 cl'ericis
533 1729 560 1766 ac
573 1716 727 1780 spiritualibus
744 1716 848 1779 personis

45 1789 134 1840 bellare
147 1789 209 1848 licet,
225 1787 269 1840 nisi
282 1788 307 1838 in
320 1788 461 1839 necessitatis
473 1787 588 1847 arficulot

81 1860 217 1922 Respondeo
228 1859 363 1920 dicendum,
379 1859 440 1922 qubd
453 1860 481 1909 ad
497 1860 583 1909 bonnm
606 1859 721 1910 sociemtis
740 1859 845 1910 bumanae

46 1933 114 1998 plura
126 1935 180 1981 sunt
190 1931 323 1982 neeessana.
334 1932 428 1982 Diversa
439 1935 512 1980 autem
523 1929 537 1980 a
547 1931 641 1980 dirersis
651 1929 733 1980 mebbs
741 1933 764 1980 et
773 1942 844 1994 expe·

48 2003 122 2054 ditius
135 2005 244 2066 aguntur,
256 2001 323 2067 quarn
336 2004 365 2054 ab
375 2016 428 2059 nno,
442 2006 467 2052 ut
476 2006 539 2068 patet
545 2015 587 2066 per
598 2003 761 2066 Philosophum
770 2001 795 2050 iu
805 2015 846 2050 sua

48 2074 163 2125 Politice
175 2075 230 2139 (lib.
248 2077 257 2125 l
272 2075 360 2132 polit„
375 2079 402 2135 ³,
418 2087 469 2138 cap·
482 2074 521 2135 l).
538 2075 566 2122 st
580 2074 684 2136 quedam
694 2072 784 2135 negotia
794 2075 848 2121 snut

49 2147 108 2198 adeo
130 2144 174 2196 sibi
193 2147 357 2211 repugnantia,
370 2150 397 2198 ut
415 2145 577 2195 convenienter
594 2145 660 2194 simul
679 2144 781 2193 exerceri
802 2157 848 2193 non

49 2218 142 2282 possint
158 2231 163 2268 ε
181 2221 204 2268 et
219 2217 272 2268 ideo
284 2217 328 2268 illis
341 2219 381 2282 qui
395 2216 519 2280 majoribus
538 2218 686 2281 deputentnr,
701 2215 849 2279 probibentur

50 2291 155 2353 minora,
168 2290 227 2340 sicut
245 2289 367 2340 secundbm
382 2289 444 2352 leges
458 2290 571 2338 humanas
586 2287 711 2348 militibus,
726 2286 766 2350 qui
779 2288 850 2349 depu-

51 2365 130 2412 tantur
143 2362 172 2410 ad
182 2360 290 2412 exercitia
301 2359 394 2423 bellica,
403 2359 572 2424 negotiationes
581 2359 753 2409 interdicuntur.
764 2358 850 2408 Bellica

50 2437 129 2484 autem
145 2433 253 2483 exercitia
266 2431 362 2482 maxime
373 2436 502 2496 repugnant
511 2431 555 2480 illis
564 2429 645 2481 ciliciis
653 2429 735 2494 quibus
748 2429 849 2493 episcopi

50 2509 75 2557 et
88 2503 166 2556 clerici
179 2505 328 2568 deputantur,
340 2507 434 2568 propter
449 2505 510 2554 duo:
529 2501 603 2566 primo
620 2503 728 2566 quidem,
747 2500 846 2562 generali

85 2622 118 2686 (l)
134 2624 188 2670 Sive
209 2626 239 2670 ist
261 2624 341 2669 locwm
358 2635 444 2674 suess,
458 2637 482 2669 v.
502 2622 545 2678 52,
560 2624 633 2666 Ioco.
653 2626 745 2677 utem,
759 2623 850 2676 XVIII,

50 2702 74 2734 v.
87 2687 117 2732 11
130 2703 136 2731 ι
151 2683 218 2732 litto
231 2686 342 2745 gladium
352 2687 514 2744 incepissem.
526 2685 585 2730 Hine
598 2685 621 2728 in
635 2683 737 2728 Decretis
751 2684 791 2727 ubi
809 2695 848 2727 su-

50 2749 107 2809 pra,
121 2756 173 2808 cap.
195 2747 258 2796 Ciam
272 2749 287 2793 d
300 2749 409 2798 Iudeis,
424 2749 485 2804 quod
498 2760 527 2792 cx
539 2743 677 2791 Innocentis)
688 2750 846 2802 prenotatur:

50 2813 142 2859 Ferirs
152 2811 298 2870 probibuit,
311 2815 333 2858 st
344 2812 424 2871 [ormo
443 2811 553 2856 cometem
565 2809 730 2860 secerdotum,
745 2817 849 2864 psorem

50 2878 202 2936 prioc‘scot,
213 2877 284 2921 ettam
295 2886 343 2933 pro
351 2875 428 2932 seipso
443 2873 499 2932 copi
508 2884 579 2919 ormo
589 2871 702 2918 cornelio
707 2869 847 2928 probibate.
