1992 3317
111 115 157 164 odd
215 121 324 164 sucnnna
339 121 468 173 smenon,
486 119 579 170 onnon.
596 121 685 173 mun,
699 119 754 160 arr.
770 119 806 160 rm

141 203 308 268 (ommnsm.
320 227 351 238 -
362 199 419 252 Cim
432 198 572 252 schismatici
583 196 711 250 uoluntaria
724 211 750 248 se
762 198 790 248 ab
803 196 911 250 nectere

110 275 197 325 nuitote
205 275 327 338 separent,
338 275 361 323 et
368 271 441 324 nolint
451 285 492 338 per
504 271 644 338 spiritualem
654 271 792 334 potestatem
803 269 910 332 coerceri,

111 344 297 396 conveniensem
311 357 351 394 eos
374 357 420 394 uon
446 343 514 394 modo
536 341 777 394 excommnuicationis
798 341 912 392 sententia

111 415 200 482 porrici,
216 415 256 465 sed
271 414 339 465 etiam
353 429 393 480 per
407 417 552 480 temporalem
566 417 701 479 potestatem
715 413 842 478 coerceri.)

144 487 278 550 despondeo
289 487 423 548 dicendum,
442 487 501 550 quod
514 503 527 533 u
536 499 577 550 per
591 497 642 548 qne
658 488 737 548 peccat
751 483 804 548 quis
811 522 820 548 ,
834 495 912 549 per‘ea

112 557 179 608 debet
188 557 271 622 puniri,
290 562 338 608 out
348 556 509 622 discordum,
519 559 559 609 xi.
574 556 735 607 Schismaticus
749 559 836 620 amem,
848 562 874 606 ut
885 571 913 607 ex

113 629 178 679 dictis
191 632 264 692 scatet,
277 629 301 680 in
314 629 401 680 duobus
414 632 495 693 peccat
508 644 514 678 :
529 628 554 678 iu
568 629 616 679 uno
636 627 744 691 quidem,
758 627 813 690 quia
824 633 914 692 separat

112 713 137 751 se
153 699 336 752 acommunione
353 701 504 751 membrorum
527 700 634 750 Ecclesia
647 737 653 759 ,
668 703 691 748 et
705 702 818 761 quantum
832 701 860 748 ad
872 701 914 750 hcc

114 771 254 822 conueniens
262 785 329 836 poeua
344 771 537 823 schismaticorum
549 774 619 821 estut
632 769 877 832 excommunicentur3
889 771 914 819 in

115 843 158 893 atio
175 842 242 903 uero,
254 844 306 907 quia
320 843 385 893 subdi
398 847 505 894 recusant
514 843 585 908 capiti
598 841 705 892 Ecclesiae
718 857 724 891 :
742 844 767 891 et
780 841 848 905 ideo,
864 842 914 906 quia

114 915 214 966 coerceri
229 915 308 967 uniunt
321 929 361 980 per
377 915 518 980 spirituatem
537 918 674 979 potestatem
688 913 798 963 ccclesiae
806 950 815 976 ,
826 915 914 978 justum

113 989 187 1036 estut
200 991 312 1052 potestate
325 985 445 1050 temporali
456 989 614 1037 coerceantur.

117 1089 119 1094 ·
145 1060 178 1109 ud
192 1058 288 1123 primum
301 1071 355 1122 ergo
364 1058 491 1119 dicendum,
505 1057 565 1121 qnod
579 1057 716 1122 mensuum
731 1056 913 1108 asonismaticis

114 1129 213 1196 recipere
227 1143 273 1180 uon
292 1130 359 1193 licet,
374 1129 419 1179 nisi
433 1128 457 1179 iu
474 1128 570 1179 nrttcuto
589 1129 742 1190 oemssitatts3
757 1128 812 1190 qnia
833 1129 915 1178 rueiius

115 1206 150 1252 est
165 1202 247 1260 dehac
261 1201 306 1250 vita
321 1215 372 1250 cum
386 1201 451 1264 siguo
463 1201 548 1251 Christi
561 1201 637 1261 exire,
653 1199 666 1249 a
680 1213 826 1264 quocumque
841 1202 912 1262 detor,

115 1269 204 1321 etiamsi
223 1271 253 1322 stt
265 1271 355 1321 iudeus
368 1271 405 1322 vel
419 1271 539 1334 Pogonus,
554 1268 621 1334 mam
636 1269 686 1322 sine
706 1268 844 1335 consigno,
857 1274 915 1335 quod

115 1348 156 1407 pet
168 1342 303 1406 baptismum
314 1343 437 1393 condentur.
976 1350 978 1361 '

147 1413 181 1463 dd
195 1413 317 1464 seecundum
330 1413 459 1477 dicendum,
470 1413 532 1477 quod
545 1427 585 1478 ner
594 1413 856 1466 excommunicationem
870 1425 915 1465 um

115 1484 256 1535 interdicitur
275 1485 312 1534 itin
335 1485 520 1547 communicatio,
534 1499 577 1549 per
596 1497 664 1548 quam
684 1485 766 1547 uliquis
785 1487 916 1538 salubribus

117 1556 208 1606 monitis
220 1555 307 1607 diuisos
320 1555 408 1607 reducit
420 1557 451 1606 ad
464 1555 573 1607 Eccleoiae
586 1556 707 1617 unitatem,
718 1556 769 1605 circu
786 1557 856 1607 etiam
866 1559 916 1623 insa

117 1627 228 1693 separatio
246 1627 410 1692 quondammodo
429 1641 469 1678 eos
486 1627 592 1689 emineat,
607 1626 659 1676 dum
671 1628 702 1677 de
716 1639 757 1676 sua
773 1629 916 1692 separatione

117 1699 219 1761 condrusi,
234 1699 368 1763 quaudoque
383 1699 410 1748 ad
425 1697 584 1762 poenitentiam
597 1699 745 1748 reducuntur.

148 1771 181 1821 dd
193 1770 282 1821 tertium
292 1769 426 1830 dicendum,
441 1769 501 1833 quod
518 1781 592 1834 prono
602 1770 788 1833 presentismtae
802 1777 858 1823 suut
868 1779 916 1824 me-

116 1841 233 1891 dicinales.
250 1841 278 1889 Et
288 1839 349 1904 ideo,
359 1841 448 1904 quaudo
466 1853 511 1890 uua
525 1853 591 1905 prena
604 1853 650 1890 uon
664 1840 748 1891 suidoit
761 1844 789 1892 ad
809 1857 916 1895 coercen-

117 1912 170 1962 dum
184 1911 315 1972 homiuem,
331 1911 490 1975 superadditur
507 1912 589 1976 attera3
601 1911 662 1962 sicut
673 1916 697 1962 et
715 1912 798 1963 medici
813 1913 917 1966 diuersus

117 1981 240 2034 medicinas
254 1984 382 2046 corporales
399 1987 528 2048 apponunt,
543 1983 633 2046 quando
649 1997 696 2032 nna
710 1997 756 2033 non
775 1989 811 2034 est
824 1986 915 2037 efficax.

116 2055 145 2103 ut
159 2053 190 2103 itu
208 2053 322 2118 Ecclesia,
335 2055 426 2118 quando
446 2053 516 2117 aliqui
533 2069 575 2118 per
593 2055 851 2107 excommunicationem
870 2070 916 2108 uon

116 2123 254 2175 sufficienter
272 2125 439 2188 reprimuntur,
456 2124 547 2175 addidet
560 2125 723 2176 coercitionem
738 2125 828 2176 brachii
844 2141 916 2179 seeu-
976 2166 978 2179 .

115 2193 184 2260 laris;
200 2195 240 2245 sed
254 2195 273 2244 si
285 2207 331 2245 unu
344 2207 411 2259 porra
424 2195 455 2246 sit
469 2195 600 2258 outdcieus,
610 2209 655 2248 non
666 2195 735 2247 debet
746 2195 789 2246 atio
804 2199 915 2250 modroni.
