1992 3317
133 154 179 205 itt
249 157 356 203 mensus
372 157 503 212 susorum,
518 157 614 209 oum.
629 158 686 211 m,
702 157 759 201 nar.
776 162 815 200 nr.

132 244 218 295 riantur
233 241 273 293 nai
290 240 383 303 rituti,
398 240 458 291 deut
470 238 583 290 timiditas
594 241 618 289 et
628 238 724 290 audacia
735 237 874 293 iordtudim.
889 240 936 295 Sed

132 318 248 381 precatum
269 312 451 382 prssuupt'uuis
470 310 620 363 contrariatur
638 313 734 375 peccato
753 310 933 377 desperationis,

131 387 190 452 quod
210 386 294 439 directi
313 385 437 451 opponitur
456 383 516 449 spei.
537 384 598 448 nrgo
613 383 704 434 videtur
717 382 779 449 quod
793 383 865 436 etiam
877 400 936 452 pru-

132 458 230 523 sumptio
243 458 350 511 directius
363 456 413 521 spei
425 458 560 521 opponatur.

164 532 172 593 t
187 530 329 583 cormusro.
339 554 370 569 -·
378 528 489 580 Duactius
502 526 553 593 spei
564 526 687 593 opponitur
697 528 885 594 prssunrptianis
898 530 937 581 ri-

77 636 80 639 -
132 602 200 665 tium,
215 614 283 666 quam
295 599 398 664 dmori.)

161 673 297 739 Respondes
318 672 451 735 uscuduu,
468 670 530 736 quid
547 670 606 722 deut
622 670 763 734 Augustinus
775 669 871 723 dicitis
890 673 931 724 tv.

132 748 227 799 Contra
236 745 369 797 lulianum
380 745 446 810 (cap.
459 744 492 809 3)
505 758 511 793 :
525 741 658 795 «omuibus
665 741 786 793 uirtutibus
795 755 842 794 nun
854 745 937 797 solnm

132 821 187 871 sunt
197 817 252 868 uitia
264 817 384 869 manifesta
395 816 531 868 discretione
544 814 669 876 emunda,
683 814 742 865 siout
756 814 885 878 prudentiss
895 819 932 867 te-

133 889 237 953 meritas,
250 902 329 941 rernm
339 888 415 939 uicina
426 887 605 953 quodammodo,
617 898 659 936 uec
669 885 773 950 veritam,
782 886 824 938 sed
833 887 937 951 quadm

132 960 209 1025 specie
225 960 330 1025 radente,
349 959 431 1011 similia
446 958 507 1009 sicud
521 956 649 1023 prudentia
664 956 939 1011 contaminere

132 1032 194 1097 qnod
208 1032 360 1097 Philosophus
377 1030 433 1081 dicit
453 1030 478 1080 in
496 1030 527 1080 11.
547 1028 643 1087 Etdu'c,
658 1028 719 1093 qudd
733 1029 807 1082 virus
824 1032 939 1096 majorem

133 1104 315 1159 convenientiam
326 1103 416 1155 ridetur
428 1101 513 1153 hebere
523 1114 577 1152 cum
586 1113 633 1151 uno
647 1101 802 1166 oppositorum
813 1101 937 1167 uitiorum,

133 1190 201 1241 quana
215 1190 267 1227 curn
280 1175 324 1227 atio
337 1189 343 1224 ε
357 1174 416 1225 sicut
425 1173 576 1237 temperantia
585 1186 637 1225 cum
649 1172 843 1238 insensibilitate,
853 1178 878 1225 at
891 1176 943 1227 dor·

133 1249 207 1299 titudo
216 1245 377 1298 cumuudacia.
393 1244 602 1311 Presumptioergo
611 1244 757 1296 manifestam
767 1246 943 1310 oppositionem

132 1319 221 1369 ridetur
236 1317 320 1369 habore
335 1316 364 1368 ad
381 1317 501 1382 timorem,
517 1316 630 1381 precipue
646 1314 767 1379 serviem,
783 1318 825 1380 qui
841 1319 944 1383 respicit

132 1400 223 1453 puerum
234 1400 264 1439 eu
272 1387 313 1439 Dei
320 1387 410 1452 justitia
418 1388 590 1452 provenientem
599 1424 606 1451 ,
616 1386 682 1451 eujus
692 1389 840 1452 presumptio
851 1390 941 1442 romis-

133 1459 221 1510 sionem
233 1460 318 1524 speum.
330 1459 375 1511 Sed
390 1458 515 1511 secuudum
526 1458 647 1522 quamdam
658 1457 739 1509 falsam
751 1456 942 1525 similitudinem,

132 1530 205 1596 magis
219 1531 367 1583 cauteriatur
382 1530 444 1595 spei,
457 1529 511 1594 quin
526 1528 635 1593 importat
649 1530 769 1593 quamdam
779 1527 944 1585 mordinatam

132 1616 194 1671 spera
208 1603 236 1655 de
246 1604 301 1655 lieo.
314 1602 344 1654 lit
356 1601 411 1666 qnia
425 1600 534 1652 directius
547 1600 622 1664 aliqua
636 1603 797 1667 opponuntur,
811 1614 864 1665 qus
882 1609 945 1657 sunt

133 1674 201 1727 unius
210 1674 310 1739 gereris,
319 1673 387 1738 quim
398 1686 448 1737 qua
463 1675 518 1725 sunt
528 1682 635 1737 generum
650 1672 792 1724 dirersmum
805 1672 868 1735 (nam
881 1687 945 1727 cou-

134 1746 202 1798 traria
215 1751 268 1799 sunt
281 1745 306 1798 iu
317 1745 397 1797 eodem
407 1757 491 1809 genere
500 1746 509 1805 t
519 1744 571 1795 ideo
584 1742 693 1795 directius
704 1741 851 1808 presumptio
866 1757 945 1811 eppo

134 1818 195 1870 nitur
203 1818 261 1883 spei,
270 1816 430 1882 quamtimori.
439 1817 564 1881 Utramque
573 1814 635 1865 euim
647 1814 740 1880 respicit
747 1814 809 1864 idem
818 1814 944 1880 objectam

135 1888 172 1939 cui
183 1888 300 1950 inuititur,
312 1888 351 1939 sed
364 1900 417 1952 spes
430 1886 543 1951 ordinate,
557 1884 703 1951 presumptio
716 1883 855 1937 inordinato.

165 1958 199 2009 Ad
211 1959 310 2023 primum
319 1970 373 2023 ergo
388 1958 526 2022 dicendam,
537 1958 597 2022 qnid
608 1958 669 2010 sicat
679 1970 733 2022 spes
746 1957 842 2009 abusivi
855 1958 944 2013 dicitur

135 2032 164 2083 de
175 2028 247 2093 mdo,
265 2028 355 2095 proprie
375 2033 453 2082 autem
469 2029 498 2081 de
511 2030 588 2095 bono;
602 2029 636 2081 ita
652 2029 722 2081 etium
735 2031 894 2095 presumptio.
910 2034 944 2083 Et

135 2101 260 2156 meandum
275 2101 337 2153 huuc
348 2101 441 2154 modum
458 2100 597 2153 inordinatio
611 2100 701 2153 timoris
719 2103 891 2167 presumptio
902 2103 942 2155 di·

134 2174 200 2225 citur.

165 2246 199 2296 id
212 2244 336 2297 secuudum
346 2245 468 2297 dicendum
474 2282 484 2311 ,
495 2246 557 2311 quod
566 2260 581 2294 a
590 2244 703 2297 contraria
714 2247 767 2296 snut
777 2257 830 2311 que
837 2246 943 2301 maximi

136 2318 221 2369 distant
234 2316 350 2369 incudem
363 2330 454 2382 genere.
469 2333 483 2367 u
498 2316 646 2382 Prusnmptio
659 2318 734 2367 auum
751 2318 776 2367 et
787 2329 841 2382 spes
850 2316 943 2383 impor-

133 2393 183 2441 tant
202 2391 289 2439 motum
306 2389 411 2453 ejusdem
426 2390 531 2455 generis,
545 2388 586 2454 qui
597 2390 673 2455 potest
690 2400 740 2440 osse
758 2387 941 2455 retruduntur,

133 2461 171 2513 uei
179 2460 328 2513 inordinatus.
341 2462 369 2512 nt
378 2461 430 2515 ideo
441 2462 588 2527 presumptio
601 2458 708 2513 directius
719 2458 869 2511 connariatur
877 2463 942 2527 spei,

133 2531 200 2597 quim
209 2532 293 2584 imon.
303 2534 362 2583 Num
373 2533 424 2600 spei
432 2534 583 2585 condariatur
590 2532 678 2583 ratione
685 2531 783 2597 propria
791 2530 942 2597 emerentur,

133 2604 193 2654 sicut
205 2603 359 2657 inordinatum
373 2605 490 2669 ordnat03
508 2602 586 2655 timori
598 2606 675 2655 uatem
686 2602 838 2656 sumuntur
848 2604 942 2658 radone

134 2673 269 2728 differentis
283 2676 319 2729 sui
336 2676 435 2741 generis,
452 2675 541 2727 sufficet
553 2679 629 2727 mutus
645 2674 704 2740 spei.

134 2812 237 2859 seientia
250 2812 274 2859 iu
289 2812 390 2867 ablativo
403 2813 526 2873 legendnm
534 2818 586 2875 est,
597 2818 624 2860 ut
632 2826 681 2874 pse·
694 2812 869 2863 cumeissts‘ose
880 2826 941 2876 per-
989 2807 990 2810 ’

136 2874 233 2935 turbate
243 2876 384 2944 maurum
399 2874 553 2954 (occupatiore
567 2876 594 2937 et
607 2870 764 2952 mutius),
777 2883 827 2943 sto,
