1992 3317
164 177 167 182 .
327 137 361 179 nn
378 135 538 180 commun.
786 129 833 180 tet

31 215 118 269 veritus
126 227 178 268 non
188 213 306 269 ,dedinent
322 214 347 268 in
363 224 433 266 unum
444 218 534 280 purtem
546 215 618 279 magn
633 215 702 282 qutun
714 217 740 268 in
753 219 831 270 diurn.

32 290 60 340 Et
68 289 125 340 ideo
140 287 255 350 judicibus
266 286 294 338 de
307 285 398 351 publico
408 290 463 338 nunt
476 286 589 351 stipendio
602 288 684 340 tatoris
697 292 782 342 seinte
791 329 799 355 ‚
809 295 834 345 ct

32 364 104 412 testes
121 359 236 424 accipiunt
246 371 292 412 non
304 357 371 422 quusi
383 357 480 422 pretinm
493 358 634 421 testimonii,
647 362 687 412 ned
702 361 770 424 quani
787 363 835 414 eti-

33 431 145 495 pendium
160 430 252 493 chonis,
267 439 387 494 expensae,
404 430 482 482 reich
496 433 592 496 utreque
603 436 681 496 perte,
694 433 832 486 redebeat

34 517 76 565 que
86 503 239 564 inducuntur·
249 501 303 566 quia
313 513 401 554 «nemo
415 500 497 554 militet
507 501 629 566 stipendiis
642 504 692 556 mnis
699 516 833 569 unquam»

33 578 59 624 ut
68 574 173 624 dicitnrl
182 573 219 624 ad
230 573 301 634 Gor.
308 575 348 626 tx.
357 573 403 624 Sed
414 575 537 626 eduomtnn
545 576 639 626 oltemm
647 580 737 641 purtem
745 577 834 628 tentum

35 645 160 770 ιὶὲΐειιᾱῖιε
153 645 257 700 .etideo
269 644 333 700 licite
349 647 425 710 potest
437 645 535 710 pretium
548 647 651 712 accipere
661 647 676 698 d
687 651 751 712 perte
764 661 832 713 quern

35 730 117 778 epure

284 979 451 1050 odmundo
468 981 595 1054 LXXII.

68 1130 101 1174 De
123 1128 254 1174 uerborum
275 1129 382 1188 injuriis
400 1131 471 1174 extra
480 1129 625 1188 judicium,
644 1134 665 1174 et
675 1130 759 1187 primo
776 1131 805 1176 de

148 1201 312 1250 cuntmncltu,
324 1202 353 1246 im
367 1205 472 1260 quatuor
487 1201 605 1247 articulos
620 1201 710 1248 diotre.

68 1351 156 1403 Deinde
173 1342 360 1400 considerandum
371 1353 406 1400 est
420 1350 447 1400 de
460 1349 551 1414 injuriis
567 1352 698 1415 uerborum,
715 1366 765 1417 que
780 1352 838 1404 inte-

42 1426 117 1472 rnutur
128 1425 194 1473 extra
206 1420 325 1486 judicium.
337 1422 365 1471 Et
378 1425 402 1470 1⁰
415 1420 441 1471 de
451 1421 600 1484 contumelie3
608 1426 635 1472 2⁰
648 1424 677 1473 de
689 1423 836 1488 detractione

42 1498 65 1541 3⁰
77 1495 105 1545 de
120 1493 293 1556 susurratione3
309 1496 334 1542 t⁰
348 1494 376 1544 de
386 1493 506 1556 irrisione3
522 1498 549 1541 5⁰
559 1495 587 1544 dc
597 1493 762 1546 maledictione.

68 1567 97 1617 Et
105 1565 169 1616 circa
181 1565 278 1629 primum
289 1568 420 1629 queruntur
428 1568 525 1628 quatuor
532 1581 538 1614 ε
546 1569 571 1618 1⁰
581 1565 640 1624 Quid
649 1567 680 1616 sit
690 1569 837 1619 contumelia.

42 1643 65 1686 2⁰
81 1637 162 1690 Uirium
182 1638 257 1687 omnis
270 1635 404 1686 contumelia
419 1635 449 1686 sit
461 1639 578 1700 pometum
590 1638 692 1688 mortale.
713 1642 739 1686 3⁰
759 1638 838 1690 Utrinm

43 1713 145 1774 oportent
160 1707 339 1760 contumeliosos
352 1707 483 1772 reprimere.
500 1711 525 1758 [ιο
536 1709 569 1759 ite
581 1707 672 1772 origine
687 1710 836 1761 matoneum.

343 1877 501 1930 nectendus
516 1878 536 1929 Ι.

198 2005 282 2052 Uirium
292 2003 435 2050 contumelio
443 2005 556 2050 oooeietat
565 2004 592 2048 iit
599 2000 684 2051 nette.

74 2137 105 2186 dd
118 2135 221 2201 primum
235 2133 268 2182 sic
279 2131 408 2196 proceditur
421 2130 461 2196 (t).
469 2131 564 2182 Videtur
577 2131 637 2196 qudd
650 2131 783 2183 contumelio
794 2148 839 2185 non

47 2207 152 2258 consistet
165 2207 190 2256 in
202 2203 288 2254 uerbis.
303 2201 442 2271 Contumelia
451 2203 514 2254 enim
526 2202 634 2265 importet
643 2205 755 2268 quoddam
768 2219 840 2259 nocn-

47 2283 141 2328 mentum
156 2276 263 2342 prouimo
273 2275 373 2334 illatum,
388 2273 439 2324 edm
456 2274 568 2338 pertineat
590 2275 619 2324 ad
630 2274 775 2339 injustitiam.
795 2280 840 2329 Sed

47 2351 111 2402 rcrhn
125 2350 213 2405 nulium
234 2350 395 2398 nocumentum
410 2347 516 2397 uidentur
529 2346 613 2396 inferre
629 2348 731 2412 proximo
738 2385 748 2412 ,
762 2351 840 2400 necin

48 2434 138 2484 persona
152 2433 196 2471 nec
205 2419 229 2470 in
242 2418 319 2468 rebus.
334 2419 391 2480 Ergo
401 2416 538 2468 contumelia
547 2430 593 2467 non
603 2419 707 2469 consistit
720 2420 744 2471 iu
755 2422 839 2473 uerbis.

76 2497 98 2542 t.
111 2493 236 2550 Praetereo,
251 2489 387 2540 contumelia
402 2489 491 2539 uidetur
507 2491 535 2540 nd
551 2490 670 2552 quemdem
684 2491 841 2544 dehonoratio·

49 2577 96 2615 nem
111 2563 237 2629 pertinere.
250 2561 295 2611 Sed
308 2561 380 2622 magis
398 2559 479 2624 eiiquis
493 2564 570 2624 potest
582 2560 710 2612 inhonorari
722 2577 764 2613 seu
782 2564 841 2614 uitu-

49 2637 118 2698 pereri
138 2637 205 2687 sectis
225 2633 294 2698 qn'am
307 2631 391 2684 verbis.
406 2633 463 2694 Ergo
476 2633 566 2682 uidetur
579 2632 637 2698 qudd
648 2634 784 2685 contumelia
793 2649 841 2686 nnn

51 2710 155 2760 consistat
166 2707 193 2758 in
204 2705 289 2766 verbis,
304 2705 343 2754 sed
357 2703 429 2766 magis
442 2702 467 2752 in
480 2702 556 2757 sectis

80 2815 156 2876 (i)lte
177 2818 214 2863 htu
229 2815 299 2862 etiem
315 2814 383 2872 iniri,
397 2825 437 2871 qu.
457 2811 497 2870 73,
512 2819 555 2859 en.
577 2813 606 2867 1;
600 2821 645 2861 ct
662 2828 731 2875 nuper
750 2818 839 2866 Peotm.

52 2879 228 2942 Xidllfflenlm
221 2878 404 2928 Quaenam
418 2876 647 2940 1‚tect.,.iteott.·
