1992 3317
105 99 156 154 titt
218 114 327 155 mennon
343 113 472 159 secunus,
483 113 574 160 oense.
591 116 665 164 mr,
681 113 738 154 unu.
756 116 786 154 rr.

104 197 140 244 est
151 191 244 244 interior
257 193 333 256 passio
347 205 413 256 quam
428 192 496 242 habet
510 192 562 256 quis
573 192 602 242 ad
616 191 720 256 divitias,
735 193 760 242 iu
775 191 810 242 eis
825 191 904 244 deiec-

103 266 229 328 tatus.tnd
250 264 406 316 liberalitatem
429 267 504 315 autem
519 264 619 328 pertinet
639 265 750 316 moderari
773 264 905 316 interiorem

103 338 250 402 passionem,
261 341 287 386 ut
298 337 385 388 scilicet
394 336 475 400 aliquis
485 349 532 387 uon
541 337 713 401 superexcedat,
724 336 905 400 concupiscendo
933 325 944 346 ‘

107 411 233 462 etamnudo
245 409 336 460 divitius
345 425 351 474 ;
360 406 389 460 en
396 411 440 459 troo
451 408 512 460 enirn
523 407 622 459 efficitur
629 409 698 460 borno
707 408 773 460 facile
783 408 904 460 amisnirus

108 481 247 532 diuitiarum.
266 482 330 532 Unde
348 481 367 531 si
383 483 452 531 bomo
471 481 509 532 det
526 480 616 544 aliquod
635 481 720 531 donum
737 492 864 543 magnum,
882 484 905 531 et

106 556 183 603 tamen
201 565 251 601 oum
272 552 367 616 quadam
385 551 569 616 eoncupiscentia
582 551 710 613 retinendi,
727 550 788 601 datio
806 565 853 602 non
871 555 905 603 est

103 621 212 674 liberetis.
227 623 271 674 Sed
288 636 317 674 ex
333 625 398 688 parte
415 624 533 674 exterioris
548 621 609 686 dati,
623 622 713 673 collatio
728 622 834 673 beneficii
848 637 905 688 per-

103 697 161 746 tinet
173 695 198 746 in
213 696 312 760 generali
329 697 357 747 ad
372 696 493 746 amicitiam
508 696 545 747 rel
561 695 705 747 charitatem.
720 695 786 746 Unde
796 697 843 746 hoc
854 710 901 747 non

104 767 197 830 derogat
214 766 339 830 amicitiae,
354 767 373 818 si
393 767 474 832 aliquis
493 780 541 818 rem
554 780 622 831 quam
638 765 778 831 concupiscit
791 766 889 818 retinere
897 805 905 832 ‚

104 839 142 888 dut
159 837 224 888 alteri
238 841 330 904 propter
342 852 457 904 amorem3
473 840 513 890 sed
528 839 599 903 magis
613 851 643 889 en
657 839 701 888 boc
712 837 840 888 ostenditur
851 838 907 887 ami-

105 908 165 960 citis
179 910 298 974 perfectio.

137 981 170 1032 dd
179 983 271 1032 tertium
284 982 418 1047 dicendum,
433 982 492 1048 qndd
507 982 566 1033 sieut
574 981 674 1032 amicitia
689 994 730 1032 seu
743 980 843 1031 charitas
856 995 905 1033 res

104 1053 161 1118 picit
174 1053 199 1104 in
213 1053 322 1106 beneflcio
338 1055 419 1107 collato
438 1067 582 1104 communem
595 1055 706 1104 rationem
720 1052 787 1114 boni,
806 1052 840 1102 ita
852 1054 908 1118 jus-

105 1125 156 1176 titie
164 1126 258 1191 respicit
268 1125 300 1176 ibi
311 1126 423 1177 rationem
438 1125 521 1188 debiti,
533 1124 685 1176 misericordia
695 1123 750 1175 rerb
769 1123 863 1189 respicit
873 1126 907 1176 ibi

105 1196 217 1248 rationem
232 1195 354 1249 relerentis
367 1195 482 1248 miseriam
496 1196 535 1246 rel
549 1197 670 1248 deiectum.

401 1376 562 1428 unrroonos
577 1375 606 1427 rr.
648 1343 653 1347 ’

268 1501 354 1548 Uirium
368 1503 400 1548 sit
419 1503 528 1548 omn-idos
542 1501 746 1558 benefmierrdum.

137 1626 170 1682 dd
183 1627 305 1682 secundari
313 1631 345 1682 sic
352 1629 482 1696 proceditur
489 1629 632 1696 (t).iiidetur
639 1627 699 1692 quubd
710 1642 756 1679 uon
762 1628 792 1679 sit
798 1627 908 1680 omnibus

107 1703 303 1755 benefaciendum.
323 1701 383 1754 nteit
402 1703 463 1754 euim
485 1701 625 1766 Augustinus
645 1701 670 1750 in
687 1701 706 1750 Ι.
725 1701 762 1750 De
784 1700 907 1751 doctrina

109 1775 200 1826 Obrist.
217 1778 276 1840 (cap.
293 1777 328 1840 n),
341 1773 400 1840 qudd
416 1791 429 1822 rr
445 1773 548 1824 erunibus
560 1774 729 1837 prodesseuou
741 1778 872 1836 possumus.
893 1788 908 1820 o

107 1847 151 1897 Sed
166 1847 237 1898 uirtus
251 1861 297 1898 non
311 1847 403 1898 inclinat
415 1847 443 1897 ed
456 1845 607 1911 impossibiie.
620 1845 680 1908 Ergo
697 1857 745 1894 non
759 1846 848 1911 oportet
857 1855 909 1894 onr-

108 1917 328 1969 nibusbeueiucere.

139 1995 163 2039 t.
178 1991 304 2050 Praeterea,
320 1989 424 2054 dicolos,
440 1990 495 2054 xit,
509 1989 591 2039 dicitur
602 2005 608 2040 :
620 2005 634 2037 «
643 1989 676 2038 iia
689 1988 748 2038 hono
761 1985 810 2052 (ti,
825 1990 849 2037 et
859 1996 909 2038 uon

108 2060 204 2124 recipias
224 2063 375 2124 peccatorem.
391 2078 405 2109 u
424 2061 468 2112 Sed
486 2061 552 2110 muiti
567 2060 672 2111 homiues
690 2062 744 2110 sunt
764 2063 907 2124 peccatores.

107 2133 158 2182 Non
173 2145 227 2195 ergo
241 2132 345 2182 omuibus
357 2137 392 2183 est
404 2131 602 2182 benefaciendum.

59 2199 64 2210 “
140 2207 162 2252 s.
178 2203 296 2266 proterea,
311 2220 325 2252 u
334 2203 432 2254 charitas
443 2217 489 2254 non
500 2203 546 2267 ugit
556 2217 682 2269 perperam,
694 2219 708 2250 o
719 2206 746 2252 ut
758 2201 839 2252 dicitur
850 2203 860 2252 i
872 2203 910 2253 ud

109 2275 178 2332 Cor„
194 2275 254 2324 iiiii.
268 2275 313 2326 Sed
332 2275 466 2327 benefacere
483 2276 617 2340 quibusdam
634 2279 670 2327 est
689 2288 755 2338 agere
768 2287 907 2340 perperam,

107 2345 162 2409 putir
176 2345 195 2396 si
209 2345 290 2410 aliquis
303 2347 416 2399 benefacit
427 2347 526 2398 inimicis
539 2346 683 2412 reipublice,
696 2346 733 2396 rei
745 2346 766 2396 si
775 2346 911 2397 benefaciat

107 2417 312 2484 excommunicato,
327 2419 380 2483 quia
391 2432 433 2485 per
447 2421 491 2471 lroc
502 2419 524 2470 ei
539 2419 698 2470 communicat.
712 2418 780 2482 Ergo,
796 2415 848 2469 edm
862 2417 908 2468 be·

112 2552 117 2560 ’
139 2561 170 2625 (i)
185 2565 218 2610 Ite
233 2563 348 2610 bisetium
361 2566 403 2624 111,
418 2565 496 2615 Scot..
508 2565 562 2612 dist.
582 2565 622 2627 15,
634 2579 675 2624 qu.
693 2565 717 2625 2,
731 2569 776 2611 art.
791 2563 815 2622 6,
831 2576 912 2622 qums·

105 2623 177 2673 tinne.
191 2627 218 2683 33
233 2628 422 2687 etoporc.,1V,
434 2639 486 2684 cup.
497 2629 521 2675 8.

140 2697 171 2770 (2)
187 2702 225 2746 Ut.
240 2699 328 2746 versi
345 2699 423 2747 ridere
438 2706 487 2759 est,
502 2707 526 2746 et
537 2699 611 2758 grece
623 2705 657 2768 τῷ
677 2698 768 2771 ἀγαθῶ,
779 2698 822 2744 sed
841 2699 910 2756 pride

106 2771 167 2817 iero.
178 2769 203 2830 i,
217 2771 388 2822 misericordi,
399 2771 472 2828 grece
489 2776 570 2816 auteur
580 2769 683 2840 εὖοιςεῖ,
698 2772 743 2817 boe
757 2777 796 2816 est
807 2773 868 2831 pto,
883 2779 912 2818 ut

106 2846 130 2888 et
142 2851 203 2887 reus.
214 2841 229 2886 2
242 2841 364 2890 similiter:
379 2841 485 2903 Beoesoc
493 2843 548 2903 pio.
558 2842 633 2889 sedin
646 2843 843 2902 Vulgatm‘sttto.
