1992 3317
344 137 375 178 DE
387 135 556 176 umbem.
804 129 850 176 525

48 213 68 264 ei
79 211 120 277 qui
131 215 166 264 est
175 211 199 263 in
210 215 310 264 extrenm
318 213 464 266 necessitate.
477 213 539 265 llius
546 215 623 264 autem
630 212 785 280 eleemosynas
793 215 846 266 dare

7 313 8 348 ι
47 283 845 348 estiucousilio‚sicutetdequolibetmelioribonodanturconsilia.

7 349 8 376 ¹
76 355 111 404 lld
121 354 220 418 primum
234 368 288 418 ergo
298 355 418 406 dicendum
424 393 432 419 ,
443 355 504 419 qubd
517 355 594 406 Daniel
605 356 738 420 loquebatur
748 357 797 420 regi
810 356 850 420 qui

45 439 94 476 non
103 429 153 476 eret
165 424 212 489 legi
222 426 261 476 bei
275 426 406 490 subjectus.
416 431 439 478 et
452 426 487 477 ide
513 439 541 477 ea
552 440 604 491 quse
620 426 737 492 pertinent
748 429 776 479 ad
789 441 848 492 prse-

45 500 140 562 ceptum
157 497 216 560 legis
229 510 297 561 quam
308 511 353 549 nou
363 439 524 563 profitebatffm
536 502 600 548 eruut
613 501 634 548 el
646 500 793 564 proponenda
807 512 849 563 per

44 569 140 620 modum
155 569 255 620 consilii.
269 569 311 620 Vel
324 573 399 633 potest
407 569 467 633 dici,
477 569 537 632 quod
552 570 685 633 loquebatur
698 569 786 620 iucasu
796 569 845 633 illo,

43 640 124 703 inquo
143 640 197 690 dare
211 640 377 706 eleemosynam
390 653 436 691 non
449 641 520 690 estin
534 643 654 704 precepto.

77 711 113 761 lid
124 711 250 761 secundnm
260 712 394 775 dicendum,
407 711 468 775 qubd
478 712 537 761 bona
553 711 686 776 temporalia
697 725 748 775 quae
760 702 850 762 homini

46 783 159 834 diuinitus
175 782 334 848 conteruntur,
350 785 399 848 ejus
412 784 503 847 quidem
517 787 571 833 sunt
583 787 694 847 quantum
707 785 736 834 ad
745 784 850 848 proprie·

46 859 137 918 tatem3
157 854 199 904 sed
215 857 323 918 quantum
338 856 365 904 ad
384 869 451 904 usum
464 868 510 904 nou
525 853 598 904 solum
614 855 697 904 debent
712 868 762 905 esse
782 855 847 919 ejus,

47 926 165 978 sedetiam
178 925 273 976 aliorum
282 925 322 990 qui
332 940 361 977 ea
370 926 404 977 eis
419 925 542 976 sustentari
552 927 814 989 possunt,e1‘eoquod
827 927 850 977 ei

47 997 177 1062 superfluit.
190 998 253 1048 Unde
262 997 357 1048 Basilius
366 997 422 1048 dicit
433 996 484 1058 (llz
501 1013 515 1043 ιι
521 995 544 1046 Si
556 995 634 1046 lateris
644 1008 672 1046 ee
685 995 725 1046 tibi
738 995 849 1048 divinitus

46 1067 181 1132 prouenisse
192 1067 291 1133 (scilicet
297 1067 430 1132 temporalia
439 1067 518 1129 bonel,
527 1079 557 1116 an
570 1066 669 1132 injustus
679 1071 715 1117 est
725 1067 783 1116 deus
790 1067 847 1119 ine·

46 1137 144 1203 qualiter
158 1151 195 1190 res
208 1138 274 1189 nobis
284 1138 424 1190 distribuens
435 1154 440 1186 ι
450 1138 496 1188 Cur
510 1140 536 1188 tu
545 1138 655 1199 abundas,
666 1138 704 1190 ille
715 1136 769 1188 verb
782 1151 847 1190 men·

46 1210 122 1274 dicet,
138 1208 185 1260 nisi
198 1213 224 1259 ut
237 1214 263 1260 ts
276 1210 342 1262 bone
353 1208 530 1274 dispensationis
544 1209 623 1259 merita
636 1210 783 1273 consequaris
791 1226 798 1272 3
807 1209 847 1260 illc

46 1280 103 1332 verb
120 1281 240 1346 patientie
252 1281 337 1332 bruniis
349 1281 476 1332 decoretur.
491 1283 533 1332 Est
550 1282 618 1346 panis
628 1281 728 1333 famelici
740 1295 808 1345 quem
821 1284 847 1331 tu

47 1356 131 1416 tenes;
146 1353 202 1402 nudi
216 1353 307 1416 tunica,
322 1365 389 1417 quam
406 1353 428 1402 in
444 1354 546 1404 conclavi
563 1367 698 1417 couserrasr
715 1351 847 1404 discalceati

46 1425 149 1486 cdceus,
164 1424 204 1486 qui
216 1436 289 1488 penes
311 1427 333 1474 te
356 1425 489 1488 marcescit3
505 1424 628 1487 indigentis
644 1427 775 1487 argeutum,
787 1425 848 1488 quod

44 1493 152 1558 possides
163 1494 312 1545 inhumatum.
323 1495 435 1554 Quocirca
448 1499 482 1548 tot
494 1495 611 1559 injuriaris
623 1499 679 1558 quot
686 1495 740 1544 dare
753 1496 847 1546 vales.»

43 1568 74 1617 lit
82 1569 128 1616 boc
136 1565 198 1616 idem
206 1566 260 1616 dicit
267 1566 405 1631 Ambrosius,
412 1567 537 1618 ulbebetur
543 1566 686 1629 inllecretis,
695 1566 847 1629 distinctt‘l,

44 1637 129 1688 XLVII
144 1637 210 1701 (cap.
223 1639 297 1688 Sicut
311 1637 354 1702 it).

79 1710 116 1760 ad
126 1709 219 1760 tertium
234 1710 363 1773 dicendum,
377 1709 437 1774 qubd
448 1714 483 1762 est
493 1708 584 1772 aliquod
594 1713 686 1772 tempus
694 1709 759 1769 dare,
772 1709 797 1757 in
804 1721 851 1770 quo

44 1781 175 1833 mortaliter
189 1785 269 1845 peccat-
284 1781 304 1831 si
317 1781 483 1846 eleemosynam
497 1782 552 1831 dare
567 1781 667 1830 omittet.
682 1780 716 1828 llx
725 1783 788 1844 perte
800 1778 851 1841 qui-

41 1855 96 1905 dern
117 1851 270 1915 recipientis,
284 1851 335 1902 cium
352 1856 444 1916 apparet
461 1851 556 1902 euidens
574 1855 598 1902 et
611 1863 694 1914 urgens
712 1849 847 1910 necessitas,

42 1940 90 1977 nec
104 1928 201 1990 apparet
209 1924 233 1974 in
243 1929 350 1988 promptu
358 1927 398 1988 qui
411 1923 433 1974 ei
443 1924 570 1974 subveniat,
582 1922 617 1972 lix
627 1926 691 1986 parte
698 1920 753 1972 verb
764 1921 847 1985 dentis,

43 1998 100 2048 cbrc
120 1996 205 2046 babeat
219 1998 346 2061 superflua,
360 2009 410 2059 quse
424 1994 550 2046 secundun
560 1998 643 2044 statum
654 1997 788 2057 presentem
802 2005 850 2043 nou

44 2072 101 2122 sunt
115 2067 162 2118 sibi
173 2068 300 2118 necessaria
311 2106 316 2128 ,
329 2071 396 2132 prout
415 2066 563 2131 probabiliter
582 2064 689 2116 estimari
705 2068 789 2130 potest.
802 2065 850 2115 Nec

45 2143 141 2206 oportet
153 2139 214 2203 qubd
233 2139 361 2190 consideret
380 2151 458 2191 omnes
473 2151 540 2188 cesus
561 2137 601 2200 qui
613 2142 708 2200 possunt
720 2135 851 2199 contingere

45 2216 72 2265 in
82 2213 202 2275 iuturum;
218 2213 262 2262 boc
272 2212 333 2262 enini
344 2214 405 2261 esset
416 2211 444 2260 de
460 2210 558 2260 ommino
571 2209 685 2273 cogitare,
700 2208 762 2271 qnod
775 2206 850 2257 llomi·

43 2299 91 2337 nus
105 2283 227 2348 probibet,
242 2283 341 2340 Matri..
361 2283 400 2332 tl.
414 2282 458 2334 Sed
469 2282 552 2333 debent
560 2280 679 2345 dijudicari
688 2279 849 2344 superfluum

44 2361 70 2408 et
81 2355 264 2408 necessarium,
277 2352 401 2404 secuuddm
416 2365 442 2404 ea
452 2365 503 2416 quae
515 2351 659 2417 probabiliter
669 2355 696 2401 ut
708 2351 734 2401 in
745 2349 849 2415 pluribus

44 2430 181 2482 occurrunt.

78 2501 114 2552 bd
128 2501 234 2562 quartum
254 2497 389 2560 dicendum,
404 2495 466 2560 qnbd
482 2497 556 2548 omnis
568 2495 689 2546 subventio
704 2493 802 2560 proximi
814 2506 851 2544 re⁴

45 2571 139 2624 ducitur
161 2571 189 2621 ad
208 2573 347 2634 preceptum
366 2570 393 2620 de
413 2568 561 2619 honoratione
582 2570 709 2632 parcium.
730 2566 768 2617 sic
788 2564 850 2615 enim

80 2733 115 2798 (l)
129 2737 157 2782 ln
171 2737 282 2782 Sermone
291 2734 331 2792 qni
346 2732 494 2778 inscribitur:
508 2731 546 2777 Ad
559 2743 645 2777 oocroe
656 2731 760 2780 dimus,
773 2734 798 2774 et
807 2728 848 2773 ba·

44 2803 116 2848 betur
127 2799 153 2844 in
165 2799 204 2844 ille
214 2799 287 2844 verbe
299 2798 373 2846 Luc„
383 2797 425 2842 XII
435 2811 441 2839 ε
456 2795 585 2841 Destreoom
595 2796 684 2841 borres
697 2806 750 2840 meu
764 2797 786 2838 et
798 2803 850 2835 mo·

40 2865 103 2925 iuro
115 2863 221 2924 {otim
232 2865 289 2913 ete..
302 2866 329 2908 ut
338 2859 433 2918 quidum
444 2857 510 2906 disee
519 2858 585 2920 dicit,
597 2871 659 2906 rere.
670 2856 710 2903 le.
721 2897 725 2902 .
