1992 3317
115 180 162 229 lit
241 191 349 231 secunus
365 190 495 242 secururs,
513 188 604 237 consu.
623 192 654 240 u,
672 190 725 230 rur.
745 192 789 231 vn.

982 320 983 371 l

982 392 983 431 l

403 358 562 409 lauicanos
577 359 626 409 vll.
641 372 644 379 ’

121 481 206 525 Utrum
223 480 331 539 expliciti
349 480 443 525 credere
461 479 602 535 mysterium
619 478 795 525 iucarnationis
819 480 935 538 coristi,

277 542 757 598 naneneceeeilaiesaluatrapudomaes.
982 568 983 611 3

151 667 184 716 ld
196 660 316 729 septimum
328 664 361 714 sic
372 663 502 726 proceditur
513 664 556 727 (l).
568 662 661 713 Videtur
672 662 733 727 qnod
744 663 839 729 credere
851 668 936 733 expli·
982 648 983 729 1

121 735 165 788 cite
184 734 318 800 mysterium
339 734 501 785 iucarnationis
520 734 605 785 Christi
621 748 665 785 non
684 734 714 784 sit
738 736 766 785 de
784 738 937 791 necessitate
982 740 983 811 1

122 806 202 857 salutis
212 805 271 871 apud
285 818 372 855 omues.
388 806 438 855 Non
448 807 511 855 euim
521 808 612 856 tenetur
624 808 694 875 homo
709 804 816 871 explicite
832 811 936 862 credere
982 812 983 883 1

121 892 149 929 ea
162 891 212 941 quae
229 877 308 941 angeli
324 877 447 941 ignorant3
459 877 513 940 quia
530 876 649 941 explicatio
664 876 717 927 iidei
731 877 756 926 lii
774 892 815 941 per
832 881 937 931 revela·
982 892 983 935 1

121 951 208 1001 tionem
224 949 337 1011 diuinam,
356 962 407 1013 pua
427 948 532 1013 pervenit
546 949 573 1001 ad
591 949 695 1001 homines
709 948 865 1001 mediantibus
888 967 934 1003 au·
982 948 983 1017 1

122 1022 191 1085 pelis,
202 1025 227 1071 ut
240 1022 324 1071 dictum
334 1025 378 1071 est.
387 1022 432 1071 Sed
446 1022 514 1070 ctiam
528 1020 601 1085 angeli
614 1021 746 1085 mysterium
755 1022 935 1077 incarnationis
982 1022 983 1085 ζ

122 1094 282 1158 ignoraverunt
292 1110 299 1141 z
310 1094 370 1143 nude
381 1093 512 1156 quaerebant
528 1092 552 1141 iu
564 1092 629 1143 Psoi.
644 1092 713 1142 lilllll
728 1106 733 1140 ε
746 1108 759 1138 ιι
769 1090 825 1149 Quis
837 1097 875 1143 cst
888 1096 938 1148 iste
982 1098 983 1149 l

123 1178 162 1215 rex
181 1164 275 1229 gloriani
291 1181 305 1212 ιι
321 1165 352 1213 lit
371 1166 429 1219 leo..
451 1162 521 1214 Lxlll
537 1179 542 1211 :
561 1180 574 1211 ιι
591 1163 645 1221 Quis
662 1167 697 1213 est
711 1162 754 1212 iste
767 1161 807 1225 qui
819 1164 889 1215 veuit
905 1170 937 1219 de
982 1162 983 1243 1

123 1235 212 1286 lidoml
227 1253 241 1282 u
257 1239 283 1285 ut
296 1235 418 1299 Dionysius
431 1234 524 1299 exponit
540 1232 595 1296 llll,
607 1246 657 1299 cap.
680 1232 774 1283 conieci.
789 1234 864 1285 Hier.
883 1238 893 1302 (
914 1240 935 1302 ).
982 1244 983 1289 1

124 1306 181 1369 Ergo
196 1307 223 1356 ad
242 1306 378 1355 credendum
391 1304 500 1369 explicite
512 1302 644 1369 mysterium
658 1304 827 1354 incarnationis
841 1306 939 1359 Christi
982 1296 983 1369 1

125 1376 228 1427 homines
240 1390 286 1427 nou
299 1378 441 1427 tenebantur.
982 1370 983 1415 1

155 1453 179 1497 2.
194 1450 320 1511 praterea,
339 1452 429 1499 constat
443 1450 537 1499 Beatum
552 1450 662 1499 loannem
672 1446 798 1512 Baptistam
810 1448 839 1499 de
858 1454 941 1517 majo·
982 1444 983 1519 1

125 1520 187 1571 ribus
207 1521 293 1584 luisse,
314 1524 337 1570 et
350 1521 568 1585 propinquissimum
588 1521 690 1585 Christ03
707 1521 734 1569 de
755 1534 800 1584 quo
820 1523 941 1579 Dominus
982 1536 983 1581 1

77 1580 84 1589 “
126 1593 181 1644 dicit
198 1593 300 1654 Mollia„
313 1592 344 1643 Xl
360 1608 366 1642 :
384 1610 398 1640 ιι
411 1594 473 1643 luter
487 1596 554 1643 natos
569 1592 690 1643 mulierum
711 1592 787 1642 nuilus
806 1595 883 1659 major
908 1614 939 1650 eo
982 1584 983 1653 1

126 1666 266 1717 surrexit.»
287 1666 333 1716 Sel
349 1666 449 1716 loannes
464 1665 568 1729 Baptista
591 1678 637 1714 non
650 1662 739 1714 ridetur
762 1664 941 1721 incarnationis
982 1654 983 1701 1

127 1737 211 1788 Christi
223 1737 357 1802 mysterium
373 1735 480 1800 explicite
493 1736 639 1799 cognovisse,
656 1750 708 1786 cnm
727 1735 739 1785 a
755 1736 848 1788 Christo
864 1754 939 1803 qum.

127 1810 189 1860 sierit
202 1824 208 1858 :
220 1809 277 1858 «Tu
291 1823 316 1859 es
331 1810 370 1873 qui
382 1812 492 1858 ueniamus
508 1820 548 1868 es,
564 1821 594 1857 an
613 1806 682 1856 alinum
698 1810 864 1871 expectamus?
881 1829 898 1859 n
911 1820 940 1864 ul

127 1881 222 1929 habetur
237 1878 337 1937 Metti..
353 1879 393 1929 xl.
408 1880 467 1944 Ergo
478 1892 525 1928 non
538 1880 674 1929 tenebantur
685 1878 755 1929 ctiam
767 1880 887 1945 majores,
906 1887 937 1936 acl

127 1951 254 2000 habendum
267 1948 396 2013 explicitam
410 1950 477 1999 ilrlem
491 1951 519 1999 de
533 1950 635 2000 Christo.
982 1984 983 1991 1

162 2027 184 2070 3.
199 2022 324 2082 Preterea,
341 2020 406 2069 inulti
420 2020 543 2070 Gentilium
561 2020 636 2085 adepti
653 2026 705 2071 suut
722 2020 818 2071 salutem
834 2036 877 2089 per
891 2030 941 2077 mi-

130 2092 248 2143 nisterium
261 2092 405 2154 angolorum,
417 2095 443 2141 ut
455 2090 579 2156 Dionysius
595 2091 649 2141 dicit
661 2092 699 2142 lll.
716 2105 765 2155 cap.
781 2091 841 2143 coel.
862 2097 939 2149 Hier.

130 2164 175 2213 Sed
188 2163 287 2213 Gentiles
301 2176 346 2213 nou
358 2163 485 2212 habuerunt
496 2162 562 2212 lrrlem
579 2164 606 2213 de
620 2162 722 2225 Christo,
734 2176 776 2213 uec
786 2164 937 2232 explicitam,
982 2172 983 2263 1

131 2248 174 2285 nec
183 2234 315 2299 implicitam
324 2272 330 2295 ,
340 2238 367 2283 ut
383 2234 487 2296 ridetur3
500 2234 553 2298 quia
567 2235 629 2284 nulla
640 2234 673 2284 eis
686 2234 795 2285 revelatio
806 2236 870 2287 lacta
881 2240 939 2292 luit.
982 2264 983 2299 1

132 2306 191 2369 Ergo
204 2306 294 2356 uidetur
302 2307 361 2369 qnod
375 2306 466 2355 credere
476 2304 584 2369 explicite
596 2305 760 2357 incarnationis
772 2306 860 2357 Christi
871 2324 942 2375 mys·
982 2300 983 2395 1

131 2379 213 2428 terium
225 2390 271 2427 non
282 2378 350 2427 inerit
366 2376 470 2427 omnibus
490 2377 646 2427 necessarium
660 2379 687 2427 ad
703 2378 807 2428 salutem.
982 2416 983 2433 1

162 2449 207 2499 Sed
221 2452 296 2499 contra
313 2453 362 2512 est,
377 2449 438 2511 quod
454 2449 593 2511 Augustinus
605 2448 660 2499 dicit
675 2448 699 2498 in
713 2449 753 2499 lib.
772 2452 807 2499 De
825 2451 945 2519 Correp-
982 2434 983 2503 1

134 2522 201 2571 tione
214 2527 237 2571 et
249 2522 337 2585 qratia
350 2536 356 2569 :
371 2537 385 2568 ιι
398 2520 442 2571 illa
459 2520 516 2571 lidos
532 2533 588 2571 sana
601 2521 635 2570 est
654 2534 697 2585 qua
714 2520 827 2571 credimus
845 2523 943 2575 nullum

168 2652 200 2715 (l)
215 2656 249 2701 ite
259 2655 295 2700 luis
304 2654 374 2700 eliam
382 2654 407 2699 in
415 2655 457 2713 lli,
467 2654 545 2703 Seni„
556 2654 609 2699 dist.
620 2652 660 2711 25,
672 2664 711 2711 qu.
725 2653 739 2697 Ξ
746 2686 752 2713 ,
762 2660 806 2700 art.
817 2654 848 2715 Ξ,
861 2668 947 2714 quaes·
982 2652 983 2719 1

134 2715 889 2776 uuna.s;ecqu.o,art.s;uaea1v,Seoc.,orsc.o,qu.
913 2722 945 2771 Ξ,
982 2728 983 2775 1

136 2786 179 2825 art.
190 2781 219 2839 ἰ,
230 2780 368 2837 quantinus.
379 2778 406 2833 t;
422 2784 448 2824 et
457 2778 490 2823 od
502 2778 587 2829 Hele„
597 2781 640 2838 x1‚
652 2780 707 2827 lect.
719 2779 747 2840 ἢ,
761 2780 843 2826 nemus
854 2782 943 2830 linem.
982 2796 983 2835 1

167 2848 244 2913 121111
264 2853 417 2907 Hieronymus
437 2860 530 2906 nmque
549 2850 574 2895 in
589 2863 642 2897 eum
661 2852 738 2897 locum
758 2852 881 2913 insinuat,
898 2857 944 2901 ubi
982 2852 983 2889 ἶ

135 2915 234 2972 explicat
246 2916 324 2963 iidem
335 2912 472 2971 sangninem
480 2912 603 2969 passionis.
982 2912 983 2943 3
