1992 3317
382 201 414 238 na
426 201 528 240 ruvinia.
587 191 590 196 '
809 191 865 251 sat,

55 274 159 341 speciem
170 273 280 339 tristitie,
290 279 315 326 et
326 275 381 328 dicit
394 277 478 340 quddu
492 277 578 328 invdia
591 281 628 328 est
638 277 730 329 tristitia
739 280 768 330 de
776 280 857 331 alienis

55 347 130 400 honis.
147 363 162 394 u

89 421 289 485 (Coucuusro-
302 421 390 472 invidia
404 425 440 472 ost
452 423 546 473 tristitia
557 425 584 474 de
593 424 655 474 hono
665 424 776 488 proximi,
790 427 859 488 prout

54 492 174 556 proprium
185 491 268 542 malum
283 491 421 554 aestimatur,
435 498 459 544 et
475 495 634 546 diminutivum
647 497 733 560 proprii
745 496 822 558 honi.)

87 565 228 628 Respondes
247 565 377 628 dicendum,
394 565 454 630 qudd
473 567 586 630 obiectum
607 567 706 618 tristitia
723 574 757 618 est
774 570 858 620 malum

56 636 186 699 proprium.
201 635 318 698 Contingit
333 637 441 687 autemid
454 640 513 700 quod
524 640 562 688 cst
575 639 674 689 alienum
681 640 765 690 honum
778 654 859 705 appro-

56 705 129 759 handi
150 711 175 754 ul
190 707 273 756 malum
287 707 416 772 proprium3
431 711 454 758 et
473 709 597 759 secundnm
611 712 654 760 hoc
668 713 695 760 do
708 711 768 761 hono
785 712 860 762 alieno

57 781 201 843 potestesse
215 778 315 828 tristitia.
334 780 378 830 Sed
391 781 435 830 hoc
455 780 565 844 ‹contingit
578 781 711 844 dupliciter:
725 797 771 833 uno
782 784 857 844 modo,

58 850 153 913 qnando
170 849 221 912 quis
238 849 340 899 tristatur
353 850 381 900 de
396 853 456 901 hono
472 851 584 915 alicujus,
597 852 741 915 inquantum
757 853 860 904 imminet

57 922 103 974 sihi
120 935 151 972 ex
166 923 210 972 hoc
227 921 353 984 periculum
372 922 469 986 alicujus
487 923 632 986 nocumenti3
649 924 707 974 sicut
721 923 772 974 edm
791 926 860 976 homo

58 994 165 1046 tristatur
179 995 206 1044 de
218 993 356 1044 exaltatione
368 993 454 1045 inimici
469 995 521 1054 sui,
535 995 618 1044 timens
632 1008 661 1045 ne
676 1008 728 1046 erim
743 996 816 1046 ludat.
830 997 861 1046 lit

57 1065 113 1117 talis
134 1063 225 1114 tristitia
244 1077 289 1114 non
303 1069 337 1114 est
354 1064 455 1128 inuidia,
472 1067 510 1116 sed
530 1067 601 1130 magis
617 1066 821 1129 timoriseiiectus‚
835 1070 861 1116 ut

58 1137 215 1200 Philosophus
223 1135 278 1186 dicit
290 1135 314 1186 iu
324 1137 343 1186 ll
355 1137 452 1188 litetur.
470 1137 518 1188 llio
529 1140 596 1189 modo
606 1140 691 1189 honum
701 1139 793 1189 alterius
801 1139 862 1188 resti·

58 1211 138 1260 matur
151 1211 177 1256 ut
194 1207 277 1257 malum
290 1208 404 1271 proprium
422 1209 569 1272 inquantum
587 1211 622 1261 est
637 1209 794 1261 diminutivum
807 1223 860 1273 pro·

56 1277 116 1346 pris
139 1278 216 1342 glorias
233 1280 269 1329 vel
285 1279 442 1342 excellentie3
458 1284 482 1330 et
500 1283 544 1332 hoc
561 1282 628 1332 modo
645 1282 673 1332 de
691 1282 751 1332 hono
769 1281 861 1332 alterius

59 1353 165 1402 tristatur
178 1349 271 1401 invidia.
290 1351 319 1400 lit
333 1350 382 1401 ideo
396 1351 510 1416 precipui
525 1353 552 1402 de
566 1352 611 1404 illis
624 1352 690 1404 honis
703 1352 809 1403 homines
820 1353 862 1402 iu-

56 1425 158 1482 vident,
171 1420 197 1470 in
210 1421 291 1484 quihus
310 1425 344 1471 est
361 1423 442 1486 gloria,
458 1440 471 1471 u
490 1424 552 1474 etin
568 1424 651 1487 quibus
666 1424 770 1474 homiues
783 1428 861 1474 amant

56 1491 169 1546 honorari
187 1496 210 1542 et
226 1493 251 1542 iu
270 1492 375 1557 opinione
391 1507 457 1557 essa,
479 1510 492 1540 u
508 1498 533 1544 ut
549 1496 701 1558 Philosophus
718 1495 774 1545 dicit
793 1496 817 1545 in
839 1496 860 1545 ll

56 1568 162 1621 illector.

93 1639 128 1690 nd
140 1635 239 1702 primurn
249 1648 303 1699 crgo
315 1633 435 1686 dicendum
443 1673 450 1699 ,
459 1635 520 1700 quiid
532 1636 590 1688 nihil
602 1637 708 1700 prohibat
721 1637 744 1686 id
756 1639 815 1700 quod
829 1641 864 1688 est

57 1715 150 1764 honum
173 1709 228 1770 uni,
244 1709 381 1772 apprehendi
399 1711 424 1758 ut
438 1709 522 1758 malum
541 1707 615 1758 alteri.
636 1707 805 1768 litsecundirm
819 1710 863 1759 hoc

55 1781 156 1838 tristitia
167 1785 242 1845 potest
255 1793 306 1831 esse
317 1779 344 1830 de
355 1781 423 1844 hono,
440 1783 466 1829 ut
479 1779 564 1829 dictum
575 1784 620 1830 est.

93 1855 128 1906 hd
144 1853 268 1903 secundum
293 1852 427 1910 dicendum,
446 1850 506 1914 qudd
522 1849 575 1914 qnia
591 1850 675 1900 inuidia
697 1854 733 1899 est
749 1849 777 1900 do
795 1849 864 1913 gloria

59 1925 167 1987 alterius
181 1924 324 1986 inquantum
338 1921 443 1972 diminuit
452 1922 545 1986 gloriam
554 1935 622 1986 quam
634 1923 685 1985 quis
695 1922 794 1986 appetit,
809 1935 864 1971 con-

60 2009 166 2062 sequens
178 1999 213 2044 est
231 1997 256 2044 ut
268 1994 296 2044 de
308 1993 355 2043 illis
371 1993 458 2043 tanthnr
469 1992 554 2051 inuidia
570 1993 692 2057 habeatnr,
705 1993 787 2056 quihus
796 1994 864 2042 homo

60 2071 116 2122 uult
129 2081 156 2118 se
169 2067 302 2129 equareuel
312 2065 418 2130 praitoria
431 2066 456 2114 in
467 2065 548 2127 gloria.
561 2065 608 2114 llos
619 2068 694 2115 autem
707 2078 753 2114 non
764 2068 798 2115 est
811 2077 864 2114 res-

60 2145 135 2209 pectu
154 2137 249 2188 mullirm
268 2136 320 2188 ise
339 2136 487 2200 distantium
502 2137 577 2186 nullus
593 2136 668 2200 euim,
687 2136 734 2186 nisi
754 2136 864 2197 insonus,

64 2214 146 2266 studet
164 2224 188 2261 se
205 2221 294 2273 aequarc
314 2209 348 2258 vel
366 2209 470 2271 prolerre
488 2207 514 2256 in
529 2207 598 2270 gloria
618 2207 654 2257 his
670 2208 778 2271 quisunt
795 2206 866 2258 multo

61 2301 92 2340 eo
102 2281 219 2347 majores,
233 2279 290 2345 pulla
301 2279 405 2344 plebeius
418 2281 486 2330 homo
501 2279 564 2342 rogi,
583 2280 621 2328 uel
636 2279 705 2330 etiam
718 2292 759 2329 rex
768 2279 866 2343 plebeio,

63 2371 135 2425 quem
149 2351 247 2404 multirm
259 2351 357 2402 excedit.
367 2350 452 2400 dtideo
464 2350 500 2400 his
509 2350 548 2413 qui
557 2349 653 2400 multum
665 2350 750 2400 distant
761 2351 798 2400 rel
806 2351 866 2414 loco,

61 2431 101 2483 vel
117 2434 234 2491 tempore,
253 2423 290 2473 rel
304 2426 379 2484 statu,
396 2425 463 2472 homo
477 2436 523 2472 non
537 2421 640 2485 inridet,
655 2423 695 2472 sed
708 2422 745 2471 his
760 2421 868 2485 quisunt
939 2436 944 2450 ·

64 2497 205 2569 propinqui,
218 2497 301 2561 quihus
314 2507 338 2545 se
352 2494 431 2544 nititur
454 2506 543 2557 aeqrrare
559 2490 596 2543 uel
609 2492 724 2557 praeferre.
739 2493 796 2541 Nam
814 2491 866 2542 edm

63 2575 99 2625 illi
111 2569 228 2622 excedunt
240 2567 265 2616 iu
274 2565 357 2630 gloria,
368 2565 448 2616 accidit
456 2567 497 2615 troc
509 2569 587 2614 eontra
597 2566 696 2614 nostram
709 2560 867 2626 uolrrntatem3

65 2648 91 2696 et
116 2641 170 2691 inde
197 2641 303 2688 causatur
328 2636 430 2686 tristitia.
450 2635 579 2688 Similitudo
602 2638 678 2685 autern
698 2633 871 2684 delectationem

63 2715 164 2774 causat,
180 2711 324 2774 inquantum
342 2707 464 2759 concordat
478 2708 598 2758 voluntati.

99 2785 135 2837 nd
153 2783 246 2834 tertium
260 2780 394 2841 dicendum,
409 2779 469 2843 qudd
485 2778 560 2828 rrullus
574 2782 666 2830 conatur
677 2777 706 2827 ad
715 2789 742 2827 aa
756 2775 781 2826 in
790 2776 872 2840 quihus

66 2861 107 2911 est
121 2855 218 2918 multipm
231 2850 354 2915 deiciens3
372 2855 395 2902 et
408 2851 458 2902 ideo
473 2849 526 2900 cium
543 2849 663 2915 aliquisita
681 2851 725 2898 hoc
739 2861 790 2898 eum
804 2858 872 2897 exce·

66 2931 122 2993 dat¹
139 2940 185 2982 uon
203 2924 302 2984 inuidet.
317 2924 361 2980 sed
377 2922 396 2975 si
413 2921 524 2975 mancum
543 2921 648 2987 deioiat,
664 2920 754 2973 uidetur
769 2916 829 2987 quid
844 2917 873 2969 ul
