1992 3317
153 184 198 230 rot
287 192 502 244 aurasicorum,
521 193 613 238 ouusr.
631 194 697 243 cxiv,
715 194 770 233 aar.
788 197 812 232 x.

450 342 609 393 tunicatus
622 344 651 394 II.

274 449 360 493 Utrum
371 450 513 505 temporalia
522 450 582 495 leun
592 450 680 495 corlant
690 452 732 495 sub
741 452 833 495 orer-ilo.

184 558 215 607 rtrl
235 555 346 607 decimum
357 557 392 607 sic
406 558 543 621 proceditur.
562 559 656 608 Videtur
669 556 731 623 qubrl
746 560 883 618 ternporalia
903 529 981 619 honri

152 630 233 679 cadant
247 629 289 679 sub
305 630 394 680 merto.
415 630 470 679 lllurl
490 629 553 681 enim
567 630 627 693 quod
640 630 779 694 promittitur
796 632 925 695 aliquibus
949 642 981 685 ut

152 700 267 763 premium
275 700 386 764 institia,
399 700 459 750 carlit
470 702 511 751 sub
523 702 612 751 merlin.
624 702 667 751 Sed
680 702 813 765 temporalia
825 703 888 753 bona
907 720 977 769 pro-

152 772 222 821 missa
233 774 287 821 sunt
297 770 321 821 in
331 771 382 835 lege
391 772 464 822 reteri
475 772 534 822 sicut
542 785 629 823 merces
637 772 745 836 justitie,
756 776 780 823 ut
789 777 854 837 patet
866 776 974 841 meur„

151 844 319 906 nuvimago
329 843 419 893 ridetm
427 844 487 907 quon
496 843 557 893 buna
566 844 703 907 temporalia
713 844 793 893 cadant
805 846 847 895 snb
861 848 970 899 merito.

181 918 206 961 2.
221 915 347 974 Praeterea,
363 913 419 965 illud
436 913 525 963 uidetur
544 914 585 963 sub
598 914 679 965 mento
698 916 793 977 cadere,
811 917 873 979 quod
892 919 974 969 Deus

150 982 219 1033 alicui
235 984 339 1034 retribuit
355 998 396 1049 pro
411 985 486 1047 aliquo
501 982 594 1035 seruitio
608 986 668 1049 quod
687 985 750 1035 tacit.
768 986 814 1036 Sed
828 987 893 1039 lleus
914 992 950 1039 nli
960 1020 973 1029 -

150 1057 239 1120 quanm
256 1060 411 1120 recompensat
424 1055 554 1106 bominibus
572 1070 612 1120 pru
624 1057 717 1107 servitio
730 1057 773 1107 sibi
784 1057 858 1120 laem,
879 1061 982 1129 aitqua,

149 1126 208 1178 bona
222 1128 368 1192 temporalia3
380 1127 532 1178 diciturenim
545 1128 639 1190 mmcd„
650 1126 676 1177 I:
694 1144 708 1176 rr
721 1129 750 1177 Et
759 1129 812 1190 quia
824 1128 982 1195 timuerunt}

150 1199 282 1250 obstetrices
297 1201 381 1262 Deum,
394 1198 513 1249 melificavit
523 1198 568 1249 illis
579 1199 671 1262 domos,
682 1216 695 1247 u
707 1199 745 1249 ubi
755 1200 833 1249 Glossa
850 1200 970 1267 Gregorii

149 1270 215 1332 elicit,
229 1272 289 1333 qnod
304 1287 319 1317 rr
328 1270 473 1333 benignitatis
487 1283 565 1320 earum
577 1284 663 1320 meroes
677 1270 751 1334 potuit
766 1269 790 1319 in
805 1273 896 1322 aelerna
913 1276 966 1323 vita

150 1341 233 1404 tribni3
246 1342 287 1391 sed
305 1342 372 1404 culpa
383 1341 495 1391 mendacii
513 1344 628 1391 terrenam
642 1340 878 1405 recompensationem
893 1358 969 1396 aece-

149 1414 198 1475 piI3
211 1416 258 1462 ret
269 1412 368 1471 uzeca„
379 1403 459 1473 xxvi,
470 1413 554 1463 dictiue
565 1428 570 1460 :
583 1430 597 1460 «
608 1414 657 1462 lien
665 1413 787 1477 Babylonis
797 1412 887 1465 servire
898 1417 965 1467 Iecil

145 1482 270 1533 exercitum
284 1496 350 1534 enum
361 1485 471 1535 seruitute
489 1497 571 1549 magua
583 1485 692 1534 adversus
703 1484 804 1547 Tyrum,
819 1486 844 1533 et
856 1498 959 1539 merces

149 1567 195 1605 non
209 1558 245 1605 est
255 1554 342 1606 reddita
352 1556 388 1616 ei;
401 1573 415 1603 n
428 1561 452 1606 et
464 1561 544 1621 postea
555 1555 646 1617 subdit,
657 1572 671 1603 rr
681 1554 724 1605 erit
738 1566 824 1605 merces
837 1559 962 1609 exercitui

147 1625 222 1690 illius3
241 1629 265 1677 et
284 1626 336 1677 dedi
356 1628 378 1678 ei
397 1630 481 1679 terram
504 1627 610 1692 AEgpptI,
627 1639 668 1690 pro
684 1639 712 1677 eo
731 1626 791 1689 anon
808 1626 957 1681 laboraverit
982 1656 983 1699 I

148 1697 213 1749 milri.
226 1715 239 1745 u
252 1700 311 1763 Ergo
324 1701 383 1750 bona
393 1699 527 1765 temporalia
538 1700 622 1749 cadunt
634 1698 676 1748 cub
691 1698 781 1748 merito.
982 1714 983 1729 ³

180 1774 203 1821 3.
220 1773 342 1828 Preterea,
357 1770 510 1822 sicutbonunr
527 1783 552 1821 se
562 1770 630 1819 trahet
644 1768 672 1821 ad
684 1769 803 1832 meritum,
816 1769 849 1821 ita
863 1774 957 1824 malurn

148 1856 172 1893 se
185 1841 294 1892 habetati
306 1843 449 1893 demeritum.
462 1844 507 1893 Sed
522 1844 614 1906 propter
629 1841 761 1891 dementium
776 1842 865 1903 peceati
879 1845 956 1909 aliqui

146 1913 293 1976 puniunturi
304 1916 354 1965 Deo
364 1917 525 1978 temporalibus
534 1913 615 1979 prauis,
625 1912 685 1963 sicut
695 1916 760 1976 patet
771 1913 799 1963 de
810 1914 954 1979 Sodomitis,

147 1987 241 2044 Genea,
253 1986 315 2034 IIIX.
329 1987 388 2048 Ergo
401 1989 424 2036 et
435 1988 493 2037 bona
510 1984 644 2049 temporalia
658 1984 741 2033 cadunt
752 1984 794 2034 sub
804 1985 900 2037 merita.

177 2057 222 2108 Sed
236 2061 315 2106 contar
328 2061 376 2121 est,
387 2058 448 2121 qubrl
461 2058 501 2108 illa
514 2072 564 2121 quac
580 2057 664 2107 cadunt
679 2056 721 2105 sub
737 2054 835 2114 merito,
849 2070 899 2108 uon
917 2061 952 2109 si-

146 2128 228 2178 militer
241 2141 266 2178 se
274 2129 360 2179 habeut
370 2130 399 2179 arl
408 2143 495 2180 omnes.
507 2128 550 2178 Sed
561 2128 619 2179 bona
630 2126 762 2191 temporalia
773 2130 797 2177 et
810 2129 871 2178 mala
881 2132 953 2180 siuri-

144 2200 195 2251 liter
208 2213 234 2251 se
247 2200 331 2251 babent
341 2202 369 2251 ad
384 2202 456 2251 bonus
465 2200 585 2261 etmalus,
601 2198 789 2249 secundumillurl
798 2198 880 2260 lieni„
894 2204 946 2253 III:

145 2290 158 2320 rr
169 2272 351 2336 universaeque
360 2273 469 2323 eveniunt
476 2274 539 2337 justo
549 2275 572 2322 ct
580 2270 660 2335 impio,
671 2272 731 2322 boun
741 2273 763 2321 et
772 2272 846 2330 malo,
858 2277 948 2325 mundo

144 2346 167 2394 et
180 2344 309 2407 immundo,
323 2344 450 2395 immolanti
461 2343 566 2393 uictimas
584 2347 608 2393 et
620 2342 730 2393 sacrificia
747 2346 914 2397 contemnenti.
932 2366 945 2395 u

142 2418 201 2479 Ergo
213 2417 273 2466 buna
288 2416 421 2483 temperatio
435 2430 481 2466 nun
493 2417 579 2466 cadunt
590 2415 631 2465 sub
646 2414 735 2465 merito.

175 2490 332 2551 (corennum.
345 2513 376 2526 -
385 2488 528 2553 temperata
541 2489 612 2550 bona,
622 2491 690 2552 prout
703 2487 731 2537 ad
742 2500 811 2551 opera
829 2488 943 2542 uirtutum

141 2560 223 2624 quibua
233 2560 258 2609 in
271 2562 340 2611 rilem
352 2565 460 2612 aternam
471 2560 622 2624 perducimur,
634 2558 698 2609 utilia
711 2564 774 2621 sunt,
783 2559 842 2609 sicut
851 2561 943 2628 simpli-

141 2633 197 2684 citer
209 2633 268 2684 bona
281 2633 325 2683 lici
338 2635 450 2698 possunt,
465 2632 497 2682 ita
514 2633 582 2683 etiam
602 2630 734 2695 simpliciter
751 2644 778 2680 ac
792 2630 879 2685 directe
898 2636 942 2685 sut

140 2706 223 2756 merito
234 2706 328 2769 cadunt3
343 2707 410 2769 prout
425 2703 478 2754 reni
489 2702 616 2755 murdim
630 2716 655 2754 ee
668 2703 854 2761 considerantur,
870 2704 942 2757 sicuti

141 2777 273 2843 simpliciter
286 2777 383 2829 bomiuia
397 2789 442 2825 nou
458 2780 524 2840 suut,
545 2776 578 2826 itu
591 2789 637 2827 non
651 2774 784 2840 simpliciter
800 2775 885 2831 uadunt
898 2780 941 2829 sub

142 2849 237 2913 merito,
253 2851 293 2901 sed
305 2848 428 2900 secundum
441 2848 523 2911 quil.)

172 2922 308 2987 Respcnteo
318 2919 453 2985 dicendum,
469 2920 532 2985 quon
544 2920 599 2977 illud
615 2921 676 2987 quoa
686 2921 728 2973 aub
741 2920 821 2972 merito
829 2920 892 2977 cadit
904 2926 940 2976 est
