1992 3317
134 84 178 133 lla
236 95 344 134 sueonos
361 93 490 144 secunus,
509 91 603 141 ounsr.
620 94 693 145 xxvi,
710 94 766 135 aar.
783 97 828 135 vn.

416 254 578 305 anniculus
592 254 642 303 Vll.

164 369 248 415 Uirium
266 370 344 426 maqis
357 370 487 415 debeamus
503 370 603 426 ditiqere
617 370 736 425 meliores,
751 383 825 428 quom
843 375 920 419 mobis

439 434 620 489 umpunnimrea.

161 551 198 609 dd
215 551 338 615 septimum
349 550 382 601 sio
395 550 533 617 proceditur.
547 551 641 601 Videtur
652 552 712 615 quod
725 553 799 616 magis
812 555 946 608 debeamus

132 620 224 686 diligere
238 622 357 685 meliores,
369 636 437 686 quam
448 622 514 674 nobis
524 622 764 687 conjunctioreslllud
772 624 834 675 enim
845 625 947 678 videtur

132 704 181 745 esse
196 693 268 757 magis
282 694 421 757 diligendum
435 695 495 759 quod
509 694 572 745 nulla
588 694 676 745 ratione
694 695 761 747 debet
778 697 832 747 odio
847 698 943 761 haberi,

132 764 199 829 quim
213 764 269 815 illud
283 766 343 829 quod
356 766 431 829 aliqua
441 766 528 817 ratione
540 771 575 817 est
588 765 723 830 odiendum,
731 767 790 818 dent
801 771 825 819 et
837 785 852 817 n
862 769 943 820 albius

132 839 181 899 est,
195 838 255 901 quod
275 840 311 888 est
327 838 392 901 nigro
412 836 580 901 impermixtius
593 837 636 901 (l).
650 854 664 884 r
679 839 724 889 Sed
740 852 844 903 persona
866 841 941 892 nobis

132 908 267 973 conjunctae,
282 912 337 961 sunt
347 910 471 961 seeundum
486 910 586 974 aliquam
601 909 711 961 rationem
725 910 837 974 odiendae,
851 926 941 964 seeun-

93 1022 95 1033 .
132 980 184 1030 llum
198 980 253 1031 illud
271 982 340 1037 Luc..
356 980 423 1031 XIV:
439 997 452 1028 «
464 980 489 1030 Si
500 981 551 1043 quis
560 980 625 1031 uenit
634 982 663 1050 ad
674 994 710 1031 me
718 1018 727 1044 ,
737 985 760 1031 et
771 995 817 1032 non
831 984 941 1048 oditpa·

131 1054 189 1102 trem
211 1057 235 1103 et
254 1057 362 1113 matrem,
379 1055 423 1103 etc.
444 1068 458 1098 n
472 1050 581 1102 Homines
601 1053 676 1101 autem
689 1051 743 1101 boni
761 1051 822 1102 nulla
842 1052 941 1106 ratione

131 1127 183 1173 sunt
195 1123 293 1177 odiendi.
305 1125 364 1187 Ergo
378 1123 468 1174 videtur
480 1122 541 1187 quod
557 1123 661 1173 meliores
675 1125 727 1173 sunt
743 1122 814 1184 magis
827 1127 938 1188 amandi,

131 1206 198 1257 quam
213 1194 387 1259 conjunctiores.

163 1270 186 1315 a.
204 1268 326 1326 Praeterea,
336 1280 378 1330 per
387 1266 520 1317 charitatem
530 1267 599 1318 homo
611 1265 709 1318 maxime
719 1266 770 1317 Deo
782 1266 937 1321 assimilatur.

130 1336 177 1385 Sed
188 1338 250 1386 Deus
263 1337 336 1399 diligit
348 1337 420 1401 magis
431 1338 557 1389 meliorem.
570 1339 630 1401 Ergo
642 1341 666 1389 et
674 1340 791 1402 homoper
800 1338 938 1391 charitatem

131 1406 204 1471 magis
217 1408 283 1459 debet
298 1408 413 1460 meliorem
427 1409 533 1473 diligere,
545 1423 614 1473 quam
627 1408 670 1461 sibi
684 1409 873 1472 conjunctiorem.

164 1484 186 1529 3.
201 1479 325 1542 Praeterea,
339 1482 465 1531 secundnm
479 1492 658 1545 unamquamque
668 1480 806 1542 amicitiam,
821 1481 878 1533 illud
896 1489 936 1533 est

132 1552 202 1617 magis
216 1553 350 1614 amandum,
364 1553 424 1617 qnod
435 1552 507 1616 magis
520 1552 618 1617 pertinet
631 1552 660 1601 ad
672 1550 695 1601 id
713 1564 781 1615 supra
795 1554 856 1616 quod
876 1555 935 1604 anii-

131 1624 184 1677 oitia
203 1627 320 1690 fundatum
336 1623 473 1675 -aminitia
491 1624 553 1675 enim
564 1623 660 1674 naturali
673 1622 747 1687 magis
761 1623 877 1688 diligimus
891 1640 932 1677 eos

130 1698 236 1762 quisunt
251 1698 316 1749 nobis
330 1698 402 1761 magis
417 1698 542 1749 seeundum
560 1700 662 1747 naturam
681 1696 808 1761 conjuncti,
820 1700 876 1761 puta
890 1712 935 1762 pa-

130 1772 219 1833 rentes,
234 1770 271 1821 vel
289 1769 355 1820 filios.
370 1770 413 1819 Sed
429 1768 528 1819 amicitia
538 1768 654 1818 eharitatis
668 1768 775 1818 fundatur
784 1780 852 1830 super
865 1782 933 1819 oom-

130 1840 284 1891 numentione
300 1840 460 1903 beatitudinis,
476 1840 504 1890 ad
523 1854 591 1904 quam
610 1839 683 1903 magis
699 1840 814 1903 pertinent
825 1839 932 1893 meliores

130 1910 197 1975 quam
215 1912 281 1961 nohis
299 1911 473 1975 conjunctiores.
489 1912 550 1975 Ergo
565 1925 594 1961 ex
612 1910 723 1962 chemate
737 1910 810 1974 magis
822 1912 931 1966 debemus

131 1982 223 2045 diligere
236 1982 355 2046 meliores,
370 1997 437 2047 quam
454 1983 521 2035 nonis
534 1982 712 2047 conjunctiores.

162 2056 206 2105 Sed
216 2058 295 2105 eontra
307 2058 358 2117 est,
371 2056 431 2118 quod
442 2054 523 2105 dieitur
537 2054 594 2105 lud
609 2056 685 2114 Tim„
695 2056 732 2105 ll:
747 2071 760 2102 u
776 2054 802 2105 Si
814 2054 867 2119 quis
879 2069 930 2107 suo

129 2140 192 2187 rum,
212 2128 235 2177 et
250 2126 349 2178 maxime
365 2126 552 2190 domesticorum,
569 2139 645 2176 euram
654 2140 702 2177 non
714 2127 794 2187 habet,
807 2127 875 2177 [idem
889 2142 928 2178 ne·

130 2196 204 2261 gavit,
218 2200 242 2247 et
254 2201 289 2247 est
300 2197 385 2249 infideli
397 2196 503 2249 deterior.
522 2214 536 2245 »
548 2197 593 2249 Sed
606 2197 700 2249 interior
712 2197 830 2248 eharitatis
842 2198 929 2250 allectio

130 2268 197 2319 debet
208 2269 343 2331 respondere
359 2269 466 2319 exteriori
476 2269 577 2319 effectui.
587 2270 646 2333 Ergo
660 2270 759 2320 charitas
776 2269 849 2332 magis
865 2271 929 2324 debet

130 2338 207 2389 haberi
220 2340 246 2389 ad
259 2339 447 2404 propinquiores,
462 2354 531 2403 quam
546 2340 575 2391 ad
589 2340 705 2393 meliores.

163 2412 556 2476 lConciusro.—Propinquiores,
574 2413 655 2478 nobis,
669 2417 758 2464 servata
771 2414 811 2464 liei
824 2412 925 2479 justitia,

129 2486 183 2534 'sunt
198 2482 269 2547 magis
281 2484 387 2547 diligendi
397 2498 426 2535 ex
437 2484 559 2545 charitate,
576 2498 644 2549 qnam
658 2485 790 2549 meliores.)

161 2556 295 2620 Respondeo
309 2557 446 2621 dicendum,
459 2556 518 2621 qudd
530 2558 605 2607 omnis
619 2561 696 2622 actus,
710 2558 867 2622 oportetqudd
877 2574 926 2623 pro·

156 2686 193 2753 ll)
210 2694 244 2737 Ex
261 2694 342 2753 Topie.
354 2696 396 2741 lin.
407 2684 455 2754 Ili,
466 2706 522 2751 rap.
532 2694 548 2738 d
558 2727 564 2751 ‚
575 2696 637 2741 eirea
650 2694 728 2754 linem,
743 2696 783 2741 ubi
797 2696 924 2752 exemplum

128 2754 332 2867 {wracgeotssmd
339 2770 367 2803 eo
376 2758 454 2817 mepta
462 2758 523 2805 talio
531 2760 582 2804 rint
590 2770 642 2815 quea
649 2763 707 2805 eunt
713 2760 796 2805 minias
802 2761 925 2817 mentem
