1992 3317
279 132 312 171 un
325 129 462 171 nummu
477 129 607 172 monente
622 131 659 170 ss.
824 125 869 174 itti

58 209 184 263 subditus.
198 207 244 260 Sed
258 207 313 273 quia
326 208 422 274 quilibet
434 209 503 260 horno
524 208 550 260 in
563 211 674 274 quantum
688 212 725 262 ast
738 209 869 276 rationulis,

57 281 191 348 participat
203 279 288 344 aliquid
300 281 329 331 de
339 279 449 344 regimina
461 279 588 333 secundinus
601 281 718 332 arbitrium
727 280 836 347 rationis,
845 284 870 336 in

57 357 158 406 tantum
171 352 278 403 conuenit
290 352 311 403 ei
326 351 471 417 prudentiam
484 353 577 404 babens
592 353 657 404 Unde
677 353 821 406 manifestum
833 359 870 406 esi

58 424 130 490 quod
142 423 262 488 prudentia
275 424 367 488 quidem
377 424 403 474 in
416 423 521 488 principe
533 427 570 476 est
580 425 709 476 admodum
720 425 775 478 artis
790 427 869 478 arohi-

59 496 203 558 teetonieae‚
222 497 250 545 ut
263 494 352 546 ‘dieitur
370 495 396 545 in
413 496 443 546 Vt
463 495 558 553 Erote„
578 495 602 546 iu
623 496 718 550 sudditis
741 500 818 549 autem
839 499 869 550 ad

59 571 163 622 modum
176 567 231 619 artis
247 581 316 619 mann
328 567 453 632 operantis.

95 643 134 696 Ad
152 641 252 704 primum
269 652 324 704 ergo
339 640 474 703 dicendum,
490 638 550 704 quod
568 641 663 692 nubum
685 642 819 709 Philosophi
836 646 871 696 ost

59 712 253 777 intelligendum,
264 724 306 776 por
315 711 470 774 soloqueudo,
484 711 538 775 quia
550 709 766 778 scilieetpuudoutia
777 717 871 767 nonest

60 784 143 836 uirtus
154 781 253 844 subditi,
266 783 411 848 inquantum
424 782 564 849 hujusmodi.

97 857 135 908 Ad
148 856 275 907 seeundum
287 854 423 920 dicendum,
435 853 497 920 quod
510 867 591 906 seruus
602 868 648 907 non
661 856 729 908 habet
747 857 801 920 quid
814 870 869 911 nou-

61 928 210 991 aditorum,
222 926 248 976 in
258 929 368 992 mantano
381 930 419 979 est
428 940 522 990 sernas,
531 926 565 978 sio
574 927 636 978 onim
646 931 682 979 est
692 928 870 982 instrumentum

62 999 172 1064 domini3
189 1002 226 1050 ost
249 1001 324 1052 tamon
348 998 530 1064 omniorum,
550 998 575 1050 iu
597 1004 709 1064 quantum
729 1003 763 1050 est
786 1001 870 1053 animal

61 1072 189 1126 rationale.
357 1100 361 1110 ι

96 1142 136 1196 nd
147 1143 243 1194 tertium
253 1143 380 1205 dicendum,
391 1143 450 1208 qnod
458 1157 501 1208 per
510 1143 651 1208 prudentiam
661 1145 729 1195 homo
740 1157 785 1196 non
796 1143 868 1195 solnm

63 1214 247 1282 promptuariis,
261 1216 302 1265 sed
316 1214 386 1266 etiarn
397 1213 509 1279 sibiipsi,
524 1217 592 1280 pruni
604 1214 692 1268 soitieat
705 1215 763 1269 ratio
784 1214 868 1267 dieitur

63 1285 195 1354 praseipero
208 1285 351 1338 interioribus
364 1285 459 1338 mribus

352 1465 514 1519 ARTICULUS
529 1465 589 1516 x111.
623 1508 626 1516 1

182 1589 266 1636 Uirium
275 1590 404 1646 prodenda
413 1590 487 1647 possit
501 1601 549 1634 onae
557 1590 585 1634 io
598 1589 765 1647 pedententim.

97 1719 136 1770 nd
147 1717 261 1768 mimum
275 1716 368 1768 tortium
384 1717 418 1768 sie
431 1715 561 1782 prooeditur
572 1715 615 1781 (t).
633 1715 729 1767 Videtur
744 1715 806 1780 qudd
818 1731 872 1780 pru-

64 1790 149 1843 deutia
160 1789 236 1854 possit
246 1802 299 1840 esse
309 1788 334 1838 in
347 1788 517 1852 permortuus,
526 1787 587 1838 Dicit
595 1787 656 1838 enim
669 1788 789 1849 Dominus,
803 1789 870 1848 dua,

63 1863 119 1914 XV!
133 1876 141 1910 :
157 1859 235 1911 «Fini
248 1860 319 1925 huius
328 1860 407 1911 suedi
424 1861 582 1924 prudentiores
591 1859 644 1910 nnis
659 1858 716 1910 lnois
735 1859 759 1908 in
778 1872 872 1924 genera-

64 1933 133 1986 tions
148 1945 189 1983 suo
200 1935 287 1983 sunt.»
301 1931 348 1982 Sed
360 1929 405 1982 11111
417 1932 488 1992 hujus
503 1931 581 1982 saeouli
597 1933 651 1982 sunt
660 1933 799 1996 peccatores.
811 1931 871 1996 Ergo

64 2004 91 2056 in
103 2002 266 2071 peecatoribus
277 2005 355 2068 potest
367 2015 419 2055 esso
428 2002 558 2068 prudentia.

98 2082 125 2128 n.
140 2077 268 2137 Proterea,
284 2073 340 2125 ddes
355 2078 394 2126 est
409 2074 507 2126 nobilior
517 2075 590 2126 uirtus
600 2073 668 2140 quim
682 2073 811 2140 pmdeutia.
826 2074 870 2125 Sed

66 2151 126 2202 tides
142 2151 220 2214 potest
236 2159 287 2198 esse
300 2147 326 2196 in
340 2147 504 2212 peccatoribus.
520 2148 579 2211 drgo
592 2147 754 2213 otprudeutia.

98 2227 124 2272 a.
140 2221 267 2282 Pmterea,
282 2236 297 2268 n
309 2219 428 2283 prudentis
439 2220 485 2270 hoo
497 2219 597 2271 manime
613 2232 672 2284 opus
686 2218 797 2283 dicimus,
811 2218 872 2272 dent

67 2290 203 2354 consitioni,
216 2306 232 2338 o
249 2294 276 2341 ut
294 2289 375 2341 dioitnr
392 2289 419 2340 in
435 2291 465 2340 vl
486 2291 569 2341 Eitis.
589 2291 634 2342 Sed
652 2289 719 2342 multi
740 2293 872 2355 peccatores

68 2369 126 2416 sant
134 2363 190 2421 tuoni
200 2361 297 2413 oonsid'u
307 2362 368 2426 Ergo
380 2362 445 2412 matti
456 2365 588 2426 pemaioros
601 2363 687 2414 natent
701 2363 853 2426 prudentiam.

100 2436 149 2487 Sed
174 2440 253 2486 eontra
275 2438 328 2498 est,
346 2435 407 2498 quod
425 2434 576 2500 Philosophus
596 2434 651 2486 dicit
668 2433 692 2483 in
709 2435 738 2484 vi
756 2434 838 2484 didio.
861 2449 871 2484 :

70 2506 241 2573 «impossibile
262 2511 298 2557 eat
315 2507 447 2571 prudentem
465 2519 516 2557 esse
535 2519 581 2558 non
595 2505 731 2558 existentem
745 2505 839 2556 bonum.
857 2522 871 2554 u

69 2579 114 2630 Sed
132 2578 209 2632 nuilus
223 2581 328 2644 poooator
341 2580 376 2630 est
391 2578 472 2630 honus.
485 2578 545 2642 Ergo
558 2578 633 2630 nuilus
646 2579 750 2643 pensator
762 2579 799 2628 est
815 2592 871 2642 pru·

71 2650 138 2702 dans.

101 2723 259 2789 (comneno.
270 2748 301 2760 -
309 2721 433 2775 Prudentia
449 2721 580 2787 simpdioiter
594 2721 713 2787 pandecta,
728 2733 774 2772 non
787 2719 834 2772 nisi
847 2719 872 2796 in
895 2749 897 2753 .
983 2783 984 2800 ἢ

105 2862 138 2928 (1)
153 2868 187 2914 De
201 2864 458 2928 manumissorum.
476 2862 581 2928 domu.
598 2862 806 2927 8‚ud³;etqu.
825 2859 870 2922 51,
