1992 3317
198 117 233 155 ou
252 118 444 157 censueramus
463 116 575 158 sriutrnu
590 119 710 160 sunctum.
813 112 858 163 275

43 196 126 257 agebat
141 200 167 247 et
179 195 343 259 peruirtutem
357 196 455 259 propriae
465 196 604 260 divinitatis,
617 202 640 249 et
649 212 692 263 per
704 202 859 264 operationem

42 268 144 328 Spiritus
167 268 262 329 sancti,
283 281 328 330 quo
350 268 475 317 secuudum
496 269 659 320 humanitatem
678 276 727 321 erat
750 273 859 337 repletus.

9 384 10 401 p
44 340 55 386 l
59 339 118 389 iudaei
133 342 217 388 autem
235 337 418 402 primoquidem
439 337 544 389 dixerant
559 340 723 405 blasphemiam
736 342 760 393 iu
773 344 858 394 Filium

44 409 161 472 bominis,
177 424 231 457 cum
248 408 356 459 dicebant
366 422 417 457 eum
428 426 442 455 «
450 422 568 472 voracem,
583 417 708 475 potatorem
715 414 773 475 vini,
784 419 807 465 et
816 430 860 480 pn·

44 480 236 542 blicanornmll)
253 486 388 541 amatorem,
403 496 417 526 u
433 483 458 528 ut
473 482 569 531 babetur
585 486 686 547 Metto,
702 486 742 535 lll.
753 486 859 537 Postmo·

9 554 10 563 ¹
46 554 105 599 dum
116 554 192 600 autem
201 551 422 614 blasphemaverunt
432 551 456 599 in
465 552 574 615 Spiritum
590 560 695 605 sanctum
703 594 713 620 ,
722 558 775 607 dum
788 571 857 622 opera

48 634 104 682 quaa
121 620 169 683 ipse
188 623 327 687 operabatur
340 622 426 671 ulutate
440 623 536 686 propria
551 624 677 676 divinitatis
688 633 712 677 et
724 642 766 691 per
779 642 859 692 opera·

49 693 135 741 tionem
146 692 246 757 Spiritus
256 692 346 755 sancti,
361 692 514 743 attribuebant
526 695 623 759 principi
637 698 810 749 demoniorum.
826 701 855 748 lit

50 768 140 825 propter
153 766 199 815 boc
211 765 321 814 dicuntur
332 763 357 813 in
370 764 480 827 Spiritum
499 770 603 815 sanctum
615 768 793 830 blasphemasse.
810 771 857 820 lu-

50 836 152 894 gustiuus
171 840 251 885 autem
262 836 287 885 iu
296 836 355 885 libro
367 836 402 885 De
414 835 501 884 Verbis
509 836 615 885 Domini
625 838 715 901 (Serm.
727 842 753 888 lt
764 841 782 901 l,
793 840 856 891 blas-

50 906 164 966 phemiam
175 907 214 957 rel
227 909 349 971 peccatum
359 905 384 955 iu
397 906 507 969 Spiritum
519 911 622 956 sanctum
633 909 688 957 dicit
700 922 751 960 esse
763 912 854 961 llualem

49 975 255 1039 iupoeuiunticm,
273 978 366 1041 quando
380 977 468 1027 scilicet
480 976 562 1041 aliquis
580 981 748 1041 perseveratio
764 987 856 1045 peccato

9 1094 10 1109 1
50 1048 135 1097 umrtali
148 1050 265 1111 usquead
280 1052 386 1099 mortem.
395 1049 461 1107 Quod
474 1048 565 1111 pridem
578 1062 625 1099 non
639 1050 712 1100 solum
728 1052 797 1102 verbo
810 1054 856 1103 oris

9 1112 10 1129 ³
50 1117 84 1177 lt,
98 1118 222 1169 sedetiam
232 1120 303 1170 uerbo
318 1120 392 1170 cordis
402 1122 426 1169 et
434 1119 522 1181 operis,
537 1133 583 1169 non
594 1134 641 1170 uno
655 1121 696 1170 sed
710 1121 795 1171 multis.
808 1123 856 1173 lloc

50 1195 121 1240 autem
133 1192 234 1244 uerbum
245 1192 278 1241 sic
289 1194 408 1255 acceptum
420 1190 503 1240 dieitur
516 1204 567 1241 esse
581 1194 659 1242 contra
669 1190 778 1257 Spiritum
789 1206 856 1243 sauc-

9 1280 10 1295 2
50 1264 112 1322 tum,
128 1261 185 1325 quia
200 1266 238 1311 est
256 1265 334 1312 contra
353 1260 514 1311 remissionem
531 1266 755 1326 peccatorumque
774 1264 801 1314 lit
816 1278 858 1327 per

51 1332 156 1393 Spiritum
172 1336 295 1395 sanctum,
311 1332 350 1395 quui
364 1336 401 1381 est
411 1330 510 1381 charitas
525 1338 548 1382 et
559 1334 632 1383 Patris
645 1338 669 1383 et
681 1334 743 1383 Filii.
753 1336 801 1385 Nee
813 1336 856 1386 boc

52 1404 158 1453 Dominus
176 1402 233 1453 dicit
244 1402 328 1467 judaeis
341 1403 406 1467 quasi
422 1402 465 1465 ipsi
485 1407 606 1467 peccarent
621 1403 647 1453 iu
663 1404 771 1467 Spiritum
788 1418 855 1456 sano-

53 1478 112 1537 tum,
122 1488 170 1523 nou
186 1476 239 1523 dum
253 1474 392 1523 enituerunt
412 1473 509 1525 llualiter
523 1471 700 1537 impoenitentes.
715 1477 763 1526 Sed
779 1477 857 1528 admo-

53 1544 101 1591 nuit
121 1556 175 1606 em,
193 1558 222 1594 ne
234 1544 313 1595 taliter
326 1546 448 1607 loquentes
464 1545 492 1593 ad
508 1546 551 1593 hoc
569 1558 611 1608 per
628 1546 735 1595 uenirent
750 1547 811 1609 quod
830 1550 856 1596 ln

52 1614 164 1675 Spiritum
183 1620 283 1665 sanctum
303 1618 435 1679 peccarent.
453 1616 481 1665 nt
498 1614 532 1664 sio
548 1612 720 1677 intelligendum
739 1619 775 1665 est
796 1619 857 1680 quod

54 1684 138 1735 dicitur
156 1686 242 1753 dioro,
257 1687 299 1745 lll,
314 1686 353 1735 ubl
366 1688 486 1749 postquam
500 1685 589 1735 dixerat
604 1700 611 1733 z
624 1701 638 1730 o
649 1684 693 1743 Qui
709 1688 783 1734 numm
797 1686 856 1735 blos-

55 1758 193 1818 phemaueu't
210 1756 234 1807 iu
251 1756 363 1821 Spiritum
381 1759 498 1819 sanetum,
512 1759 568 1819 etc,
590 1771 605 1802 u
619 1755 738 1818 subjungit
754 1756 856 1819 Euange-

55 1827 121 1877 lista:
138 1828 273 1885 «Quoniam
286 1828 408 1890 dicebant,
423 1827 531 1891 Spiritum
544 1828 685 1875 immundum
695 1826 771 1876 habet.
783 1842 798 1873 o
811 1826 855 1876 dlii

54 1911 104 1948 uero
125 1899 191 1949 aliter
209 1899 343 1963 accipiunt,
358 1897 462 1947 dicentes
481 1902 597 1961 peceatum
614 1899 653 1947 rel
670 1898 812 1961 blasphemia
828 1898 854 1949 iu

55 1969 157 2031 Spiritum
172 1972 278 2019 sanctum
292 1982 357 2032 esse,
379 1970 470 2033 qnando
489 1969 570 2032 aliquis
583 1972 663 2033 peccat
676 1972 755 2019 eontra
771 1982 853 2033 appro-

55 2042 146 2101 priatum
157 2042 244 2092 bonum
253 2040 350 2105 Spiritui
364 2044 456 2102 saneto,
467 2040 505 2089 cni
515 2040 670 2104 appropriatur
678 2040 782 2100 bonitas,
793 2043 855 2089 sicut

58 2112 111 2161 Patri
122 2112 284 2177 appropriatur
292 2110 406 2175 potentia,
417 2114 440 2161 et
452 2110 511 2161 Filio
520 2111 640 2174 sapientia.
651 2112 714 2161 Unde
722 2114 853 2174 peccatum

58 2184 79 2231 io
93 2188 193 2233 Patrem
207 2183 291 2233 dicunt
300 2196 352 2233 esse
362 2221 369 2246 ,
380 2183 470 2246 prendo
480 2185 588 2245 peccatur
601 2194 630 2231 ex
642 2182 772 2232 infirmitate
781 2198 787 2245 ;
797 2197 854 2246 pec·

59 2258 135 2303 colom
152 2256 230 2304 nutem
249 2254 275 2301 to
293 2252 408 2314 Filium,
424 2252 514 2315 quaudo
531 2255 638 2316 peccatur
656 2265 687 2302 ex
706 2252 852 2315 ignorantia;

59 2330 167 2384 peccatum
182 2328 259 2374 autem
274 2324 302 2373 io
315 2324 448 2388 Spiritum
462 2326 593 2383 sanctam,
604 2324 694 2385 quando
706 2327 812 2387 peccatur
825 2336 854 2373 ex

60 2395 225 2456 aromatitis,
242 2394 267 2445 id
281 2398 331 2458 est,
347 2406 377 2443 ex
391 2394 441 2457 ipsa
457 2392 567 2445 electione
580 2394 647 2455 mali,
663 2396 688 2442 ut
701 2406 770 2457 supra
781 2406 854 2458 expo-

61 2466 119 2517 situm
132 2472 166 2519 est
177 2469 222 2533 (a).
236 2468 302 2527 Quod
319 2465 413 2529 quidem
430 2465 542 2529 contingit
553 2465 675 2530 dupliciter
689 2482 694 2515 :
709 2478 755 2515 uno
770 2467 852 2525 modo,

91 2622 117 2685 {ll
129 2628 176 2673 lmb
187 2633 212 2673 et
223 2624 333 2673 absolute
348 2628 511 2682 pcccatorum,
527 2637 586 2672 uere.
602 2623 641 2669 19.

92 2696 117 2757 [il
131 2700 214 2759 llempe
230 2697 260 2757 1,
276 2698 305 2757 2,
322 2709 363 2753 qu.
385 2696 424 2754 78,
443 2703 485 2743 art.
506 2696 533 2755 l,
548 2698 572 2741 in
590 2709 668 2757 corp„
682 2701 708 2741 ut
725 2703 749 2741 et
764 2702 807 2741 art.
826 2695 850 2752 3,
933 2752 936 2757 ,

63 2768 137 2815 arguro.
148 2761 192 2807 Sed
208 2766 298 2807 coottro
306 2756 315 2813 ξ
324 2770 373 2803 nou
383 2759 442 2818 qnod
452 2758 504 2817 eligi
515 2761 600 2805 malum
611 2760 684 2816 possit
693 2770 735 2815 per
743 2770 782 2819 se,¹
794 2759 853 2804 sicut

62 2824 182 2877 explicatum
202 2829 240 2870 est
253 2824 300 2868 ibi.
