1992 3317
139 148 184 200 tte
247 158 356 199 emurch
373 154 503 209 summus,
515 153 608 205 oussr.
626 156 709 209 mii,
723 158 778 197 sur.
795 160 823 196 rr.

144 264 148 269 ·
170 243 193 289 ι.
211 240 336 301 Praeterea,
350 236 502 301 Philosophus
519 234 546 285 in
561 235 600 286 lll.
616 235 701 285 little.
717 234 782 299 pouit
794 234 899 301 quicque
915 242 953 291 ad

139 308 258 361 amicitiam
270 308 408 373 pertinentia
423 324 429 357 :
444 320 540 371 quorum
555 307 653 370 primum
665 310 714 367 est,
726 306 786 370 quod
799 309 869 359 homo
883 312 955 362 velit

139 380 210 431 amico
224 381 323 443 honum3
336 380 459 430 secundum
471 382 520 438 est,
534 377 656 442 qubdvelit
666 378 688 429 ei
697 392 748 427 eece
760 380 785 429 et
795 383 880 429 cicere
891 381 950 446 (l);

138 451 229 501 tertium
238 455 274 501 est
283 490 289 512 ,
298 450 356 514 qubd
366 450 388 500 ei
399 449 562 500 delectabiliter
573 448 692 511 convivat3
704 452 809 511 quartum
819 454 870 513 est,
880 452 956 515 qubd

138 522 217 572 eadem
227 522 311 585 eligat3
328 522 433 585 quintum
444 524 495 583 est,
509 519 571 584 qnod
582 520 604 569 ei
614 520 734 570 condoleat
748 523 773 570 et
783 523 950 584 congaudeat.

138 593 183 643 sed
195 592 268 657 primu
281 594 325 644 duo
336 594 364 643 ad
372 592 553 643 benevolentiam
562 590 687 655 pertiusut.
699 591 759 654 Ergo
772 591 863 655 primus
878 597 956 648 actus

139 665 256 715 charitatis
269 667 305 716 est
314 664 483 716 benevolentia.

170 736 215 787 Sed
225 739 302 787 contra
313 740 349 788 est
357 774 364 797 ,
371 737 430 800 quod
440 735 591 801 Philosophus
601 736 656 786 dicit
667 734 693 784 in
705 735 785 785 eodem
793 732 853 785 libro
859 772 868 799 ,
879 738 953 801 quod

141 807 410 871 «benevolentiamque
424 810 458 858 est
472 807 586 869 amicitia,
602 820 677 871 neque
690 809 726 857 est
736 804 833 867 amabo,
853 808 895 858 sed
910 816 954 862 est

140 878 245 929 amicitie
253 879 397 943 principium.
405 894 419 926 r>
427 879 472 929 Sed
479 879 579 929 obantes
585 882 622 929 εει
630 877 771 938 amicitia,ut
776 877 846 941 supra
853 878 951 932 dietum

140 953 175 1001 est
192 950 248 1015 (qu.
268 956 315 1013 ht,
330 954 373 1001 ert.
388 950 429 1013 1).
443 950 505 1013 Ergo
518 949 676 1001 benevolentia
690 962 737 1000 nou
752 952 787 999 est
801 949 864 1000 idem
881 956 952 1015 quod

141 1021 246 1085 dilectio,
258 1025 354 1086 quaeest
373 1020 490 1071 charitatis
506 1024 579 1072 aetus.

173 1094 496 1155 (Consumto-Quanquam
509 1090 535 1141 in
548 1092 668 1143 dilectione
677 1128 684 1152 ‚
694 1094 762 1155 prout
773 1094 810 1142 est
819 1093 949 1146 eharitatis

141 1167 214 1228 actus,
232 1164 359 1213 includatur
377 1162 550 1224 benevolentia,
566 1162 629 1213 addit
641 1165 719 1213 hausu
735 1162 825 1213 dilectio
838 1164 950 1216 benevo-

140 1235 217 1285 lentiae
231 1234 339 1283 unionem
352 1234 449 1283 allectus
468 1232 566 1284 amantis
582 1235 610 1285 ad
627 1236 742 1297 amatum,
757 1246 827 1297 mam
844 1246 892 1285 uon
905 1235 951 1285 in·

140 1304 211 1355 cludit
226 1305 399 1369 benevolentia,
418 1316 469 1369 quac
493 1307 529 1356 est
541 1306 638 1371 simplex
655 1304 780 1355 uoluntatis
800 1308 882 1366 actus,
897 1320 949 1369 qua

140 1376 207 1427 alicui
217 1376 301 1425 bouum
315 1377 442 1439 uolumus.)

172 1448 308 1511 despondeo
330 1449 465 1512 dicendum,
486 1449 546 1514 quod
565 1448 723 1500 benevolentia
746 1448 838 1513 proprie
856 1449 948 1501 ututur

141 1522 205 1573 actus
217 1520 353 1583 uoluntatis,
363 1534 408 1584 quo
419 1521 484 1571 altem
496 1522 583 1573 bonum
595 1520 708 1571 volumus.
718 1520 760 1570 liic
771 1522 847 1572 autem
857 1523 948 1573 uolun-

142 1592 195 1643 tatis
211 1594 273 1643 actus
288 1591 364 1642 tillem
376 1592 404 1642 ab
423 1590 507 1643 actuali
520 1606 608 1655 amore,
625 1596 673 1642 tam
689 1591 813 1643 secuudum
827 1593 890 1655 cuod
907 1596 948 1645 est

141 1664 165 1715 iu
179 1664 280 1729 appetitu
292 1663 410 1726 sensitivo,
422 1664 491 1727 quim
500 1663 569 1714 etiam
580 1662 702 1714 secuudhm
714 1664 775 1727 quod
788 1667 823 1713 est
831 1664 856 1713 iu
870 1677 949 1729 appe-

141 1736 185 1786 titu
202 1732 351 1799 intellectio,
366 1735 406 1798 qui
423 1738 460 1785 est
472 1735 587 1787 voluutas.
602 1735 670 1785 hmcr
682 1734 744 1785 euim
757 1734 796 1797 qui
808 1737 845 1782 est
857 1735 883 1783 in
902 1748 949 1801 ap

141 1807 213 1871 petitu
222 1806 345 1869 sensitiuo,
360 1809 396 1857 est
410 1806 513 1869 quedam
524 1806 609 1870 passio.
623 1805 701 1856 Omnis
713 1808 788 1855 autem
797 1802 875 1867 passio
887 1818 947 1857 cum

142 1880 239 1941 quodam
247 1877 335 1941 impetu
342 1878 436 1928 inclinat
444 1878 468 1927 in
479 1890 545 1928 suum
553 1878 675 1943 objectum.
685 1875 762 1927 Passio
772 1878 847 1926 autem
857 1879 948 1929 amoris

141 1949 210 1999 habet
224 1948 285 2012 qubcl
298 1960 344 1998 uon
364 1948 439 2000 suhitb
458 1949 571 2012 exoritur,
589 1949 628 1999 sed
648 1961 690 2011 per
710 1948 808 2011 aliquam
827 1948 947 2001 assiduam

142 2019 305 2085 inspectionem
321 2020 355 2071 rei
370 2024 458 2071 amatae.
471 2022 500 2071 Et
512 2020 563 2072 ideo
577 2020 730 2085 Philosophus
746 2019 771 2069 iu
783 2019 823 2069 tx.
844 2020 944 2082 Μία,

142 2090 265 2147 osteudens
278 2090 428 2143 differentiam
441 2093 502 2143 iuter
513 2092 694 2144 benevolentiam
707 2093 731 2141 ει
744 2104 845 2142 amorem
854 2090 895 2155 qui
908 2098 947 2146 εει

141 2162 233 2227 passio,
245 2161 301 2211 dicit
318 2161 380 2225 quiid
396 2163 557 2215 benevolentia
569 2179 583 2211 c
595 2177 642 2214 nou
660 2163 730 2213 habet
742 2162 908 2213 distensionem
921 2169 948 2216 et

142 2232 281 2297 appetitum,
296 2248 309 2279 s
321 2232 344 2283 id
362 2238 399 2283 est
417 2234 516 2299 aliquem
535 2235 647 2298 impetum
665 2233 836 2297 inclinationis3
851 2235 894 2285 sed
914 2249 945 2286 ex

141 2304 190 2355 solo
202 2302 288 2369 judicio
304 2301 400 2355 rahonis
413 2306 481 2356 homo
495 2306 544 2355 cult
556 2305 641 2356 honum
657 2304 732 2354 alicui.
748 2303 859 2355 Similiter
871 2306 945 2360 etiam

140 2374 193 2425 talis
206 2387 269 2425 amor
288 2378 324 2426 est
342 2388 371 2425 ex
386 2374 483 2439 quadam
500 2377 673 2427 cousuetudine.
688 2376 853 2438 benevolentia
866 2381 945 2429 aulem

141 2444 254 2496 interdum
265 2446 336 2497 oritur
350 2460 379 2498 ex
390 2448 521 2513 repentino,
535 2448 592 2499 sicud
605 2448 689 2499 accidit
705 2446 770 2499 uobis
784 2448 812 2499 de
823 2449 944 2512 pugilibus

150 2612 153 2616 Δ
175 2563 205 2626 (1)
219 2567 263 2611 Seu
277 2578 332 2611 eom
342 2579 389 2613 esee
400 2570 421 2613 et
433 2570 516 2614 cicere
525 2570 590 2613 sicut
600 2570 696 2626 ipsum,
706 2573 733 2613 ut
743 2580 773 2613 cx
783 2580 836 2624 cap.
849 2568 880 2626 l,
893 2573 944 2615 tum

142 2628 166 2672 iu
180 2630 319 2688 greco-lat,
334 2635 383 2675 tum
399 2631 423 2675 in
438 2630 538 2687 antiquis
557 2631 681 2688 colligitur.
696 2630 758 2684 ouhd
777 2634 854 2676 autem
869 2632 946 2677 benc·

142 2691 243 2736 volentia
253 2692 338 2739 nonsit
348 2694 450 2737 amicitia
458 2726 464 2753 ,
473 2692 516 2757 secl
524 2693 668 2739 solummodo
679 2694 785 2739 amicitie
794 2694 944 2756 principium,

142 2758 168 2798 ut
181 2754 334 2813 subiungitur,
347 2756 471 2813 utrobique
478 2768 532 2812 cap.
542 2755 557 2800 5
569 2757 646 2803 uidere
657 2762 705 2809 est;
715 2757 755 2801 ubi
765 2760 789 2801 ει
798 2757 945 2812 premittitur

143 2816 203 2873 quod
218 2816 248 2861 sit
260 2817 341 2863 similis
355 2818 448 2875 quidem
467 2820 588 2880 amicitie,
602 2820 703 2868 sednon
718 2818 839 2878 amicitis,
854 2819 907 2866 cium
919 2826 943 2867 et

144 2890 199 2938 erge
212 2879 303 2939 ignotos
313 2892 364 2929 esse
377 2881 461 2944 possit.
713 2914 716 2917 <
