1992 3317
128 121 174 170 let
226 128 335 169 anemos
350 127 480 177 nmmum,
496 125 591 174 ounsn
606 126 685 177 mun,
702 126 759 168 nar.
777 129 831 168 rvr.

129 208 228 274 tuphpc.
244 208 303 271 lingo
317 206 370 255 cdm
382 204 467 256 ohlirio
478 204 594 256 memoria
606 208 748 270 opponatur,
766 205 861 258 ridetur
874 204 930 270 quhd

126 278 246 344 prudentia
262 291 302 341 per
313 274 451 327 ohlirionem
462 275 536 341 possit
550 275 631 327 amitti.
976 299 977 328 r

159 355 182 402 t.
196 351 322 409 Preterea,
338 348 458 412 prudentia
476 360 523 399 nou
539 352 575 400 est
594 348 643 399 siue
660 348 794 411 cognitione
808 350 926 402 universa-

127 421 193 473 lium.
206 419 252 470 sed
265 417 429 470 umrenaliuu
443 419 544 484 cognitio
554 421 630 484 potest
639 419 834 484 per'oll'nionem
849 421 928 474 amitti.

127 493 188 556 Ergo
202 495 226 543 et
237 490 367 555 prudentia.

157 565 200 617 Sed
216 564 295 614 contra
313 565 363 624 est,
375 562 435 627 quod
451 561 605 628 Philosophus
621 562 708 614 dieitin
723 564 863 623 trhonie„
876 563 933 630 qnod
977 595 978 598 =

129 633 241 687 «oblivio
258 637 294 684 est
307 632 379 695 artis,
399 636 423 684 et
440 633 657 698 corpulentiae.»

161 707 319 771 (Concessio.
328 705 425 757 -Clrm
438 705 561 770 prudentia
577 718 622 756 non
634 707 660 757 in
674 705 722 758 sola
736 706 887 770 cognitione,
899 708 937 758 sed

128 778 196 830 etiam
209 777 234 828 in
245 777 349 843 appetitu
362 777 486 838 consistat,
502 790 549 827 neu
560 776 608 828 sola
621 776 745 840 oblivione,
759 777 820 827 sicco
837 781 900 830 artes
912 783 933 830 et

127 853 244 917 scientia,
257 852 299 904 sed
313 851 464 916 multomagis
473 851 554 904 vitiosa
563 851 670 917 passione
685 851 771 903 tollitur
781 855 855 916 amre
871 852 935 903 amit·

130 925 214 990 titur.)
978 943 979 952 ¹

160 998 296 1062 despondeo
320 996 454 1059 dicendum,
469 995 531 1060 qudd
551 995 635 1048 oblivio
659 995 753 1060 respicit
776 996 933 1060 coguitionem

129 1069 234 1135 tauthm3
250 1073 274 1121 et
288 1069 341 1123 ideo
354 1083 395 1132 per
411 1067 546 1119 oblivionem
561 1071 636 1132 potest
649 1067 730 1132 aliquis
741 1071 815 1118 artem
832 1069 934 1120 totaliter

128 1143 232 1209 perdere,
237 1143 262 1193 et
275 1139 379 1192 similiter
389 1139 514 1202 scientiam,
529 1152 581 1204 qua
593 1138 618 1188 iu
631 1137 719 1189 ratione
733 1137 876 1190 condetunt.
891 1139 933 1190 Sed

128 1213 247 1279 prudentia
262 1225 309 1264 nou
322 1201 465 1262 consistit“m
477 1210 526 1262 noia
541 1209 681 1274 cognitione,
691 1209 813 1262 sedetiam
828 1209 854 1262 in
865 1223 933 1276 appe·
979 1249 980 1272 ,

130 1283 186 1345 tito,
201 1282 270 1348 quia,
284 1285 309 1332 ut
321 1281 406 1334 dictum
425 1285 461 1333 est
473 1281 537 1348 (art.
551 1281 595 1347 8),
607 1281 741 1346 principalis
754 1281 807 1346 ejus
826 1285 893 1334 actus
902 1285 937 1332 cst
979 1273 980 1280 ’

129 1354 261 1419 precipere,
271 1353 332 1418 quod
350 1357 385 1405 est
396 1353 511 1419 applicare
526 1352 680 1418 cognitionem
694 1353 797 1404 habitam
814 1353 843 1404 ad
861 1367 934 1418 appe-

128 1427 223 1481 tendum
237 1430 260 1477 et
275 1426 423 1490 operandum.
440 1425 470 1474 Et
482 1424 534 1476 ideo
553 1423 675 1489 prudentia
689 1436 736 1474 uon
749 1423 836 1476 directe
850 1424 934 1476 tollitur
980 1473 981 1486 ,

129 1511 170 1564 per
187 1496 339 1558 obliuionem,
353 1497 393 1548 sed
414 1495 485 1559 magis
502 1496 653 1560 corrumpitur
667 1509 709 1560 per
723 1495 862 1560 passiones;
883 1495 936 1547 dicit

129 1571 191 1622 enim
206 1568 359 1634 Philosophus
378 1567 403 1618 in
414 1569 443 1617 Vl
454 1567 551 1628 Μία,
565 1567 627 1632 quod
646 1565 808 1618 «delectabile
830 1570 854 1618 et
872 1567 934 1618 triste

128 1641 237 1706 pervertit
254 1640 425 1692 estimationem
438 1639 575 1704 prudentia.
591 1654 605 1686 n
623 1639 687 1690 Unde
700 1639 778 1696 Duru,
799 1639 867 1700 lilll,
881 1639 935 1690 dici-

131 1717 168 1764 tur
182 1730 220 1764 :c
241 1712 332 1778 Species
353 1710 444 1776 decepit
464 1715 503 1776 te,
525 1713 549 1762 et
568 1708 750 1775 coucupiscentia
769 1709 884 1762 subvertit
897 1723 935 1760 cor
981 1743 982 1760 n

130 1788 228 1836 tuum.»
243 1785 274 1836 Et
287 1784 383 1844 duod„
392 1782 473 1845 lilllll,
488 1781 571 1833 dicitur
582 1797 588 1832 ι
598 1783 652 1833 «lte
662 1780 759 1846 accipias
768 1795 875 1844 munera,
886 1795 936 1848 qua

130 1860 245 1908 excaecant
261 1855 329 1907 etiam
348 1855 478 1920 prudentes.
495 1869 510 1900 n
529 1852 619 1904 (thlivio
638 1856 716 1904 tammo
733 1855 812 1917 potest
824 1853 936 1918 impedire

131 1927 325 1995 prudentiamne
338 1925 600 1991 quantumproceditad
617 1924 796 1991 praecipiendum
810 1938 841 1976 en
860 1925 936 1991 aliqua

131 1999 278 2064 cognitione,
293 2013 344 2062 qua
358 2011 399 2063 per
417 1997 554 2050 obliuionem
568 1996 618 2048 tolli
636 2000 721 2061 potest.

163 2072 197 2122 nd
211 2069 310 2135 primum
326 2084 380 2134 ergo
399 2069 534 2134 dicendum,
545 2067 606 2134 quod
625 2067 720 2119 scientia
739 2071 775 2119 est
792 2069 818 2119 in
832 2069 882 2122 sola
895 2083 936 2120 ra-

131 2142 192 2194 tione
204 2157 209 2193 :
223 2143 284 2193 uude
297 2143 325 2194 de
341 2155 369 2193 ea
384 2146 421 2193 est
434 2141 477 2192 alic
490 2141 564 2205 ratio,
582 2143 607 2190 ut
619 2139 688 2205 sopri
701 2140 788 2191 dietum
802 2146 848 2192 est.

163 2213 198 2265 nd
208 2213 333 2265 secuudum
341 2213 470 2277 dicendum,
480 2212 540 2278 qodd
552 2211 732 2278 experimentum
746 2213 877 2278 prudentia
891 2226 935 2265 non

132 2284 254 2350 acquhitur
275 2297 304 2335 ex
323 2284 372 2335 sola
388 2284 509 2348 memoria,
531 2285 572 2336 sed
591 2298 620 2335 ex
639 2283 749 2336 ermoldo
768 2285 832 2338 recte
852 2285 933 2350 praeci·

132 2355 218 2422 piendi.

163 2429 198 2481 nd
210 2428 301 2480 tertium
313 2427 447 2492 dicendum,
455 2427 516 2494 qudd
529 2427 649 2493 prudentia
659 2426 817 2492 principaliter
826 2429 932 2480 consistit

133 2513 181 2552 uon
193 2499 218 2551 in
232 2502 363 2565 cognitione
375 2501 546 2562 universalium,
561 2500 601 2551 sed
611 2499 634 2549 in
651 2498 802 2564 applicatione
813 2501 842 2552 ad
856 2513 933 2568 opera,

132 2574 159 2620 ut
171 2571 304 2624 dictumest
315 2572 377 2638 (art.
390 2577 403 2622 d
414 2573 432 2636 l.
446 2573 475 2622 Et
485 2572 536 2623 ideo
550 2571 635 2622 obliuio
648 2571 784 2622 universalis
798 2571 933 2638 cognitionis

133 2654 180 2692 non
194 2643 316 2708 corrumpit
330 2642 354 2693 id
370 2644 430 2707 quod
450 2645 486 2693 est
502 2641 628 2707 principale
646 2641 670 2690 in
687 2641 824 2706 prudentia,
839 2643 879 2694 sed
893 2642 932 2694 nli·

133 2714 193 2777 quod
201 2712 390 2784 impedimentum
400 2714 423 2766 ei
432 2713 507 2778 aneo,
522 2717 548 2765 ut
561 2713 647 2766 dietum
660 2715 702 2765 est.
