1992 3317
115 105 162 154 sle
234 114 343 154 annuns
357 113 484 165 secusne,
498 113 590 158 oense.
606 113 681 162 mv,
698 114 757 152 ner.
775 115 804 152 rr.

115 191 233 257 uoeipilnr,
246 191 288 242 sed
296 190 387 242 seriose.
396 190 461 242 Unde
474 191 495 241 ei
508 191 535 240 in
544 190 623 240 ludum
633 189 675 240 nel
686 189 763 241 risum
772 193 886 253 redelor,
897 203 922 240 ex

119 276 165 328 qno
173 262 285 314 irrisionis
298 263 336 314 rel
347 261 459 314 illusionis
472 275 556 313 nomen
569 261 677 323 sumitur,
684 263 735 312 lroo
748 266 788 312 εει
800 263 858 325 quis
866 262 925 312 neni-

116 335 178 399 pitur
189 337 326 398 ntpsrrou.
340 335 418 384 Polesl
435 337 512 384 enum
529 333 621 397 aliquod
635 334 723 383 mulmu
741 333 821 398 recipi
839 335 868 384 ul
879 345 926 399 prr-

115 420 184 466 sum,
199 405 337 471 dupliciter:
352 418 399 456 uno
415 406 482 456 uredo
496 404 620 456 secundini
639 418 675 469 se,
689 405 740 456 elie'
755 407 830 457 ruodo
841 406 926 456 renone

115 491 229 543 persono.
245 478 300 530 (iim
314 481 388 529 uelem
408 477 489 541 aliquis
503 478 597 531 alterins
612 491 717 544 personne
731 478 825 528 undum
838 480 879 531 rel
891 479 925 529 de·

115 551 216 614 leolum,
228 550 253 600 in
263 550 340 601 ludum
351 549 388 601 rel
403 550 473 602 risum
485 548 567 614 perir,
580 549 634 614 quie
647 549 781 600 nuendum
794 563 823 601 se
835 563 927 615 perron

115 623 199 674 mulum
211 625 261 684 est,
276 625 312 672 est
324 620 413 673 reniale
428 624 451 672 ει
463 621 515 672 leve
526 627 649 684 mesalum
663 621 801 673 secundinus
815 636 929 686 surnmge

115 709 167 746 uus.
183 693 241 744 com
260 697 337 744 nuum
360 693 469 757 aucipilnr
489 693 557 756 quasi
572 705 670 756 parrum
688 693 784 745 mtione
804 708 928 760 persone,

114 767 174 818 siout
192 765 294 816 delectus
311 779 431 829 puerorum
445 768 468 815 ει
484 765 605 815 slullorurn
616 777 700 828 porum
716 767 854 829 ponderare
866 767 930 820 eole-

115 852 176 898 urus‚
189 836 223 888 nio
232 837 335 904 aliqueuu
344 837 437 888 illudere
450 837 487 888 vel
500 836 608 901 irridere,
624 841 661 888 eol
671 849 725 886 enm
737 839 842 890 omniuo
853 839 928 903 pervi-

115 909 226 974 pendere,
238 913 263 960 el
275 922 327 960 enm
341 913 386 960 lem
398 909 467 960 rilem
482 907 609 971 estimare,
619 911 646 958 ut
658 909 687 960 de
701 909 756 973 ejus
764 911 830 962 mulo
842 925 892 962 nou
905 911 931 961 sil

116 979 252 1042 eorundum,
263 981 303 1032 sed
316 980 346 1032 sil
356 980 422 1044 quiesi
438 993 479 1045 pro
489 980 543 1031 ludo
553 979 694 1039 debendum.
706 981 736 1030 Et
745 980 782 1031 sie
794 983 887 1033 derisio
897 986 930 1033 εει

114 1054 232 1116 peeuelonu
249 1051 360 1116 mortale,
376 1054 399 1102 el
412 1051 505 1116 gneius
517 1051 585 1116 quim
598 1051 808 1115 uouerurelimure
822 1053 929 1104 simililer

115 1125 150 1174 εει
164 1121 188 1172 in
204 1123 342 1185 mendesio,
362 1122 414 1186 quia
425 1123 602 1174 contumeliosus
615 1123 706 1173 ridetur
720 1122 832 1188 enn'pere
842 1126 926 1176 mdnu
970 1160 972 1165 -

116 1193 209 1245 dedus
226 1195 324 1258 seriose,
339 1195 418 1246 illusor
431 1198 509 1245 aulem
523 1195 548 1244 in
563 1196 657 1256 ludum3
672 1198 697 1245 ει
712 1195 747 1244 ile
766 1195 863 1246 ridetur
879 1209 926 1247 rese
970 1190 972 1233 ἶ

116 1265 188 1330 major
206 1269 349 1330 conlemptus
368 1269 393 1316 ει
411 1265 613 1318 dehonoratione
635 1265 763 1316 seenuddrn
779 1267 827 1318 hoe
851 1267 925 1318 illusio

116 1339 152 1388 sel
163 1349 231 1399 prave
245 1340 378 1400 peccalum,
391 1340 415 1388 el
424 1335 488 1387 leuld
496 1336 601 1400 mulus,
614 1336 700 1400 queutd
708 1337 787 1401 mejor
795 1339 923 1390 reverentie

116 1407 210 1460 deletur
220 1421 324 1472 persone
338 1422 389 1472 quae
401 1409 511 1460 illuditur.
526 1407 591 1458 Unde
605 1407 767 1472 purissimum
782 1413 823 1460 εει
831 1411 923 1462 irridere

115 1477 186 1530 Deum
202 1483 225 1530 ει
240 1492 268 1530 eu
285 1493 335 1544 quae
346 1479 387 1531 Ilei
404 1484 457 1532 sunl
468 1518 475 1542 ,
488 1478 615 1530 seeundum
628 1479 684 1530 illud
702 1482 776 1538 Isau,
796 1481 901 1532 xxxvii
915 1495 921 1529 :

118 1550 188 1602 «Cui
208 1552 365 1616 exprobrasti,
386 1557 409 1602 el
429 1566 496 1618 quem
521 1551 703 1616 lrlespluemuuti,
717 1557 743 1603 ει
763 1567 838 1618 super
857 1566 922 1619 quero

117 1623 222 1674 eralusli
234 1636 313 1674 uooem
328 1623 405 1674 luem?
418 1640 433 1672 r>
448 1624 477 1673 El
492 1628 573 1688 postea
593 1623 697 1673 subdilur
710 1638 717 1674 2
730 1640 746 1672 s
760 1626 798 1674 dn
816 1625 922 1676 Senem

117 1693 232 1746 leruelle
256 1695 341 1746 lleiude
359 1695 484 1748 seeundum
506 1695 582 1744 loennr
600 1697 663 1745 ιεεει
683 1693 762 1746 irrisio
784 1701 920 1760 pareutum

116 1767 177 1818 nude
191 1766 273 1818 diellur
289 1769 373 1824 Pron..
390 1767 472 1820 XXX:
488 1783 503 1814 u
516 1767 611 1818 &ulum
629 1767 668 1831 qui
684 1766 817 1818 submoues
827 1773 920 1833 peiren

117 1841 140 1891 el
157 1839 253 1903 despicit
268 1843 357 1904 pertun
371 1838 448 1890 malnis
457 1851 521 1899 sune,
534 1836 643 1889 effodiunt
653 1838 785 1891 eumrcorri
799 1841 830 1890 de
839 1844 922 1890 ιεπεε

116 1910 187 1972 libus,
197 1914 220 1962 ει
233 1911 352 1963 comeduut
367 1923 419 1960 eum
433 1909 474 1960 lilii
485 1908 575 1973 equile.
589 1925 604 1956 n
615 1909 700 1960 lleiode
710 1911 920 1974 justornmderisio

117 1983 208 2048 panius
221 1987 271 2045 est,
286 1983 340 2047 quia
352 1983 424 2036 honor
439 1985 476 2034 εει
489 1981 579 2032 viduus
594 1981 728 2046 premium
744 1987 770 2032 ει
784 1987 871 2035 nouus
881 1986 922 2034 leon

119 2052 200 2104 dieitur
215 2053 273 2110 dod,
285 2055 326 2106 Xll
337 2070 343 2104 ε
355 2071 369 2102 u
380 2054 497 2105 Deridelur
507 2052 565 2115 justi
577 2052 720 2117 simpliciles.
730 2070 744 2100 o
759 2056 821 2113 Quae
837 2055 924 2120 quidem

118 2124 200 2176 derisio
213 2124 279 2175 valde
292 2126 373 2177 nocive
381 2130 426 2190 est,
442 2126 495 2190 quie
505 2139 546 2189 per
556 2126 601 2176 lroo
613 2125 719 2177 homiues
733 2125 823 2176 ilrend
837 2129 923 2192 egendo

117 2197 283 2262 impediuntur,
298 2197 421 2248 secundun
438 2199 494 2250 illud
506 2198 607 2261 Gregorii
623 2213 629 2248 :
646 2215 661 2244 (ι
672 2197 716 2258 Qui
730 2197 756 2247 iu
775 2198 878 2252 eliorum
890 2214 926 2250 ee-

118 2269 179 2320 libus
193 2269 275 2320 exerui
284 2269 343 2320 bone
356 2269 494 2334 respiciunt,
511 2282 564 2319 mox
575 2282 603 2320 ee
621 2282 690 2319 manu
702 2268 823 2332 pestilerae
841 2272 924 2336 'expuo

118 2340 228 2392 lullonis
241 2340 351 2391 erelluul.
364 2357 378 2389 o

150 2413 183 2463 ud
197 2410 292 2476 primunr
303 2425 356 2476 ergo
366 2413 499 2476 dcundum,
509 2411 569 2478 qudd
578 2412 646 2464 ludus
656 2425 703 2464 non
711 2410 823 2476 importet
836 2414 922 2478 aliqud

118 2482 255 2536 contrarium
277 2482 394 2548 ciuitati,
414 2488 521 2548 respectu
537 2485 588 2548 ejus
607 2498 659 2534 sum
672 2496 717 2548 qno
730 2483 831 2549 luditur3
846 2489 922 2549 polest

119 2557 196 2606 lunen
210 2554 331 2618 inportare
351 2554 433 2619 aliquid
457 2555 594 2606 eontrariruu
611 2553 729 2617 nonnuli,
744 2559 855 2620 respeeln
872 2559 923 2622 ειεε

119 2627 147 2678 de
160 2639 205 2688 qno
223 2626 315 2687 luditur,
325 2630 419 2690 propior
436 2630 602 2691 contemplum,
615 2630 643 2676 ul
654 2627 737 2678 dielom
751 2630 796 2677 εει.

150 2695 183 2743 nd
197 2697 320 2746 seeundum
330 2697 465 2760 dicendum,
475 2697 584 2761 quddille
596 2698 752 2762 quireoidivul
765 2698 791 2748 in
801 2702 918 2762 psorem

119 2764 146 2812 de
156 2778 200 2826 quo
214 2764 333 2829 poenituit,
347 2769 370 2816 ει
383 2767 422 2818 ille
435 2768 475 2830 qui
491 2768 593 2832 simulat,
608 2769 777 2833 nonexpresse
790 2770 864 2820 lleern
873 2770 921 2820 irri-

117 2834 170 2894 det,
187 2834 227 2884 sed
238 2837 303 2898 quasi
319 2836 505 2904 ulerprelerive,
519 2840 546 2892 in
555 2843 666 2904 mulum
683 2840 771 2894 solues
784 2842 815 2894 ed
828 2842 917 2895 mesu
