1992 3317
376 140 409 178 lin
425 141 529 179 amausi.
808 142 853 189 255

50 221 101 269 suut
114 217 171 278 iidci,
185 216 257 279 sequi
271 219 347 279 potest
361 231 391 266 ex
403 218 449 266 boc
462 218 575 280 corruptio
586 218 646 269 lidei.
656 220 722 272 Unde
731 223 778 273 Leo
794 238 852 289 papa

3 337 4 342 ,
48 290 70 339 iu
93 290 184 353 madum
207 286 312 350 Epistola
329 286 364 350 (l)
380 288 410 337 ad
425 288 551 336 Proterium
568 290 703 355 Episcopum
721 294 853 344 Alexandri-

48 374 112 422 num,
125 360 178 410 dicit
192 358 257 422 quod
273 357 390 406 «inimici
407 357 481 406 crucis
497 358 581 409 Christi
597 362 717 423 omuibus,
736 368 760 415 et
777 367 853 417 verbis

47 433 124 481 nostris
136 430 279 482 insidiantur
290 433 314 478 et
330 427 439 491 syllabis,
451 428 470 477 si
483 429 553 479 ollam
569 430 614 481 illis
625 432 660 481 vel
671 436 764 485 tenuem
780 448 850 487 occa·

46 504 127 551 sionem
144 502 240 560 demus,
255 511 301 561 qua
321 498 460 549 Nestoriano
481 500 559 549 sensui
579 514 621 551 uos
643 516 764 567 congruere
786 520 851 557 meu-

48 574 130 621 llantur
150 588 163 617 u

79 644 111 692 nd
121 637 206 693 tertium
223 639 362 703 dicendum,
374 638 436 703 quod
451 640 511 691 sicot
531 643 670 706 Augustinus
684 644 738 697 dicit
756 647 849 713 (Epist.

50 714 148 777 cusu),
166 717 190 763 et
203 713 229 762 in
241 713 368 767 Decretis,
384 712 469 772 XXIV,
482 726 521 775 qu.
544 718 571 775 3,
590 726 639 777 cap.
654 715 733 765 Dicit
745 720 849 781 Aposto-

50 788 100 842 lus,
111 789 166 849 etc,
181 784 215 835 sic
237 784 355 833 liabetur:
374 781 432 832 «si
451 782 490 845 qui
508 783 644 833 sententiam
663 798 727 836 suam
746 790 849 853 quamvis

49 860 123 907 ialsam
133 858 198 919 atqm
206 866 351 919 perversam,
359 852 422 902 nulla
437 853 549 915 pertinaci
559 853 703 907 animositate
714 857 847 921 detendunt,

48 931 148 991 querunt
166 930 239 975 autem
261 929 330 974 canta
350 923 505 975 sollicitudine
523 924 658 986 veritatem,
676 928 757 990 corrigi
776 933 848 993 parati

49 995 100 1047 clim
113 996 245 1053 invenerint,
260 1007 407 1059 nemausam
419 998 472 1045 sunt
483 994 671 1045 interbaeretioos
684 998 818 1063 deputandi,
833 1018 846 1047 u

49 1069 102 1130 quia
114 1068 197 1117 scilicet
213 1080 262 1117 nou
279 1066 367 1115 babent
379 1064 517 1115 electionem
531 1066 721 1116 contradicentem
740 1068 846 1121 Ecclesia

46 1138 210 1189 docimesio
230 1149 286 1200 ergo
307 1134 378 1199 aliqui
400 1136 504 1185 doctores
525 1136 630 1186 ridentur
649 1136 798 1203 dissensisse,
812 1143 848 1191 rel

45 1211 99 1259 circa
112 1224 139 1260 ea
151 1220 251 1273 quorum
264 1207 323 1257 nihil
336 1206 434 1256 interest
448 1206 475 1256 ad
491 1206 558 1257 fidem
581 1211 657 1258 utrum
676 1208 708 1259 sic
730 1209 768 1259 vel
782 1210 848 1261 aliter

45 1284 168 1344 teneamur,
176 1279 215 1329 rel
225 1276 295 1327 etiam
307 1276 331 1327 in
343 1275 479 1340 qubusdam
491 1278 518 1327 ad
529 1277 595 1328 tidem
606 1278 782 1343 pertinentibus,
795 1295 846 1344 quar
898 1298 901 1305 ¹

45 1352 139 1401 nondum
156 1352 225 1401 erant
241 1362 284 1411 per
300 1347 430 1397 Ecclesiam
450 1344 608 1397 determinata.
625 1352 745 1415 Postquam
769 1354 845 1401 autem

43 1424 116 1470 esseut
132 1420 271 1470 anctoritate
288 1417 426 1468 universalis
448 1416 555 1467 Ecclesia
579 1418 738 1483 determinata,
756 1421 845 1485 siquis

45 1492 82 1539 tali
97 1490 236 1542 ordinationi
245 1488 395 1553 pertinaciter
408 1493 560 1551 repugnaret,
572 1490 692 1539 hereticus
702 1496 842 1542 censeretur.

43 1565 95 1620 Once
113 1564 206 1625 quidem
219 1560 343 1611 auctoritas
356 1559 514 1623 principaliter
526 1560 611 1610 residet
625 1560 647 1609 in
663 1575 752 1611 summo
765 1562 846 1613 Ponti·

41 1636 100 1695 dcc,
114 1632 195 1682 dicitm
216 1632 280 1682 euim
298 1630 380 1693 xxti,
399 1645 439 1693 qu.
453 1631 475 1690 l,
492 1631 501 1695 (
517 1643 568 1693 cap.
586 1631 700 1691 Quoties,
721 1646 749 1680 ex
769 1634 845 1695 Epist.

42 1706 180 1754 [innocentii
192 1705 218 1767 l,
234 1704 265 1753 ad
275 1701 400 1753 concilium
417 1698 532 1762 bliterit.)
551 1714 556 1749 :
577 1701 699 1759 «Quoties
719 1702 773 1751 ildei
788 1704 847 1752 ratio

39 1775 174 1839 ventilator,
189 1774 287 1824 arbitror
299 1786 381 1823 omnes
395 1770 476 1823 iratres
490 1776 578 1821 nostros
596 1775 620 1821 et
639 1771 786 1835 coepiscopos
801 1786 846 1823 non

41 1848 81 1895 nisi
95 1848 125 1897 ad
135 1849 244 1908 Petrum,
256 1844 280 1895 id
296 1847 332 1895 est
349 1844 377 1893 ad
394 1843 430 1891 sui
447 1842 547 1892 nominis
564 1846 588 1891 et
607 1841 700 1893 honoris
716 1845 844 1907 auctorem,

41 1918 119 1967 reterre
136 1918 232 1967 debere,
251 1933 265 1961 s
281 1916 368 1965 Contra
385 1912 453 1976 cujus
466 1913 625 1963 auctoritatem
638 1926 681 1962 uec
695 1912 845 1977 Hieronymus

41 2002 79 2037 uec
93 1988 249 2051 lamminas,
265 1985 405 2049 necationis
421 1995 534 2035 sacrorum
546 1986 661 2034 doctorum
675 1996 739 2034 suam
753 1992 844 2035 senteu-

41 2060 90 2107 tiam
108 2059 223 2109 dclcudit.
242 2057 308 2109 Unde
324 2058 381 2107 dicit
398 2055 550 2120 llieroupmus
564 2056 592 2105 ad
604 2056 724 2105 Damasum
736 2067 818 2119 papam
836 2073 841 2105 :

42 2144 54 2172 a
65 2128 116 2179 linc
126 2130 163 2179 est
175 2126 248 2188 fides,
260 2132 324 2189 Papa
335 2126 483 2189 beatissime,
494 2139 562 2191 quam
570 2126 595 2175 in
604 2126 713 2177 catholica
724 2126 841 2177 didicimus

42 2200 151 2264 Ecclesia3
167 2199 195 2248 iu
215 2211 263 2261 qua
276 2197 295 2246 si
310 2195 389 2245 minus
402 2196 487 2259 periti,
504 2201 542 2247 aut
560 2210 640 2261 parum
654 2196 718 2247 cunti
731 2196 789 2247 lorti
803 2198 843 2245 ali-

43 2271 90 2330 quid
102 2270 206 2334 positum
219 2272 270 2328 est,
286 2266 405 2317 emendari
419 2268 523 2330 cupimus
538 2266 601 2329 ate,
613 2268 652 2331 qui
665 2269 727 2317 Petri
740 2268 808 2317 tidem
819 2272 842 2317 et

42 2343 111 2390 sedem
126 2346 203 2391 teum.
218 2340 244 2390 Si
259 2341 337 2388 autem
356 2339 409 2387 boc
423 2342 500 2387 nostra
522 2338 633 2388 confessio
647 2339 793 2401 apostolatus
806 2338 841 2387 tui

39 2410 118 2468 indicio
130 2411 304 2475 comprobatur,
319 2408 458 2473 quicumque
471 2422 507 2459 me
526 2410 614 2473 culpare
632 2409 744 2471 voluerit,
758 2422 783 2461 se
798 2410 842 2457 iun-

42 2484 133 2540 peritum
151 2484 190 2533 rel
208 2482 364 2541 malevolum,
378 2482 416 2529 uel
428 2481 496 2531 etiam
517 2494 562 2531 nou
576 2478 726 2545 catholicum,
740 2494 787 2531 non
805 2491 841 2529 nie

42 2552 167 2603 namucum
181 2552 352 2617 comprobabit.
367 2566 381 2596 u

73 2658 105 2720 ll)
119 2665 189 2716 wem
210 2663 329 2709 excidisse
354 2660 465 2706 Baronim
484 2662 514 2706 ad
533 2674 618 2707 aunum
637 2661 683 2705 i53
702 2666 776 2705 notat.
798 2658 842 2705 Sed

44 2721 216 2775 tincturum
227 2727 265 2773 ver
277 2722 529 2770 immaniorum
540 2726 586 2769 iaie
597 2724 682 2781 iniquia
694 2724 778 2767 aaaron
787 2724 840 2766 neo.
