1992 3317
411 133 444 169 ms
458 132 523 170 uros.
821 116 864 174 123

41 210 116 261 sicut
128 216 231 275 tempore
239 211 317 275 prius,
329 209 363 259 ila
372 213 397 259 et
409 209 505 260 ceteris
519 210 678 271 abundantius,
691 215 716 261 nt
726 211 865 265 dim'tdlossa

59 296 123 347 snper
132 283 188 333 illud
204 285 290 341 Rom„
309 282 382 331 Vlll:
399 298 414 328 u
426 282 474 330 Nos
488 281 535 345 ipsi
545 280 654 345 primitias
667 282 760 347 spiritus
776 285 862 335 baben·

62 360 124 404 les.»
134 355 193 417 Ergo
205 354 297 404 videm
307 352 370 415 qnbd
385 352 487 414 cognitio
503 352 643 402 credibilium
655 366 699 404 non
715 356 813 406 creverit
825 370 867 420 per

59 433 180 489 temporum
195 423 384 475 successionem.

90 498 131 546 Sed
141 500 217 547 ronlra
225 499 272 557 ost,
282 497 345 559 qnod
356 494 481 558 Gregorius
492 493 548 545 dicit
558 495 650 560 (Homil.
660 498 710 546 xvl
717 497 742 547 in
754 499 863 563 dccet),

59 567 119 631 quiid
132 585 145 614 a
157 566 284 619 secuudim
299 567 447 617 incrementa
460 571 591 630 temporum
603 568 674 619 crevit
688 570 783 620 scientia
799 585 864 622 sanc-
900 580 903 587 ⁴

59 649 131 688 torum
149 639 294 702 Patrumll),
310 642 335 690 et
354 637 444 702 quanto
465 638 592 689 viciniores
610 641 716 691 adventui
740 642 864 694 salvatoris

61 715 161 776 luerunt,
174 710 241 761 tanto
253 714 400 761 sacramenta
419 710 503 760 salutis
515 711 607 774 plenitus
624 717 783 777 perceperunt.
802 728 816 761 n

90 784 100 847 (
108 786 246 835 Concumm.
261 810 292 820 -
303 782 400 833 Articuli
416 782 470 832 lidei
485 786 612 846 temporum
624 783 768 835 successione
785 799 863 836 creve-

61 858 126 917 runt,
137 869 182 905 nou
197 853 292 918 quidem
310 856 426 917 quantum
438 854 468 903 ad
483 853 647 917 substantiam,
661 856 701 905 sed
715 863 823 917 quantum
835 858 863 906 acl

60 926 228 989 explicationem
242 930 267 975 et
278 937 414 989 expressam
431 924 617 988 professionem,
631 938 684 975 nam
697 938 747 989 quae
758 927 864 991 explicite

59 1002 81 1046 el
95 997 137 1046 sub
149 997 227 1060 majori
243 1010 342 1047 numero
355 996 369 1045 ir
383 993 485 1059 posteris
498 994 585 1044 credita
597 998 660 1058 sunt,
676 998 752 1047 eadem
763 998 838 1049 omnia
851 998 864 1049 t

61 1070 207 1134 superioribus
220 1069 330 1135 palrrbus
344 1067 459 1133 implicite
471 1071 495 1118 el
509 1067 551 1117 sub
568 1068 652 1119 minori
666 1081 760 1120 numero
778 1071 863 1121 eredita

60 1141 170 1205 luerunt.)

88 1214 221 1276 Respondeo
239 1213 380 1275 dicendum,
392 1211 454 1276 qnbd
469 1213 503 1262 ita
518 1225 542 1263 se
561 1212 683 1262 babentia
698 1212 799 1262 doctrina
813 1212 865 1265 fidei

63 1285 144 1334 articuli
156 1285 222 1348 fidei,
238 1285 299 1335 siem
313 1284 433 1348 principia
444 1296 487 1347 per
507 1296 532 1334 se
542 1288 596 1333 nota
612 1283 636 1333 in
651 1281 811 1347 doctrinaque
823 1298 863 1349 per

62 1356 161 1406 mlionem
172 1356 306 1406 naturalem
318 1356 435 1416 habetnr3
445 1352 563 1417 inquibus
573 1353 690 1419 principiis
702 1354 757 1405 ordo
768 1356 861 1420 quidam

66 1428 87 1474 in
98 1429 189 1490 venitur,
197 1432 228 1477 nt
240 1428 345 1490 quasdam
364 1427 396 1483 in,
407 1425 461 1476 aliis
476 1424 587 1489 implicite
605 1425 765 1477 contineantur
780 1442 785 1475 :
802 1427 864 1477 sicut

65 1500 130 1549 omnia
144 1499 263 1565 principia
280 1499 425 1549 reducuntur
438 1497 526 1546 adhoc
540 1496 596 1546 sicut
610 1496 640 1547 ad
652 1496 750 1561 primum
769 1513 774 1546 :
791 1514 805 1545 rr
817 1498 862 1547 lm-

62 1570 158 1631 possrble
167 1574 205 1621 est
217 1570 288 1621 simul
297 1570 414 1620 affirmare
425 1572 450 1619 et
461 1580 553 1631 negare,
564 1584 577 1615 u
591 1572 617 1618 ut
632 1569 696 1632 patet
706 1581 748 1633 per
761 1570 862 1619 Philoso-

61 1642 123 1701 pbum
134 1642 159 1692 in
172 1643 211 1692 lv.
227 1644 374 1706 Metnptys.
387 1640 417 1689 Et
434 1637 541 1689 simililer
554 1652 633 1689 omnes
649 1638 738 1690 articuli
751 1638 862 1703 implicite

61 1712 197 1764 optinentur
207 1714 232 1763 in
241 1713 359 1777 aliquibus
367 1710 451 1775 primis
459 1708 615 1773 credibilibus,
625 1708 712 1759 scilicet
722 1713 748 1757 nt
758 1710 861 1759 credatur

62 1784 113 1833 bens
128 1798 198 1848 esse,
217 1787 242 1835 et
254 1783 426 1848 providentiam
438 1780 524 1831 habere
539 1781 598 1831 circa
616 1781 733 1830 bominum
752 1780 861 1843 sulutem,

61 1855 177 1905 comtum
188 1854 246 1905 illud
257 1855 295 1905 nd
306 1854 395 1914 Hebe,
405 1854 437 1904 xl
450 1867 456 1901 ε
467 1852 643 1903 «secedentem
654 1852 682 1901 ad
693 1851 763 1901 lteram
777 1854 863 1915 oportet

61 1926 142 1978 credere
154 1928 270 1991 palaest,
285 1931 309 1976 et
324 1925 387 1989 qnbd
400 1924 569 1989 inquirentibus
584 1937 610 1975 se
624 1925 778 1973 remunerator
797 1923 834 1973 sit.
846 1940 861 1968 s

64 1997 84 2044 ln
97 2013 143 2047 esse
156 1999 221 2049 enirn
237 1998 317 2048 divino
329 1997 481 2047 includuntur
493 1994 570 2046 omnia
583 2009 632 2060 quac
651 1994 762 2045 credimus
776 1994 858 2045 iubeo

63 2070 324 2128 ar:tenraliter1exislere;
337 2069 362 2118 in
376 2066 462 2132 quibus
481 2068 558 2116 nostra
575 2066 690 2117 beatitudo
707 2064 819 2116 consistit.
837 2066 861 2114 ln

64 2139 101 2188 lide
109 2146 188 2193 autem
201 2141 352 2206 providentias
368 2138 518 2189 includantur
531 2138 607 2188 omnia
621 2152 671 2201 quae
684 2137 837 2201 temporaliter
848 2136 861 2186 b

67 2212 105 2261 [leo
115 2214 278 2278 dispensantur
288 2214 317 2263 ad
329 2211 453 2263 bominum
471 2210 582 2273 salutem3
595 2222 645 2273 quat
659 2213 712 2260 sunt
722 2208 758 2258 via
770 2207 793 2257 in
806 2210 861 2258 bea·

64 2283 184 2337 titudinem,
199 2287 228 2336 Et
239 2299 282 2351 per
291 2288 355 2335 bunc
366 2283 438 2335 etiam
451 2284 555 2343 modum,
567 2281 661 2332 aliorum
674 2281 859 2344 subsequentium

69 2356 200 2409 anicularum
210 2358 303 2423 quidam
312 2357 338 2407 in
350 2355 403 2406 aliis
412 2354 559 2405 eontinentur
571 2368 576 2403 :
589 2354 648 2404 sicut
660 2354 685 2402 in
699 2354 742 2403 lide
754 2353 861 2415 redemp-

69 2424 126 2477 tionis
140 2431 247 2480 burnanae
260 2426 374 2492 implicite
391 2423 539 2475 continentur
552 2426 574 2475 et
591 2423 716 2474 incarnatio
733 2423 819 2473 Christi
837 2424 860 2473 ot

97 2543 125 2604 (il
138 2549 187 2595 Etsi
201 2559 306 2604 mouens
318 2544 438 2603 appendix
450 2549 486 2589 est
501 2544 620 2602 lingonis,
631 2543 672 2589 lib.
691 2544 711 2589 1.
726 2542 762 2587 De
774 2541 861 2587 Socra-

72 2612 157 2660 mmo,
169 2616 232 2668 part.
244 2612 281 2668 x,
295 2622 349 2666 cap.
361 2607 388 2665 6,
401 2618 450 2651 non
463 2606 578 2666 Gregorii,
590 2606 630 2663 qui
645 2606 679 2651 sie
694 2605 812 2651 dumtaxat
825 2604 859 2649 ibi

72 2670 132 2725 streis
141 2689 147 2716 ι
158 2675 219 2719 Plus
228 2684 334 2730 mosque
343 2670 435 2726 braum
445 2670 518 2727 pedm
527 2668 658 2717 Abrabam,
663 2668 722 2725 plus
732 2667 858 2725 Prophetae

75 2729 122 2774 “dn
138 2734 241 2793 Moyses,
259 2735 317 2793 plats
341 2731 452 2791 Apostoli
469 2732 542 2789 paedor
563 2731 687 2789 Propbetoe
703 2732 732 2775 irs
747 2729 859 2787 ommipo-

76 2793 133 2839 ¹⁰¹llir
144 2798 186 2844 ben·
199 2798 306 2844 seientia
319 2794 418 2841 eruditi
434 2797 492 2839 root
505 2813 512 2837 .·
524 2793 590 2839 rende
603 2793 704 2851 Daniel,
719 2792 761 2836 ΧΗ
780 2808 785 2835 r
803 2792 860 2835 Per·-

74 2856 327 2920 ‘mmmm-iuri,
339 2862 362 2904 et
375 2856 508 2915 multiplex
526 2856 574 2901 ortt
583 2856 694 2901 reiectio.
