1992 3317
289 176 322 215 D!
337 176 480 219 mutunus
495 179 601 219 (ium.
817 176 856 222 63)

48 250 145 318 inportat
165 253 386 305 transmutationem
408 256 528 318 quamdam
548 257 578 309 do
595 259 657 308 statu
680 257 801 323 injustitie
819 260 851 311 ad

48 328 120 375 statum
134 324 232 390 justitian
247 324 375 387 prodicta.
393 324 422 375 iit
437 326 481 375 hoo
496 328 565 378 modo
578 328 693 391 munimur
705 328 744 381 bio
756 330 785 381 de
799 330 850 394 J'us·

49 396 161 449 ditatione
181 396 265 462 impii,
285 398 413 448 seeundum
433 396 490 449 illud
504 400 623 463 Apostoli,
644 400 846 457 nouom.,1v2

48 486 59 513 n
69 468 92 519 Ei
101 470 140 533 qui
153 480 201 519 non
219 472 347 533 operatur,
368 469 471 519 credenti
487 473 564 521 autom
578 470 603 521 iu
618 484 671 522 enm
684 473 725 536 qui
733 473 849 537 J'uetitioat

46 540 146 604 inpium,
161 544 206 591 eto.
222 556 237 587 n
253 541 283 591 Et
297 540 352 604 quia
369 542 446 591 motus
464 541 623 592 denominatur
635 544 710 607 magis
722 543 737 594 d
751 543 849 596 termino

46 611 76 660 od
88 626 169 677 quent,
184 624 255 675 quern
270 611 397 663 itermino
409 613 425 661 d
436 627 492 677 quo,
504 612 555 664 ideo
565 614 697 677 hujusmodi
710 618 848 666 transmuta-

46 683 86 744 tio,
96 697 139 747 qua
153 682 238 747 aliquia
252 686 421 733 transmutatur
432 682 515 735 dstatu
528 684 648 747 iniustitiae
662 686 692 736 ad
703 688 788 739 etatum
798 687 850 751 jue·

45 754 92 805 titio
103 767 144 819 per
160 754 327 807 remissionem
347 754 452 819 pennati,
468 756 562 807 sortitur
574 770 658 810 nomen
672 754 794 809 intermino
812 758 848 806 ad

45 842 124 888 praem,
138 829 275 877 etuoeatur
283 826 448 891 justificatio
462 828 551 891 impii.
848 864 852 878 .

71 898 102 947 nd
114 896 215 963 primum
225 910 282 961 ergo
293 896 428 958 dioeudum,
436 896 496 961 qnod
507 911 575 950 omne
584 901 714 963 peecatum,
723 900 847 952 seeundum

44 969 99 1031 quod
114 970 221 1033 importat
239 970 365 1033 quamdam
382 968 575 1025 inordinationem
591 970 676 1020 mentis
691 984 738 1022 uon
751 971 847 1023 subdito

42 1039 93 1101 dieo,
109 1040 243 1103 injustitia
255 1042 338 1103 potest
351 1037 398 1089 dici
405 1074 414 1101 ,
425 1038 540 1101 predictae
551 1038 649 1103 justitiae
664 1039 793 1103 contraria,
809 1054 847 1091 se·

41 1110 134 1160 eundum
144 1110 204 1161 illud
219 1112 239 1161 1.
255 1112 342 1168 Ioum,
360 1110 391 1159 111
405 1125 410 1157 :
426 1126 440 1157 u
453 1108 533 1167 Omnis
545 1110 586 1175 qui
602 1110 658 1160 iacit
671 1111 809 1174 petentum,
823 1115 848 1162 et

43 1182 176 1245 iniquitatem
196 1182 275 1245 taeit,‘
285 1187 310 1233 et
328 1185 451 1247 peecatum
465 1185 501 1233 est
513 1181 630 1247 iniquitas.
648 1200 663 1229 n
681 1183 708 1232 nt
722 1182 845 1235 secuudum

42 1255 80 1303 troo
97 1255 194 1307 remotio
215 1253 344 1318 cujuslibet
357 1252 447 1319 peccati
463 1252 718 1318 dieiturjuetifiooti'o.

71 1328 100 1377 nd
112 1326 242 1377 seeundum
258 1323 394 1385 dicendum,
408 1322 467 1387 qu'od
479 1325 534 1375 tides
545 1328 568 1375 et
581 1325 681 1375 charitas
695 1325 772 1376 dieunt
785 1326 848 1377 ordi·

46 1412 90 1448 uem
100 1398 226 1463 specialem
238 1396 325 1447 mentis
335 1398 443 1447 humanm
452 1396 481 1447 ad
491 1397 563 1447 lieum
575 1396 699 1447 secundum
707 1396 849 1447 intellectum

46 1470 212 1532 rodidedum
231 1469 274 1519 sed
292 1468 386 1532 justitia
406 1467 514 1532 importat
536 1468 672 1532 generaliter
691 1471 762 1519 totam
776 1469 849 1519 renti·

48 1543 138 1593 tudinem
149 1540 248 1593 ordinis.
260 1541 290 1591 Et
304 1540 357 1591 ideo
368 1539 445 1603 magis
458 1540 617 1593 denominatur·
628 1541 760 1605 hujusmodi
773 1544 849 1592 maus·

43 1616 132 1665 mutatio
144 1615 160 1665 i
175 1614 270 1680 justitia
281 1625 350 1677 quarn
361 1611 375 1662 ir
387 1612 500 1663 chantate
510 1614 548 1663 rel
560 1614 613 1665 tide.

71 1686 101 1736 nd
118 1685 214 1737 tertium
236 1682 453 1747 dicendum‚o1udd
469 1684 557 1735 vocatio
575 1686 672 1735 retertur
691 1686 720 1733 ad
734 1683 848 1735 auxilium

43 1756 79 1805 nei
94 1757 192 1809 interius
206 1755 323 1807 moventis
341 1757 364 1806 et
384 1754 509 1806 excitantis
530 1760 631 1807 ruentem
646 1756 674 1805 ad
693 1752 841 1809 deserendum

44 1832 167 1889 peceatum.
183 1829 241 1887 Qum
251 1826 346 1891 quidem
359 1826 432 1877 motio
449 1824 490 1877 Dei
507 1840 552 1878 uon
565 1831 600 1879 eet
613 1826 664 1891 ipea
678 1825 781 1879 remissio
795 1839 848 1891 pee-

42 1899 98 1962 cati,
112 1900 153 1951 sed
166 1912 237 1951 eausa
252 1898 315 1961 ejus.

341 2058 505 2109 numenius
519 2060 549 2109 li⁴
633 2084 637 2089 ·

70 2176 157 2223 istriam
166 2177 199 2223 ud
211 2176 378 2223 remissionem
391 2174 539 2233 culpamque
549 2177 582 2220 eet
594 2176 738 2233 justificatio
746 2178 823 2235 impii,

271 2238 416 2298 requiratur
429 2238 515 2295 prutina
523 2239 622 2294 tresueio.

75 2358 105 2409 ¹td
118 2358 247 2411 secundnm
261 2359 297 2408 sin
310 2356 442 2421 proceditur
455 2353 498 2419 (t).
514 2356 677 2420 Videtnrnudd
691 2360 720 2408 ad
734 2358 851 2409 remissio·

44 2442 94 2479 uem
106 2430 194 2495 eulpae,
208 2442 261 2495 qum
275 2432 311 2480 est
322 2426 461 2493 justificatio
476 2426 555 2493 impii,
569 2440 615 2479 non
627 2428 755 2493 requimtur
768 2430 846 2494 gratim

42 2501 133 2553 intnsio.
155 2502 236 2553 Potest
253 2500 316 2551 euim
334 2498 420 2563 aliquis
440 2499 552 2550 remoueri
569 2500 597 2549 alr
611 2512 657 2550 uno
670 2500 784 2551 contrario
801 2500 852 2553 uiue

41 2576 82 2622 troo
96 2572 156 2638 qnod
175 2572 314 2637 perducatur
331 2571 488 2633 adulterum,
505 2570 525 2621 si
538 2571 651 2622 contraria
668 2570 714 2621 nint
731 2571 852 2623 mediata?

40 2645 84 2695 Sed
100 2647 176 2695 matur
189 2644 265 2709 onlpae
275 2644 300 2693 et
309 2645 383 2693 status
399 2640 478 2705 gratim
490 2645 543 2692 sunt
559 2642 670 2693 oontraria
683 2642 782 2694 mediata
793 2662 801 2701 t
812 2648 849 2694 eet

40 2717 101 2767 enirn
113 2716 205 2769 medius
217 2717 293 2767 status
303 2712 441 2767 innocentie
449 2712 474 2765 iu
483 2727 528 2777 quo
538 2715 608 2765 homo
616 2717 660 2765 'neo
669 2713 766 2777 gratiam
778 2713 850 2765 tabet

74 2842 109 2908 (r)
123 2849 156 2895 m
167 2846 205 2893 nu
216 2845 290 2893 enam
303 2844 435 2904 rusum,
447 2842 501 2889 une
511 2842 555 2901 rr,
569 2855 609 2902 qu.
623 2842 654 2902 ι,
668 2846 712 2890 m.
725 2840 741 2888 e
752 2872 759 2900 ,
770 2821 852 2899 qums*

41 2908 111 2959 nune.
129 2908 158 2967 ις
174 2915 199 2957 et
212 2920 254 2968 qn.
273 2906 319 2969 28,
332 2908 362 2957 de
381 2906 460 2968 terit,
476 2912 521 2955 art.
532 2906 556 2953 e.
851 2940 853 2944 -
