1992 3317
356 132 389 175 un
404 129 520 179 suatum
535 134 597 175 ean.
831 130 881 185 top

62 218 88 265 ut
97 214 125 264 in
136 224 163 264 ea
178 211 298 277 quietetur
306 210 459 275 voiuntas‚ita
470 214 595 265 deuotione
606 226 681 279 pono
690 217 737 277 ost,
746 216 774 267 ut
783 214 807 267 id
817 220 879 282 qnod

61 299 103 350 pro
124 296 197 349 poena
219 282 339 347 infligitur,
358 284 470 335 uoluntati
488 288 608 350 repugnet.
632 286 683 336 itou
706 289 781 339 auen
800 292 878 351 potest

61 358 210 407 uoluntatem
220 356 331 418 panteiano,
343 345 380 406 uei
389 352 410 405 ei
422 369 564 421 repugnare,
574 357 635 420 quod
646 357 772 419 ignoratur.
783 360 813 409 Et
823 360 876 413 ideo

63 428 212 491 Augustinus
229 426 286 477 dicit
305 428 389 491 Super·
405 428 465 477 Gon.
485 429 522 479 ud
540 428 634 487 litter„
648 429 708 493 guod
728 432 803 496 nugeii
825 446 877 497 per-

63 501 124 553 oet
138 500 203 551 beati
218 512 271 551 esse
286 512 332 549 nou
351 503 456 567 poteraut
474 500 497 553 iu
519 500 593 565 primo
608 505 668 553 etatu
685 506 738 554 aute
753 505 874 559 conduma·

62 574 161 629 tionem,
176 572 217 623 uel
227 572 328 637 tapsum,
341 570 393 622 edua
407 584 452 621 nou
466 572 643 637 esseutpuaesoii
656 574 692 625 sui
704 577 807 627 euentus.
826 576 874 628 Re-

64 646 163 709 quiritur
177 644 241 695 enim
263 644 289 693 ad
301 644 427 706 perfectam
441 646 464 694 et
477 658 553 694 ueram
565 644 743 711 beatitudiuem,
752 650 779 697 ut
792 648 877 715 aliquis

8 730 9 741 ¹
66 720 141 767 uerius
155 717 186 766 sit
200 716 229 766 de
245 728 293 765 suae
306 714 455 767 beatitudiuis
470 716 637 784 perpetuitate3
653 716 752 783 alioquin
769 720 876 775 voluutas

65 801 110 839 nou
127 788 281 853 quietereter.
295 786 407 837 similiter
420 787 488 839 etiam
502 786 554 839 edm
567 788 709 853 perpetuitas
722 790 875 845 damnationis

64 858 183 924 pertineat
195 859 328 925 adponam
342 858 513 920 damnatorum,
525 872 572 911 nou
586 859 641 911 uere
652 860 746 913 traheret
763 862 876 920 rationem

65 942 163 995 prenae,
178 929 224 979 nisi
241 928 356 979 uoluntati
374 933 526 993 repugnaret3
541 930 602 995 quod
617 942 669 980 esse
685 942 732 980 uon
744 937 839 996 posset,
853 934 876 985 ui

8 1026 9 1077 ἑ
66 1000 242 1067 perpetuitatem
256 1005 310 1051 suae'
321 999 473 1054 damnationis
488 1001 629 1065 ignorarent.
645 1000 674 1054 Et
692 1002 744 1052 ideo
758 1004 786 1053 nd
797 1006 876 1057 eondi-

64 1071 156 1122 tiouem
168 1072 263 1123 misedae
277 1072 435 1122 damnatorum
446 1072 593 1137 pertiuet‚ut
602 1072 646 1137 ipsi
657 1071 730 1124 scinu
744 1072 803 1135 quiid
813 1077 876 1128 uutlo

65 1144 134 1194 modo
150 1148 246 1208 possum
259 1144 431 1201 damnationem
446 1145 558 1205 euadere,
571 1146 594 1194 et
609 1144 637 1195 ed
651 1141 815 1197 beatitudiuem
824 1158 876 1209 peu-

65 1216 156 1267 ueuiro.
174 1216 242 1265 Unde
258 1214 341 1266 dicitur
358 1214 419 1273 dod,
438 1216 478 1265 XV
496 1231 503 1265 :
523 1233 537 1265 u
551 1216 602 1267 Non
625 1216 698 1267 eredit
713 1214 774 1281 quod
792 1219 877 1271 reueru‘

8 1328 9 1333 κ
64 1290 139 1353 possit
150 1288 179 1338 de
192 1287 294 1339 tenebris
308 1288 336 1339 ad
350 1288 437 1340 iumen.
448 1304 461 1335 u
473 1289 537 1339 Unde
547 1292 624 1357 patet,
636 1288 699 1353 quot
715 1301 763 1341 nou
777 1292 876 1355 pnsum

66 1361 240 1424 apprehendere
253 1360 420 1411 beatitudinem
431 1363 457 1410 ut
464 1360 549 1410 houm
559 1360 747 1424 poenitente
760 1373 804 1412 neo
815 1361 875 1414 beati

67 1436 91 1482 ut
102 1432 192 1483 bouum
205 1431 306 1481 futurum
321 1446 327 1481 :
340 1435 363 1481 ot
373 1430 425 1481 ideo
438 1444 511 1497 neque
521 1432 546 1480 in
556 1430 630 1481 beatis
640 1444 714 1498 neque
723 1431 747 1485 iu
759 1433 875 1489 damnatis

8 1554 9 1561 χ
66 1507 99 1553 est
118 1516 182 1567 spes.
200 1502 247 1551 Sed
266 1502 290 1551 iu
309 1500 448 1561 viatoribus,
468 1502 516 1551 nive
535 1504 582 1551 siut
599 1501 624 1553 iu
636 1502 685 1551 uita
702 1502 762 1567 iste,
785 1504 834 1559 uiue
848 1506 874 1564 iu

8 1564 10 1601 ³
66 1572 214 1635 purgatorio,
231 1570 309 1638 potest
330 1583 382 1621 esse
401 1583 469 1635 epes;
490 1570 545 1634 quia
563 1571 682 1637 utrobique
701 1575 876 1644 apprehendunt

66 1644 231 1695 beatitudiuem
248 1646 275 1694 ut
288 1644 391 1693 iutuuum
409 1642 526 1707 possibile.

8 1710 9 1729 ³
102 1715 137 1765 Ad
158 1712 252 1779 primum
280 1728 335 1779 ergo
356 1713 492 1775 dicendum,
512 1712 573 1777 quod
591 1713 651 1764 siout
673 1713 796 1778 Gregorius
819 1716 874 1769 dieit

8 1788 9 1793 ’
67 1787 176 1851 xxxiii,
194 1787 294 1849 odorat..²
314 1788 359 1837 hoo
374 1785 456 1835 dicitur
471 1786 500 1837 do
522 1783 612 1835 diaholo
629 1786 756 1836 seeundum
774 1788 874 1840 membra

66 1861 117 1924 ejus
127 1898 136 1925 ,
148 1872 244 1923 quorum
255 1870 309 1924 spen
321 1856 482 1911 enuntiabitur.
491 1856 534 1907 Vei
547 1856 567 1905 si
576 1855 716 1921 intedigatur
725 1857 753 1908 do
763 1856 815 1921 ipso
826 1859 873 1911 diu-

67 1934 127 1992 uolo,
141 1934 219 1995 potest
228 1930 309 1981 reterri
320 1930 348 1979 ad
359 1941 433 1993 spem,
442 1942 486 1995 qua
496 1933 573 1994 sperat
583 1941 608 1978 se
620 1929 648 1979 de
659 1927 743 1980 uauotis
752 1928 873 1982 victoriam

67 2004 187 2065 obtinere,
210 2002 338 2053 secundum
358 1998 414 2051 iiiud
431 2002 490 2065 quod
512 1999 580 2065 supri
597 2000 738 2067 premiserat
752 2015 758 2051 ε
772 2018 787 2050 «
800 2002 873 2057 Habet

68 2076 170 2127 fiduciam
182 2114 188 2137 ‚
200 2076 262 2141 quod
275 2073 378 2125 iordanis
392 2072 508 2125 iuiluatin
522 2084 548 2123 os
562 2072 621 2139 ejus.
636 2088 651 2121 u
661 2071 716 2124 iiaeo
731 2077 808 2125 auum
824 2088 871 2127 uon

68 2152 101 2200 est
114 2162 168 2214 spes
183 2148 211 2199 de
226 2160 272 2211 qua
290 2146 415 2210 loquimur.

97 2221 129 2273 td
153 2220 282 2271 secuudum
302 2218 436 2283 dicendum,
451 2217 512 2283 quod
529 2216 590 2267 sieut
610 2216 751 2281 Augustinus
771 2217 826 2270 dicit
847 2218 872 2271 iu

69 2291 218 2343 iinedim'dio
238 2292 310 2357 (cap.
321 2290 354 2353 8)
372 2304 385 2342 :·
394 2306 409 2357 u
425 2288 492 2341 Fides
505 2292 541 2341 est
555 2292 579 2339 et
590 2289 698 2339 maiarum
708 2302 785 2340 rerum
796 2294 820 2341 et
830 2291 871 2343 ito-

68 2377 164 2427 uamm,
177 2368 200 2415 et
212 2362 381 2428 praeteritarum
393 2363 415 2411 ot
434 2360 580 2425 presentium
598 2365 621 2411 et
631 2362 771 2426 futurarum,
784 2365 808 2413 et
819 2375 872 2417 eua-

68 2450 113 2486 uuu
127 2440 152 2487 et
164 2435 298 2495 alienarum
309 2432 351 2483 sed
365 2444 420 2497 spes
435 2437 528 2485 nonest
540 2432 584 2484 uisi
598 2446 675 2485 rerum
686 2433 798 2483 bonarum
808 2434 871 2485 iutu-

67 2521 140 2559 rarum
153 2509 182 2558 ad
198 2521 223 2559 se
237 2506 413 2573 pertinentium.
428 2520 442 2553 u
461 2508 490 2559 Et
500 2507 553 2560 ideo
569 2505 642 2571 magis
655 2508 731 2570 potest
746 2516 798 2563 esse
815 2506 871 2561 tides

66 2580 169 2631 iuiormis
182 2579 207 2630 in
225 2578 350 2642 dominatu,
366 2590 435 2642 quam
448 2592 517 2644 spuo,
532 2578 586 2642 quia
595 2579 654 2630 bona
667 2575 745 2628 diviua
762 2590 808 2630 uon
817 2581 872 2630 suut

67 2652 101 2701 eis
112 2650 188 2703 iutuaa
203 2650 333 2717 possibilia,
345 2651 387 2703 sed
404 2654 458 2703 suut
471 2651 507 2706 eis
524 2649 637 2704 ausentia.

98 2722 131 2773 id
147 2722 239 2775 eruum
253 2720 390 2785 dicendum,
406 2720 467 2785 quud
481 2721 584 2775 detectus
597 2719 647 2787 spei
659 2718 811 2778 indamnatis
822 2733 870 2776 nou

66 2792 138 2847 uariat
148 2794 292 2857 demeritum,
305 2791 365 2859 suut
378 2804 421 2845 neo
431 2792 549 2848 evacuatio
560 2792 610 2859 spei
621 2791 646 2847 iu
655 2790 730 2849 teuto
740 2795 811 2856 tutti
820 2804 870 2847 ute·

64 2865 307 2935 titun5ttduttuuue
321 2864 434 2933 ontupt
453 2864 805 2937 pronuntiationum·
832 2910 836 2917 .
866 2911 871 2916 .
