1992 3317
124 122 180 183 aad
250 126 360 171 smenon
373 126 505 183 esmona,
517 128 611 179 oum.
627 128 701 183 xxm,
713 128 769 171 nur.
783 128 812 170 n.

133 223 171 263 na.
186 226 200 259 o
214 210 278 261 Unde
293 212 316 261 et
329 208 379 274 ipsa
393 208 491 261 charitas
511 207 641 260 facultatem
655 210 740 260 nature
754 206 854 261 excedit.
869 207 940 269 Quod

132 288 209 334 autem
222 281 311 333 excedit
323 280 569 355 naturalacultatcm,
587 293 635 333 non
644 282 721 345 potest
733 292 785 331 csse
799 293 876 346 neque
895 295 941 333 na-

132 352 219 417 turale,
228 366 303 417 neque
312 365 354 419 per
361 348 475 417 potentias
487 352 603 403 naturales
611 352 766 417 acquisitum3
777 352 832 416 quia
842 352 940 405 effectus

133 424 243 475 naturalis
257 437 304 475 non
324 422 464 475 transmndit
482 436 546 475 suam
566 436 667 475 canmm.
690 423 755 475 Unde
768 426 868 476 charitm
888 439 940 476 non

115 539 117 545 .
130 500 288 563 potestneque
298 495 430 547 naturaliter
441 495 600 558 nobismessc,
610 509 684 559 neque
693 509 736 560 per
746 496 809 547 uires
819 498 940 549 naturales

133 568 169 618 est
179 567 297 633 acquisita,
305 567 345 618 sed
358 580 399 631 per
411 566 550 617 inlusionem
560 566 657 631 Spiritus
668 568 754 632 sancti,
765 568 805 632 qui
819 571 855 619 est
873 582 941 621 amor

132 636 207 689 Patris
229 643 252 691 et
266 638 333 701 Filii,
348 638 414 703 cnjus
427 638 571 703 participatio
589 638 614 689 in
633 638 700 689 nohis
717 642 753 690 est
770 640 820 705 ipsa
835 641 940 691 charitas
987 669 989 680 ·

130 714 225 774 creata,
241 711 300 761 sicut
310 709 379 776 snpra
392 710 474 761 dictum
488 712 531 760 eet.

165 783 197 833 nd
209 783 308 846 primum
321 794 375 846 ergo
388 781 522 845 dicendum,
535 779 597 846 quod
608 781 732 847 dionysius
741 782 840 847 loquitur
853 782 883 833 de
897 783 935 834 di·

125 850 231 905 lectione
245 852 287 903 Ilei
303 868 353 917 quae
364 854 472 903 fundatur
487 866 555 917 super
574 854 778 906 communicatione
795 852 939 905 naturalium

133 924 259 989 bonorum,
278 931 302 977 et
327 926 378 977 ideo
399 926 533 978 naturaliter
550 923 656 977 omnihus
677 926 748 977 inest.
772 926 817 977 Sed
838 926 940 980 charitas

133 996 241 1047 fundetur
258 999 436 1064 superdandum
455 998 659 1051 communicatione
677 998 852 1064 supernaturali.
871 999 940 1051 Unde

134 1080 181 1119 uon
192 1068 319 1121 estsimilis
330 1070 396 1120 ratio.

166 1141 202 1192 td
215 1140 338 1191 secundum
353 1138 485 1203 dicendum,
498 1138 558 1203 qnod
571 1140 629 1191 sicut
646 1141 711 1191 Dens
725 1139 849 1191 secundum
864 1153 889 1192 se
902 1146 941 1193 est

134 1211 235 1262 maxime
252 1208 423 1274 cognoscibilis,
437 1222 483 1259 non
503 1214 581 1262 tamen
594 1210 608 1262 a
620 1212 697 1276 nobis,
716 1214 808 1276 pmuter
821 1211 942 1264 deiectum

135 1286 219 1334 nostre
245 1279 459 1345 mittendaque
476 1282 590 1345 dependet
607 1281 621 1333 d
638 1283 706 1334 rebus
726 1282 893 1350 mosibilltue3
907 1284 942 1335 ita

123 1352 205 1403 etiam
218 1352 278 1402 Deus
289 1352 314 1401 in
328 1366 353 1404 se
372 1355 406 1403 est
425 1352 526 1405 maxime
540 1354 672 1417 diligibilis,
685 1352 711 1405 in
724 1358 834 1419 quantum
846 1359 884 1405 est
895 1357 939 1407 ob-

133 1422 222 1489 jectum
239 1422 397 1475 beatitudinis.
412 1424 457 1475 Sed
469 1426 514 1475 hoc
526 1426 593 1476 modo
603 1437 651 1476 non
667 1429 702 1477 est
710 1425 810 1477 manime
818 1426 942 1488 diligibilis

164 1493 231 1545 nobis
244 1496 336 1561 propter
344 1494 516 1547 inclinationem
529 1496 624 1546 affectus
634 1496 707 1547 nostri
718 1496 746 1547 ad
760 1495 856 1546 visibilia
865 1496 939 1547 bona.

135 1566 199 1618 Unde
218 1569 297 1632 patet,
312 1568 372 1631 quod
389 1568 419 1625 ¹ad
439 1568 512 1619 ileum
525 1566 624 1619 maxime
643 1569 687 1619 hoc
699 1569 766 1619 modo
781 1568 939 1635 diligendum,

136 1650 228 1691 necesse
242 1642 278 1691 est
291 1638 352 1703 qudd
366 1639 450 1691 nostris
465 1640 570 1691 cordilus
584 1638 682 1689 charitas
693 1639 833 1691 infundatur.

167 1711 202 1762 ad
215 1708 307 1762 tertium
319 1712 451 1773 dicendum,
463 1710 524 1775 qudd
543 1710 596 1760 cinm
616 1710 715 1761 charitas
737 1709 820 1761 dicitnr
831 1711 856 1762 in
870 1714 942 1765 nubis

135 1784 258 1847 procedere
278 1798 292 1831 a
306 1796 336 1835 ex
349 1784 416 1835 conde
430 1796 501 1847 puro,
517 1785 541 1832 et
556 1781 699 1833 conscientia
709 1783 782 1844 bona,
798 1786 821 1832 et
834 1782 879 1833 fide
890 1797 942 1835 nun

136 1852 202 1918 ficta,
218 1870 232 1901 u
246 1854 291 1903 hoc
303 1854 447 1905 referendum
459 1858 493 1911 est
511 1854 540 1903 ad
558 1857 631 1903 actum
650 1854 767 1905 charitats
785 1852 833 1919 (l),
848 1854 890 1922 qni
909 1870 942 1907 ex

134 1922 259 1989 praemissis
274 1924 392 1974 excitatur.
410 1924 452 1975 Vel
474 1925 544 1975 ctiam
561 1926 606 1975 hoc
625 1924 719 1989 dicitur,
730 1924 784 1988 quia
804 1926 943 1989 hujusmodi

134 2001 197 2046 actus
214 1996 338 2059 disponunt
354 1996 470 2047 hominem
489 1997 517 2047 ad
532 1996 689 2061 recipiendum
704 1996 823 2047 charitadie
841 1998 942 2050 inlusio-

134 2080 196 2117 nem.
208 2067 238 2117 Et
250 2063 354 2117 similiter
364 2068 433 2117 etiam
446 2067 567 2119 dicendum
583 2069 620 2118 eut
630 2068 658 2118 dc
676 2081 703 2118 eo
716 2069 776 2132 qnod
794 2069 940 2132 augustinns

135 2138 190 2187 dicit
206 2139 216 2187 1
230 2138 314 2202 Epiet.
330 2138 401 2189 dcun.
420 2141 486 2189 tract.
501 2140 545 2201 ix,
558 2136 618 2203 qudd
633 2151 648 2187 u
661 2139 730 2190 timor
741 2139 865 2191 introducit
883 2142 940 2192 cha-

125 2208 238 2273 ritatem,
254 2224 267 2257 o
283 2212 306 2263 et
319 2210 346 2261 de
360 2212 404 2261 hoc
416 2212 478 2276 quod
491 2211 575 2263 dicitur
585 2211 610 2261 in
623 2212 704 2263 Glossa
716 2211 822 2278 notra,
834 2211 860 2277 1,
874 2213 938 2278 qudd

134 2296 149 2328 a
163 2279 219 2332 fides
234 2284 327 2345 generat
339 2296 413 2349 spem,
428 2287 451 2335 et
463 2296 517 2349 spes
530 2282 698 2335 charitatem.»

149 2474 154 2485 .
166 2410 197 2474 (1)
212 2415 344 2487 Ut'soillcet
354 2416 472 2469 ctuedtca,
483 2428 532 2463 non
542 2427 586 2474 uro
595 2418 686 2477 habito,
699 2417 740 2463 sed
751 2428 793 2476 pro
806 2420 861 2465 actu
872 2420 937 2466 accl-

120 2481 223 2537 »matun
232 2482 293 2526 sicut
305 2478 389 2551 ἀγάπη
404 2492 496 2539 quoque
514 2481 575 2528 solet
588 2481 703 2540 usurpant.
