1992 3317
122 158 156 211 lla
254 166 329 208 ιιιιιι
345 154 470 216 monna,
488 164 582 211 onmsr.
600 163 677 213 curu,
696 162 751 202 aar.
767 161 786 200 ι.

127 246 233 299 charitas.
245 261 258 293 ι)
274 244 342 309 llaJis
355 257 408 309 ergo
422 242 526 296 remissio
536 245 682 309 peccalorum
695 238 771 291 debuit
782 239 962 295 denominari

127 318 211 382 adde,
226 317 264 368 rel
277 317 290 367 a
303 315 427 379 charitate,
445 314 514 381 quam
524 314 538 366 ιι
548 314 645 381 justitia.

159 394 182 441 ιι.
196 390 323 453 Praeterea,
337 387 441 440 remissio
460 390 604 469 peccatorum
619 386 679 436 idem
699 396 748 435 esse
765 383 863 435 ridetur
880 391 964 451 quod

126 460 231 525 roratio,
244 464 337 512 vocatur
350 460 412 512 enim
430 459 471 524 qui
484 458 570 521 distat;
585 457 654 508 distat
668 459 744 506 aulem
757 453 879 519 ιιίιιιιὶιιιι
899 460 964 512 Deo

126 538 302 599 perpetratum
315 530 457 583 Sedvocatio
467 526 791 595 justificationemprecedit,
803 532 964 585 mouendum

126 605 183 657 illud
194 606 275 665 Rom
289 605 358 654 lllll:
373 621 387 652 u
397 603 458 663 Quos
472 600 578 665 uocauit,
593 602 636 651 hos
649 603 672 650 et
684 597 829 663 justificavit
844 616 861 647 r>
880 600 963 664 Ergo

122 674 258 741 iustihcatio
268 688 314 726 non
329 678 365 725 est
382 674 486 725 remissio
501 676 655 737 peccatorum.

159 748 205 799 Sed
220 751 362 808 commeat,
378 744 437 809 quod
453 748 534 803 llom„
548 744 696 807 lllllsnper
707 742 778 792 rllud
791 742 887 800 ‹rQuos
900 760 962 799 vo-

127 818 195 879 carit,
212 819 254 867 hos
264 820 286 866 el
296 785 442 899 justificavit,
453 833 466 863 ι)
477 814 532 867 dicit
545 815 651 865 Glossa.
665 831 680 861 ιι
693 810 838 864 demissione
854 828 962 879 pecca.

127 894 210 940 lorum
226 891 308 952 »Ergo
322 888 424 939 remissio
441 891 585 954 peecatorum
598 891 634 938 est
645 885 788 951 justificatio.

129 961 318 1023 (concursio.
332 960 404 1010 -lla
415 956 549 1024 Justillmtio
559 973 609 1023 qua
622 960 646 1008 lit
661 958 806 1021 posmodum
819 959 961 1025 simplicis

128 1031 272 1095 mutationis,
287 1046 331 1083 non
346 1034 381 1083 est
394 1030 497 1082 remissio
511 1033 672 1112 peccatorum,
691 1029 732 1080 sed
746 1028 819 1080 solum
832 1030 959 1093 justitiae

130 1102 261 1167 acquisitio;
270 1116 321 1169 qum
331 1102 386 1154 rard
397 1102 493 1153 dicitur'
487 1102 551 1167 rmpir
545 1102 704 1167 justificatio,
717 1103 744 1151 de
754 1114 799 1165 qua
809 1100 852 1151 hic
862 1105 960 1159 solum

129 1186 210 1239 sermo,
223 1180 259 1226 est
271 1190 323 1226 cum
337 1188 378 1240 per
391 1176 483 1225 modum
498 1177 574 1225 motus
587 1175 615 1225 de
628 1174 741 1225 contrario
754 1173 779 1223 in
792 1177 960 1233 contrarium

130 1246 186 1308 ilat,
201 1252 235 1299 est
252 1248 355 1299 remissio
364 1251 510 1312 peccatorum
526 1260 578 1296 cum
591 1246 740 1311 acquisitione
750 1244 883 1311 justitio.)

130 1333 137 1345 ι
161 1320 298 1383 despondeo
311 1319 446 1381 dicendum,
461 1316 522 1382 quod
533 1317 666 1382 J'uslillcatio
679 1315 771 1381 passive
782 1323 885 1383 accepta
904 1323 961 1375 im.

130 1395 206 1457 portat
223 1394 308 1441 motum
326 1390 354 1439 ad
368 1390 496 1454 justitiam,
507 1390 564 1441 sicut
576 1394 600 1441 el
612 1389 731 1441 calefactio
748 1392 835 1442 morum
851 1392 888 1443 ad'
910 1411 960 1448 ca-

132 1463 211 1514 lorem.
229 1463 284 1513 Cum
304 1464 379 1511 autem
392 1461 483 1525 justitia
498 1461 527 1511 de
543 1459 679 1511 scitatione
692 1460 799 1525 importet
812 1466 957 1524 quamdam

132 1533 290 1585 rectitudinem
306 1532 405 1596 ordinis,
420 1530 541 1596 dupliciter
557 1531 630 1596 accipi
642 1535 725 1597 potest.
746 1531 796 1582 Uno
811 1534 886 1584 modo
911 1551 960 1589 se-

133 1606 230 1655 cundum
246 1606 305 1668 quod
317 1605 424 1668 importat
438 1603 539 1656 ordinem
554 1608 643 1655 rectum
656 1604 681 1653 in
695 1604 745 1668 ipso
759 1607 810 1653 actu
823 1604 955 1662 hominis.

133 1679 162 1728 lli
174 1678 296 1729 secuudum
307 1678 350 1727 lunc
361 1676 451 1741 justitia
461 1675 554 1741 ponitur
563 1676 638 1727 rirlus
650 1676 765 1740 quadani,
781 1674 830 1725 sire
843 1676 877 1727 sit
888 1694 957 1745 par.

133 1748 232 1800 ticularis
244 1748 346 1811 justitia,
359 1763 408 1813 quac
421 1748 511 1799 ordinat
529 1752 606 1798 actum
616 1747 716 1799 hominis
732 1748 858 1798 secundum
870 1755 957 1805 recti·

134 1821 234 1871 tudinem
248 1822 271 1871 in
286 1820 453 1885 comparatione
468 1822 496 1870 ad
510 1819 579 1869 alium
593 1820 732 1884 singularem
744 1818 879 1885 hominem;
892 1825 955 1876 siro

134 1893 165 1942 sit
174 1892 264 1955 Juslitia
276 1892 371 1959 legalis,
389 1907 439 1957 quae
453 1892 543 1945 ordinat
562 1892 686 1944 secundum
700 1892 860 1944 rectitudinem
872 1902 956 1948 actus

133 1962 232 2013 hominis
245 1963 269 2013 in
284 1964 451 2027 comparatione
468 1964 495 2014 ad
506 1964 593 2015 honum
603 1977 724 2015 commune
734 1963 906 2033 multitudiuis,
921 1976 955 2020 ut

134 2037 197 2097 patet
211 2034 235 2084 in
248 2036 276 2085 ll.
291 2034 376 2085 stuic.
394 2034 442 2086 alio
457 2036 524 2087 modo
538 2037 621 2087 dicitur
634 2036 726 2101 justitia
739 2039 807 2099 prout
824 2035 953 2101 importat

135 2106 293 2157 rectitudinem
310 2106 430 2169 quamdam
451 2107 537 2159 ordinis
559 2108 584 2157 in
598 2108 647 2172 ipsa
664 2107 768 2158 interiori
785 2107 951 2172 dispositione

135 2178 249 2241 hominis,
262 2180 329 2243 prout
346 2176 434 2229 scilicet
451 2193 582 2244 supremum
602 2178 700 2231 hominis
714 2177 818 2229 subditur
833 2180 905 2247 Deo,
925 2192 952 2235 el

136 2249 255 2300 interiores
275 2250 334 2300 vires
350 2248 437 2301 anime
454 2251 582 2301 subduntur
594 2264 719 2317 suprema,
737 2249 825 2301 scilicet
843 2252 949 2307 rationi.

136 2320 164 2370 Et
177 2322 236 2370 hanc
249 2320 318 2372 etiam
329 2319 503 2385 dispositionem
514 2327 580 2373 uocat
591 2323 745 2387 Philosophus
757 2322 782 2372 in
796 2322 825 2372 V.
838 2323 949 2388 Ειιιιέυ

135 2390 248 2455 justitiam
262 2392 416 2457 metaphorice
433 2394 525 2445 dictam.
540 2396 594 2446 llaec
612 2399 688 2447 autem
698 2394 786 2459 J'ustilia
801 2394 826 2443 in
843 2395 950 2452 homine

137 2467 212 2527 polest
224 2463 275 2514 lieri
288 2463 416 2545 dupliciter.
425 2466 474 2517 Uno
484 2466 578 2547 puidam
587 2468 655 2517 modo
657 2480 715 2531 pe,r
725 2466 817 2517 modum
826 2465 950 2533 simplicis

136 2534 304 2598 generationis,
315 2535 354 2600 qni
368 2539 402 2587 est
415 2550 445 2587 cu
458 2536 586 2601 priuatione
602 2539 631 2589 ad
644 2539 749 2590 formam.
761 2538 791 2588 Et
803 2538 849 2589 hoc
859 2544 946 2607 modo,

134 2606 266 2669 justificatio
284 2610 362 2673 posset
379 2612 507 2673 competere
523 2610 592 2661 etiam
605 2610 628 2660 ei
641 2610 681 2675 qui
699 2623 745 2661 non
757 2611 843 2661 esset
836 2623 862 2661 ιιι
884 2627 947 2677 pec-

136 2680 198 2739 cato,
214 2678 266 2729 dum
279 2678 411 2760 hujusmodi
426 2680 560 2744 justitiam
554 2696 568 2732 a
580 2683 631 2733 Deo
644 2682 774 2745 acciperet,
791 2680 851 2732 sicum
868 2685 947 2737 acam

136 2747 216 2799 dicitur
229 2751 345 2815 accepisse
362 2750 495 2833 originalem
508 2753 630 2819 justiliam.
647 2752 698 2812 llio
713 2754 780 2805 modo
793 2756 878 2827 potest
889 2756 945 2809 fieri

135 2820 266 2885 hujusmodi
279 2821 392 2887 justitia
385 2836 412 2874 ιιι
418 2824 521 2878 homine
538 2826 662 2880 smundum
680 2825 793 2879 rationem
803 2830 883 2880 motus
901 2831 946 2895 qui

136 2890 170 2943 e'st
185 2892 213 2943 de
227 2892 379 2948 contrariom
394 2896 547 2965 contrarium,
565 2903 589 2955 ot
602 2898 728 2954 soomdum
741 2899 787 2953 hoc
800 2897 945 2963 luctificatio
