1992 3317
137 154 183 205 Μ
249 162 360 205 acorna
376 163 507 216 mouns,
522 164 616 211 oum.
632 164 705 216 mv,
721 164 777 205 aar.
794 168 820 206 x.

167 242 201 293 td
215 240 307 293 tertium
321 240 527 304 dannamaria
542 241 639 306 parienti
649 242 719 293 οῐίειιι
729 242 875 295 incurihte
881 257 939 309 pro·

137 313 232 376 hnunt3
249 314 289 365 ned
304 326 351 366 non
367 316 404 364 est
416 313 444 363 ad
456 313 502 363 hoc
515 312 648 378 principiis
662 326 740 365 eonon
754 326 821 374 cara,
836 316 878 366 ned
889 317 941 379 jam

137 398 214 437 mrum
225 386 324 438 studium
337 386 397 437 circa
411 386 455 435 hac
466 384 566 436 maximi
579 388 692 448 versatur,
702 389 728 435 ut
739 385 786 436 heo
799 385 941 439 murana.

137 458 165 509 Et
181 457 284 520 uuanda
298 457 367 508 etiam
378 459 422 508 hoc
432 460 535 521 queram
551 460 575 507 et
587 455 726 522 incipientes
735 460 760 510 et
773 458 937 523 proicientes,

138 532 214 581 nmen
233 528 307 592 magia
326 529 429 580 sentiunt
444 528 505 580 circa
517 528 561 580 alia
579 541 644 579 ernm
657 528 836 581 whicitndinem
854 545 861 580 :
881 530 942 583 inci·

136 599 226 665 piantm
239 599 348 663 quidem,
363 600 392 650 do
407 598 516 651 vitatione
529 604 689 665 peccaterum,
701 601 848 666 permutor
867 602 940 666 reid,

139 670 167 723 de
180 672 284 737 protecto
297 672 413 723 rirtntnm.

437 833 596 885 innectus
611 832 641 883 X.

333 949 421 1002 (lirina
430 946 539 996 anunm
545 949 620 1005 pondi
628 948 742 995 Mutet.

168 1068 202 1119 hd
216 1066 329 1119 decimum
339 1066 372 1117 sic
385 1066 514 1131 proceditur
526 1065 572 1130 (i).
581 1064 676 1117 Videtur
687 1063 747 1129 puhd
757 1065 856 1117 charitas
865 1067 940 1131 possit

135 1138 244 1191 diminui.
264 1140 380 1191 Contraria
398 1139 458 1189 enim
478 1142 531 1190 nata
546 1143 600 1190 sunt
613 1139 663 1189 tieri
674 1138 733 1190 circa
751 1140 812 1190 idem
825 1139 834 1203 (
845 1153 874 1191 cx
886 1154 939 1205 cap.

135 1212 162 1263 de
186 1211 316 1277 oppositis,
333 1224 412 1261 versus
431 1210 528 1275 tinem).
543 1211 588 1263 Sed
606 1212 760 1276 augmentatio
780 1212 807 1262 et'
818 1212 941 1263 diminutio

135 1286 189 1333 sunt
202 1282 324 1331 contraria.
336 1280 393 1331 Cirm
406 1295 461 1346 ergo
475 1283 573 1336 charitas
587 1289 703 1350 augeatur,
715 1285 741 1334 ut
754 1283 839 1335 dictum
855 1287 891 1335 est
900 1299 940 1335 su-

135 1352 189 1417 pra,
208 1352 298 1404 ridetur
312 1353 382 1403 etiarn
402 1353 462 1417 quod
477 1354 550 1419 possit
565 1356 669 1407 diminui.

165 1428 189 1473 2.
205 1422 325 1485 Praeterea,
337 1424 477 1491 Augustinus
487 1426 517 1478 X.
529 1428 602 1492 Coos.
615 1432 682 1492 (cap.
691 1432 721 1479 29
730 1427 751 1491 ),
768 1428 795 1477 ad
809 1428 884 1477 heum
903 1428 939 1479 lo·

133 1506 205 1559 quens
221 1493 275 1544 dicit
292 1510 297 1543 z
315 1512 328 1543 u
340 1496 414 1547 Minus
428 1500 451 1547 te
466 1501 527 1547 amat
545 1497 586 1563 qui
600 1503 675 1550 tecum
690 1497 774 1562 aliquid
793 1498 863 1546 amat.
883 1517 893 1541 ι
909 1500 940 1548 Et

133 1562 158 1617 in
169 1565 209 1617 lih.
222 1566 342 1617 Lxxxlh.
354 1566 396 1617 Ubi
411 1567 477 1629 dicit,
489 1568 550 1633 qudd
562 1587 576 1617 u
588 1571 754 1621 nutrimentum
767 1567 886 1618 eharitatis
902 1574 939 1620 cst

133 1637 252 1691 diminutio
265 1640 408 1703 cupiditatis.
419 1656 432 1687 u
443 1640 477 1689 Ex
489 1655 534 1703 quo
545 1641 644 1701 uidetur,
655 1639 793 1704 quodetiam
803 1652 815 1689 e
826 1641 940 1693 conrersh

133 1714 279 1775 augmentum
294 1711 424 1775 rupiditatis
438 1712 469 1761 sit
484 1711 605 1763 diminutio
618 1712 746 1763 charitatis.
762 1711 807 1761 Sed
820 1711 938 1775 cupiditas

93 1812 96 1817 -
132 1796 177 1845 qua
193 1786 281 1833 amatur
296 1782 382 1846 aliquid
398 1782 458 1831 aliud
472 1783 540 1847 quam
551 1783 625 1845 heus,
641 1787 717 1847 potest
730 1782 755 1833 in
769 1783 864 1833 homine
875 1796 938 1835 cres-

132 1864 191 1903 cere.
207 1853 266 1917 Ergo
280 1852 379 1902 charitas
394 1856 469 1916 potest
482 1853 589 1904 diminui.

164 1928 186 1971 a.
201 1922 326 1985 praterea,
339 1923 399 1973 sicut
414 1924 556 1987 Augustinus
567 1924 622 1975 dicit
631 1926 690 1976 iiiii.
706 1939 783 1989 saper
797 1924 884 1976 Genea.
900 1929 938 1977 ud

131 1987 262 2053 litterani,
275 2010 289 2041 a
299 1994 350 2044 Non
363 1994 395 2046 ita
414 1997 473 2046 heus
491 2000 598 2060 operatur
610 1996 725 2047 hominem
734 1995 834 2059 iustum,
847 1995 937 2060 justiti-

131 2064 203 2114 cando
222 2077 290 2126 eum,
309 2067 335 2114 ut
349 2064 368 2115 si
385 2067 533 2130 abscesserit,
550 2071 641 2118 maneat
663 2067 688 2116 in
710 2067 847 2119 abscedente
872 2072 935 2135 qnod

131 2134 193 2185 fecit.
212 2136 263 2185 »Ex
277 2148 321 2197 quo
332 2140 408 2201 potest
420 2136 493 2203 accipi
507 2137 566 2201 qudd
578 2140 658 2190 eodem
669 2138 736 2189 modo
747 2139 809 2189 licus
825 2146 935 2205 operatur

131 2205 155 2255 in
171 2206 277 2269 homine,
292 2206 423 2257 charitatem
435 2210 486 2273 ejus
496 2210 666 2273 conservando,
678 2223 723 2275 quo
735 2214 842 2274 operatur
854 2211 931 2275 primd

130 2276 152 2327 ei
169 2276 303 2327 charitatem
319 2277 468 2330 infundendo.
483 2280 527 2331 Sed
544 2282 568 2330 in
585 2281 658 2345 prima
673 2281 790 2331 charitatis
803 2280 930 2345 infusione,

130 2347 238 2399 minusca
250 2350 385 2412 praeparanti
400 2351 458 2401 heus
473 2350 584 2402 minorem
597 2352 728 2403 charitatem
741 2352 853 2403 infundit.
872 2354 935 2417 Ergo

132 2418 201 2469 etiam
213 2419 241 2468 in*
250 2420 425 2471 conservatione
436 2422 568 2485 charitatis,
577 2423 653 2473 minus
669 2438 694 2473 se
708 2427 846 2487 praeparanti
859 2424 936 2476 mino-

130 2502 178 2540 rem
194 2490 327 2541 oharitatem
342 2496 469 2543 conseruat.
485 2494 564 2543 Potest
576 2508 630 2558 ergo
644 2494 742 2545 charitas
755 2494 862 2545 diminui.

161 2562 206 2613 Sed
223 2565 428 2627 contraeundum
439 2566 572 2615 charitasin
584 2566 701 2632 Scriptura
715 2566 764 2632 igni
776 2572 933 2635 comparatur,

132 2635 255 2685 secundum
269 2634 324 2685 iilud
338 2636 422 2697 Cant,
437 2638 486 2688 Viti
496 2652 503 2687 ε
515 2654 529 2685 a
541 2639 667 2703 tampades
679 2640 730 2703 ejus
746 2638 842 2703 (scilicet
856 2640 935 2691 chari-

132 2705 195 2771 tatis)
210 2707 325 2771 lampades
337 2708 398 2773 ignis
410 2712 477 2774 atque
494 2710 670 2761 flammarum.»
686 2712 729 2762 Sed
744 2711 805 2774 ignia
820 2713 931 2776 quamdin

164 2813 196 2877 (t)
211 2816 289 2863 Dahis
300 2818 372 2877 adana
382 2821 408 2881 1,
418 2820 496 2873 Seni..
509 2820 563 2869 (tet
575 2819 622 2884 tt,
635 2834 676 2879 uu.
688 2822 716 2883 Ξ,
729 2827 774 2869 art.
784 2821 812 2877 o;
824 2823 932 2884 etqua,

130 2878 158 2927 de
170 2879 242 2941 maio,
255 2884 301 2928 art·
312 2881 337 2927 S.
