1992 3317
389 161 422 195 nu
437 160 542 197 unaasr.
820 154 864 199 isit

61 238 234 287 rietesroleutes
250 234 371 295 conuerti,
388 235 418 285 ab
435 233 537 283 Ecclesia
548 234 705 299 suscipiuntur.
724 237 783 301 Ergo
798 238 866 289 ctiam

60 308 156 359 Deretini
172 311 229 357 snut
250 304 392 368 recipiendi.

87 381 129 430 Sed
138 383 219 428 rauna
231 382 283 437 est,
294 376 357 439 quod
368 374 502 433 Decretalis,
514 372 554 423 Ad
565 375 724 437 abolendam,
736 379 792 430 licit
805 380 867 444 quirat

9 497 10 502 ,
62 450 195 514 «annui
209 452 267 512 post
287 445 459 510 abjurationem
478 446 561 496 erroris
581 447 715 511 deprehensi
736 450 823 501 inerint
842 451 867 501 in

61 523 179 585 abjuratam
205 517 319 570 aaemsim
341 515 468 577 recidisse,
484 517 579 567 seculari
600 518 689 581 judicio
716 525 772 571 suut
794 522 866 573 reliu-

62 594 150 657 quenti.
163 608 176 638 u
189 594 242 641 Non
256 602 314 652 ergo
333 588 362 637 ab
376 587 480 637 Ecclesia
497 591 550 638 sunt
563 588 699 653 recipienti.

94 665 257 724 (Comccsro.
273 687 308 698 -
324 660 468 720 Quamquam
490 658 590 709 haretici
610 665 751 714 revertentes
772 675 863 727 semper

62 735 177 801 recipiendi
188 734 237 786 sint
248 734 278 783 ad
289 729 466 795 paenitentiam,
478 730 665 795 quotiescumque
674 733 757 797 relapsi
766 734 861 799 luerint,

62 820 104 856 uon
113 812 187 856 umen
199 816 295 866 semper
306 805 363 851 suut
377 800 517 863 recipiendi,
528 805 551 851 et
567 802 699 853 restituenti
712 805 740 855 ad
753 804 864 855 bonorum

62 878 129 938 huius
137 877 191 925 ritae
203 873 420 939 participationem.
433 867 441 934 )

92 948 221 1010 Despuuleo
243 944 384 1005 dicendum,
410 940 471 1005 quiid
491 942 607 1003 Ecclesia,
629 944 751 993 secundum
773 944 864 995 Domini

62 1016 231 1078 institutionem,
243 1014 383 1066 charitatem
393 1026 458 1063 suam
473 1012 575 1065 extendit
585 1014 614 1063 ed
627 1026 719 1076 omnes,
729 1028 775 1065 nun
788 1016 862 1067 soluru

60 1090 240 1153 aninesiorum
251 1086 324 1137 etiarn
335 1084 442 1135 inimicos
454 1086 478 1132 et
486 1089 664 1148 persequentes,
675 1086 798 1134 secunlum
807 1084 865 1137 illua

57 1163 153 1216 Mutat„
172 1160 191 1207 V
211 1177 218 1207 :
237 1174 252 1205 a
267 1156 360 1217 Diligite
380 1154 485 1204 inimicos
506 1160 609 1220 vestros,
622 1154 750 1207 Deneiucite
772 1156 808 1206 iris
826 1158 865 1219 qui

57 1235 146 1282 oderunt
158 1243 211 1281 vos.
222 1245 238 1276 u
251 1227 359 1278 Pertinet
369 1228 445 1275 autem
454 1226 482 1275 ad
492 1227 635 1288 charitatem,
647 1232 673 1277 ut
684 1226 768 1290 aliquis
779 1227 864 1281 honum

55 1302 146 1364 proximi
162 1307 188 1351 ct
198 1300 259 1349 velit
269 1301 295 1347 et
308 1300 423 1361 operetur.
439 1296 480 1345 Est
489 1301 564 1347 auteur
577 1298 660 1361 duplex
669 1298 774 1349 Donum:
791 1312 862 1349 unum

56 1375 139 1436 qnidam
157 1371 284 1437 spirituale
291 1381 303 1430 ,·
317 1367 406 1418 scilicet
422 1368 484 1417 salus
502 1368 594 1431 animae,
615 1368 675 1431 quod
695 1370 860 1433 particulariter

57 1444 140 1507 respicit
148 1443 264 1503 chantas3
275 1442 323 1490 troc
331 1438 395 1488 enim
405 1436 501 1501 quilibet
509 1452 537 1488 ex
544 1440 654 1489 charitate
664 1440 731 1491 lebet
740 1440 779 1490 alii
787 1442 856 1495 retia.

57 1515 114 1565 l'nde
128 1520 240 1578 quantum
255 1512 287 1563 ari
300 1513 360 1572 hoc,
379 1509 482 1561 heretici
500 1513 654 1571 reuertentes,
668 1515 857 1573 quotiescumque

55 1587 135 1649 relapsi
152 1586 254 1648 luerint,
265 1583 295 1633 ab
312 1580 415 1636 Eutresia
434 1580 575 1643 recipiuntur
591 1583 618 1633 al
631 1580 805 1644 penitenciam,
818 1594 858 1644 per

55 1668 121 1717 quam
131 1656 272 1718 inpenditur
284 1653 320 1703 eis
333 1650 372 1701 via
391 1650 480 1700 salutis.
491 1650 558 1701 iliud
571 1655 646 1701 aumru
658 1654 693 1701 est
704 1650 789 1701 honum
798 1651 859 1712 quod

53 1726 181 1777 secundario
196 1725 296 1791 respicit
309 1724 426 1785 charitas,
441 1722 528 1772 scilicet
540 1724 626 1774 bonurn
641 1720 782 1785 temporale,
798 1721 859 1771 sicut

54 1804 86 1848 cst
97 1799 143 1849 rita
155 1796 308 1862 temporalis,
325 1793 441 1859 possessio
455 1794 583 1853 mundana,
594 1799 618 1842 et
630 1793 690 1842 huna
703 1791 776 1851 lame,
790 1796 814 1841 et
827 1792 862 1843 rti-

54 1870 123 1929 quius
136 1867 318 1927 Ecclesiastico,
331 1865 381 1915 sire
394 1864 522 1915 securus.
533 1864 581 1915 linc
590 1863 652 1913 enim
664 1876 709 1912 non
721 1865 824 1913 tenemur
833 1876 862 1915 ex

54 1940 159 1991 cianute
179 1939 234 1989 alus
256 1938 331 1999 uelle,
347 1935 395 1985 uisi
408 1934 433 1984 in
447 1936 527 1985 ordine
542 1934 570 1987 ed
589 1931 684 1985 sautem
701 1937 821 1997 eternam,
838 1938 862 1985 et

54 2025 128 2062 corum
137 2016 162 2062 et
171 2011 281 2061 aliorum.
293 2008 359 2058 orne
368 2007 390 2057 si
398 2006 483 2069 aliquid
495 2008 523 2057 de
533 2005 662 2070 hujusmodi
673 2004 747 2069 bonis,
761 2005 862 2057 existens

55 2082 77 2129 iu
89 2095 143 2144 uuo,
152 2080 271 2145 impetire
281 2077 356 2143 possit
364 2080 472 2128 uternam
483 2078 578 2129 salutem
587 2076 612 2126 in
621 2076 706 2139 multis,
718 2090 764 2127 nou
773 2080 862 2140 oportet

58 2153 112 2211 quod
125 2166 155 2202 ex
164 2151 281 2202 chemate
292 2148 426 2213 hujusmodi
436 2148 520 2197 bonum
532 2146 553 2198 ei
571 2147 681 2209 velimus,
693 2150 733 2199 sed
746 2148 822 2212 potius
835 2152 861 2198 ut

57 2220 148 2271 uelimus
164 2234 219 2273 cum
238 2221 279 2270 illo
297 2232 389 2283 cumre3
403 2223 451 2267 tum
465 2218 519 2281 quia
540 2218 600 2267 salus
619 2218 858 2282 aterna-preferenda

59 2296 90 2338 rst
97 2292 156 2342 Dono
166 2289 309 2356 temporali,
320 2292 370 2339 tum
381 2288 435 2352 quia
446 2289 530 2338 bonnm
542 2288 664 2338 multorum
673 2290 791 2353 prefertur
801 2290 861 2340 bono

61 2363 128 2412 unius.
140 2363 166 2412 Si
180 2368 258 2413 autem
280 2359 384 2411 haretici
402 2364 541 2409 revertentes
555 2372 645 2423 semper
660 2360 822 2425 reciperentur,
838 2364 863 2413 ut

61 2438 247 2484 conservarentur
259 2433 284 2483 iu
294 2434 356 2493 vita,
371 2437 396 2483 et
412 2430 463 2481 aliis
480 2431 639 2495 temporalibus
653 2432 735 2493 bunis,
750 2437 827 2496 posset
837 2432 862 2481 in

62 2505 216 2567 prejudicium
231 2504 313 2555 sunus
325 2503 424 2554 aliorum
441 2504 486 2553 huc
500 2516 565 2565 esse,
581 2506 629 2553 tum
650 2506 717 2566 quia,
735 2504 755 2553 si
773 2502 862 2554 relabe-

63 2579 143 2638 rentur,
151 2577 209 2627 alius
219 2576 351 2639 inficerent,
361 2578 410 2624 tum
422 2574 490 2624 etiam
498 2575 553 2637 quia
563 2574 582 2623 si
592 2574 640 2623 siue
650 2586 716 2637 poena
726 2575 857 2633 euaderent,

63 2644 240 2698 aliisucuriusin
249 2646 355 2698 heresim
365 2645 502 2695 laberentur.
512 2645 597 2695 Dicitur
607 2644 667 2694 enim
679 2644 783 2704 Decies„
792 2645 842 2693 Viti
854 2660 859 2692 :

63 2788 153 2840 Erret„
168 2795 221 2839 XVI
236 2800 260 2838 et
275 2794 375 2844 ΧΧἯΙς
400 2792 465 2839 Oreo,
485 2793 531 2844 1V;
549 2792 667 2839 Notum,
681 2790 727 2841 ili;
743 2792 859 2837 Numer„

65 2851 125 2905 mi
140 2853 209 2911 Sap„
219 2857 282 2902 xlv.
