1992 3317
752 7 755 10 “
804 5 979 19 ‘'ff-*q

157 126 188 162 nrt
205 126 389 164 insinuamus
406 127 439 164 AD
454 128 546 164 susm
562 128 753 166 accusantum.
808 118 853 164 91⁹

55 200 169 252 maleficia
177 201 309 265 puniantur,
319 201 466 266 concoquitur
474 207 567 266 peccata
576 203 689 254 uitentur:
698 203 758 253 uode
767 203 853 257 Dect„

55 272 122 334 XIII,
141 275 301 336 postponam
318 273 443 324 seductoris
464 272 587 324 subditur:
609 291 624 321 a
641 274 672 323 iit
692 273 767 324 omnis
783 273 855 324 lsrael

54 343 154 392 audiens
162 342 258 404 timeat,
275 348 298 394 et
308 357 450 408 nequaquam
464 346 524 395 ultra
535 344 730 409 iaciatquippiam
741 346 811 409 hujus
822 345 856 395 rei

56 413 169 464 simile.»
188 414 282 464 Noceret
295 415 365 466 etiam
383 429 485 478 personae
504 415 540 465 cui
558 420 595 466 est
611 416 674 466 iliata
695 415 790 477 injuria,
804 429 856 479 qna

56 485 290 548 recompensationem
302 485 384 551 accipit
397 499 437 551 per
446 487 566 550 quamtum
575 487 741 539 restitutionem
753 486 855 547 honoris,

55 554 80 603 in
93 569 164 619 qoeua
176 555 317 619 injuriantis.

291 835 456 906 uinculo
473 838 612 903 LXVIII.

87 978 123 1023 De
132 975 313 1034 pertineamus
327 977 359 1023 cai
369 979 463 1036 juetam
476 980 670 1030 actualitatem,
679 981 709 1025 ἑο
719 984 825 1037 φιαιιων

244 1101 247 1109 Ι
347 1050 465 1095 articulos
479 1049 569 1096 aticiae.

90 1195 174 1262 Postea
188 1195 376 1253 considerandum
394 1197 430 1246 est
443 1195 470 1245 de
487 1194 526 1246 Iris
540 1209 591 1260 que
602 1195 720 1261 pertinent
733 1196 760 1246 ad
773 1197 859 1259 jmtam

56 1265 238 1316 accusationem.
358 1276 366 1290 ·

89 1339 121 1387 nt
134 1337 195 1387 circa
206 1338 250 1401 hqc
263 1341 395 1400 queruntur
408 1341 521 1402 quatuor:
536 1341 562 1388 1⁰
575 1337 655 1388 Uirium
668 1338 737 1389 homo
754 1350 859 1390 accusare

55 1412 176 1460 teneatur.
190 1413 217 1458 2⁰
228 1407 308 1460 Utrum
321 1410 437 1462 accusatio
448 1409 478 1460 sit
489 1408 593 1460 tacenda
605 1409 631 1458 in
641 1409 743 1473 scriptis.
758 1413 785 1458 3⁰
800 1411 861 1468 Quo

57 1481 127 1531 modo
148 1479 261 1546 accusatio
275 1479 305 1538 sit
317 1479 408 1540 uitiosa.
429 1484 455 1530 qo
473 1480 574 1538 Qualiter
585 1480 645 1532 maie
662 1484 795 1532 causantes
811 1481 858 1531 sint

58 1549 184 1614 puniendi.

362 1653 522 1704 ARTICULUS
535 1654 554 1704 I.

213 1777 300 1822 uerum
310 1777 377 1822 tomo
387 1781 496 1822 teneatur
505 1778 538 1822 cri
545 1777 715 1824 mmmmm,

89 1904 126 1954 Ad
139 1901 239 1968 primum
249 1903 284 1954 sic
295 1903 432 1967 proceditur.
441 1904 537 1954 Videtur
546 1903 606 1967 quod
619 1905 688 1954 homo
700 1915 747 1954 non
755 1906 861 1954 teneatur

58 1976 90 2028 ad
105 1975 269 2026 accusandam.
284 1973 365 2024 Nulius
381 1975 441 2034 euim
460 1980 582 2026 excusatur
600 1976 628 2026 ab
640 1974 773 2038 impletione
786 1973 864 2027 divim

54 2045 171 2110 precepti
178 2049 271 2114 propter
278 2045 465 2110 peccatumque
470 2047 519 2110 jam
528 2059 558 2096 ex
566 2059 608 2096 suo
617 2050 711 2110 peccato
718 2046 863 2096 commodum

58 2120 197 2180 reportaret.
215 2117 259 2167 Sed
276 2116 347 2179 aliqui
366 2120 460 2180 propter
472 2121 591 2181 peccatum
612 2118 736 2168 redduntur
751 2115 863 2166 inhabites

57 2189 87 2239 ad
99 2188 268 2249 accusandum,
282 2188 340 2238 siout
353 2187 550 2251 excommunicati,
561 2188 667 2251 iufames,
682 2192 706 2238 et
717 2187 752 2239 iili
760 2187 800 2250 qui
810 2190 863 2237 arnt

58 2260 88 2310 de
104 2257 231 2323 majoribus
242 2258 372 2309 criminibus
385 2259 500 2320 accusati,
509 2259 639 2322 quamnam
652 2257 740 2310 innoxii
756 2255 863 2308 demons-

59 2334 159 2382 trentur.
174 2331 233 2393 Ergo
251 2331 320 2380 homo
333 2343 379 2382 non
392 2334 481 2388 tenetur
495 2344 525 2381 ex
537 2335 653 2394 precepto
666 2329 746 2380 divino
758 2330 788 2380 ad
796 2342 864 2379 accu-

61 2403 170 2456 tandum.

91 2479 116 2523 a.
133 2475 263 2536 Praeterea,
272 2486 340 2524 omuc
355 2474 454 2524 debitum
470 2487 500 2524 ea
510 2474 619 2524 charitate
629 2473 754 2537 dependet,
766 2485 818 2535 quaa
827 2475 863 2522 est

61 2545 115 2606 finis
128 2544 255 2609 preculam
270 2547 330 2596 unde
343 2545 425 2600 dicitur
441 2547 520 2607 Rom„
530 2545 598 2594 Xlll:
614 2561 628 2592 a
638 2544 730 2595 Nemini
743 2543 864 2606 quidquam

63 2617 182 2679 debeata,
194 2617 239 2667 nisi
253 2620 278 2666 ut
289 2616 386 2666 invicem
396 2615 502 2680 diligatis.
521 2633 535 2663 n
548 2618 591 2668 Sed
604 2616 659 2666 iliud
669 2617 730 2680 quod
743 2619 779 2666 est
791 2615 865 2664 ohari-

62 2689 118 2738 tatis
130 2689 200 2740 homo
215 2687 282 2738 dehet
297 2687 415 2749 omnibus,
430 2687 553 2751 majoricus
569 2693 593 2737 et
612 2687 753 2750 minoribus,
767 2686 864 2736 subditIs

62 2764 86 2810 et
103 2758 214 2823 praelatis.
228 2757 284 2809 Cim
296 2772 349 2821 ergo
363 2757 449 2808 subditi
463 2771 510 2809 nou
524 2758 622 2813 teocam
638 2758 864 2823 praetatosamusare‚

61 2843 108 2880 nec
127 2831 228 2880 minores
249 2843 301 2880 suos
320 2829 439 2893 majores,
458 2834 484 2882 ut
505 2833 624 2894 perplura
642 2828 740 2893 capitula
758 2828 866 2892 probatur
